1854 3219
387 184 468 222 208
820 191 854 218 s.
891 189 1122 220 Amus’nm
1154 191 1337 220 Emscom

386 278 406 301 »
435 268 607 303 terram.
633 258 690 301 Et
709 256 876 302 factum
898 265 961 300 est
982 256 1056 301 sic.
1084 259 1141 302 Et
1154 256 1360 317 produxit
1377 265 1492 302 terra
1507 257 1687 302 herbam
1703 272 1776 319 pa-

386 349 406 372 »
432 329 547 385 buli,
568 344 716 373 semen
734 328 971 373 habentem
998 329 1257 374 sccundium
1280 344 1415 388 genus
1432 365 1443 385 ,
1469 339 1513 374 et
1533 329 1776 376 secundum

386 421 406 443 »
432 400 778 456 similitudinem⁷
804 409 847 445 et
872 398 1044 460 lignum
1065 399 1343 446 fructiferum
1366 400 1529 447 faciens
1551 401 1746 447 fructum
1761 437 1773 458 ‚

389 494 406 514 »
432 474 556 533 cujus
570 488 718 517 semen
730 472 822 533 ejus
840 471 886 516 in
904 487 955 517 eo
968 472 1023 518 sit
1037 471 1279 518 secundum
1299 488 1434 532 genus
1456 489 1586 534 super
1598 483 1774 519 terram.

388 563 408 585 »
435 546 493 588 Et
514 543 624 588 vidit
646 546 760 588 Deus
782 542 885 604 quia
907 543 1074 588 bonum
1096 553 1174 589 est.
1200 546 1259 588 Et
1280 542 1395 589 facta
1414 554 1478 589 est
1496 560 1673 606 vespera
1687 580 1699 601 ,
1734 554 1779 589 et

385 632 406 656 »
432 614 598 660 factum
625 624 688 660 cst
720 630 848 659 mane
878 615 968 661 dies
997 616 1168 661 tertius.
1199 633 1220 657 »
1245 615 1327 661 Hic
1353 615 1636 662 moderamen
1660 615 1779 662 ordi-

383 689 545 733 natoris
570 686 890 733 advertendum
911 697 996 745 est,
1034 697 1084 733 ut
1104 687 1312 749 quoniam
1339 686 1542 734 distincta
1574 687 1779 750 quaedam

383 768 581 804 creatura
603 768 667 804 cst
683 759 921 804 herbarum
939 769 1070 820 atque
1087 759 1311 818 lignorum
1332 759 1388 803 ab
1411 760 1552 820 specie
1565 769 1779 805 terrarum

384 839 429 875 et
467 846 680 892 aquarum
694 866 704 886 ‚
742 840 794 875 ut
843 831 889 875 in
931 830 1155 875 elementis
1189 831 1409 876 numerari
1454 847 1545 876 non
1578 831 1746 892 possint
1765 866 1776 888 ‚

383 917 578 947 seorsum
608 901 663 947 de
685 901 768 947 illis
789 901 1007 947 diceretur
1038 911 1089 946 ut
1113 902 1281 947 exirent
1302 901 1357 947 de
1384 911 1499 948 terra
1522 911 1566 947 et
1586 918 1780 948 seorsum

382 971 468 1017 illis
489 972 780 1017 redderentur
800 972 874 1017 illa
896 972 1044 1031 solita3
1068 982 1120 1017 ut
1141 971 1384 1019 diceretur:
1410 993 1430 1017 «
1454 976 1512 1018 Et
1532 972 1699 1019 factum
1717 983 1783 1019 est

386 1062 406 1085 »
425 1044 508 1103 sic3
529 1062 549 1085 »
567 1060 615 1088 ac
631 1044 790 1088 deinde
804 1053 1024 1104 repetetur
1035 1043 1156 1105 quod
1169 1044 1337 1090 factum
1355 1053 1419 1089 est
1440 1063 1449 1090 t
1467 1060 1661 1090 seorsum
1674 1060 1783 1106 quo-

384 1132 470 1177 que
502 1116 770 1160 indicaretur
804 1119 944 1161 Deum
971 1116 1126 1161 vidisse
1159 1118 1260 1178 quia
1294 1118 1461 1162 bonum
1492 1127 1556 1162 est
1587 1133 1595 1159 :
1634 1126 1781 1162 tamen
1847 1130 1850 1178 f

386 1188 489 1248 quia
510 1189 594 1232 fixa
630 1187 848 1233 radicibus
877 1189 1192 1234 continuantur
1214 1189 1336 1233 terris
1358 1199 1402 1233 et
1432 1198 1777 1247 connectuntur,

387 1259 467 1304 ista
489 1275 666 1321 quoque
689 1259 745 1304 ad
768 1260 973 1305 eumdem
992 1259 1108 1305 diem
1131 1261 1346 1322 pertinere
1368 1260 1572 1307 voluerit.

388 1419 418 1436 §A
424 1421 561 1438 mmm
566 1421 633 1439 m
638 1421 704 1438 ἏΜ
710 1421 775 1439 m
782 1421 1063 1439 umwwng'um
1069 1421 1137 1438 ἏἏ
1142 1420 1780 1439 tm>m=ummummmwwmmmm

882 1546 1101 1596 CAPUT
1137 1546 1286 1594 XIII.

387 1689 465 1736 De
495 1688 743 1736 versiculis
769 1695 838 1747 14,
867 1696 936 1747 15,
961 1699 1050 1735 etc.
1086 1688 1345 1735 Geneseos.
1381 1688 1668 1735 Luminaria
1693 1704 1780 1736 eur

844 1759 920 1805 die
933 1769 1107 1820 quarto
1123 1759 1336 1806 condita.

448 1901 610 1944 XXVI.
629 1918 648 1941 «
665 1901 729 1944 ΕΤ
753 1898 864 1944 dixit
885 1901 1000 1944 Deus
1018 1918 1026 1943 ε
1044 1898 1174 1943 Fiant
1189 1897 1420 1943 luminaria
1443 1898 1490 1943 in
1507 1898 1783 1943 firmamento

391 1988 412 2012 ³)
438 1970 566 2026 coeli,
584 1981 634 2016 ut
650 1970 826 2016 luceant
849 1986 978 2030 super
1000 1979 1181 2025 terram,
1207 1971 1252 2013 in
1282 1970 1608 2015 inchoationem
1631 1969 1716 2014 diei
1740 1978 1784 2013 et

392 2059 412 2082 >›
433 2042 588 2097 noctis‚
606 2050 650 2085 et
663 2050 712 2085 ut
726 2040 923 2085 dividant
936 2041 1049 2085 inter
1061 2039 1176 2084 diem
1189 2049 1232 2084 et
1245 2049 1437 2096 noctem,
1452 2050 1496 2085 et
1508 2041 1593 2085 sint
1605 2040 1650 2084 in
1663 2040 1784 2099 signa

392 2130 412 2153 »
440 2122 481 2156 et
499 2122 710 2173 tempora,
730 2121 773 2157 ct
790 2113 835 2156 in
849 2111 956 2168 dies,
975 2122 1018 2157 et
1040 2112 1085 2155 in
1103 2126 1255 2167 annos,
1273 2121 1316 2156 et
1337 2111 1423 2156 sint
1445 2113 1495 2156 in'
1507 2111 1784 2172 splendorem

392 2201 413 2225 >›
440 2183 484 2226 in
500 2184 774 2229 firmamento
794 2182 894 2228 coeli
906 2219 916 2239 ‚
942 2192 992 2227 ut
1008 2182 1186 2227 luceant
1202 2198 1332 2243 super
1350 2192 1524 2227 terram.
1542 2186 1599 2228 Et
1617 2182 1784 2227 factum

392 2272 413 2295 ³>
440 2263 504 2298 cst
528 2255 601 2299 sic.
628 2257 685 2300 Et
707 2254 811 2300 fecit
839 2258 952 2299 Deus
979 2253 1068 2299 duo
1087 2253 1317 2299 luminaria
1353 2270 1538 2314 magna,
1573 2253 1784 2298 luminare

394 2343 415 2365 >›
451 2327 588 2386 majus
611 2326 656 2369 in
680 2326 1004 2370 inchoationem
1027 2325 1134 2381 diei,
1162 2334 1204 2370 et
1236 2324 1451 2369 luminare
1482 2325 1627 2369 minus
1650 2325 1696 2369 in
1716 2325 1785 2369 in-

394 2415 414 2439 »
442 2399 717 2443 choationem
744 2399 905 2456 nocti53
932 2407 974 2442 et
994 2397 1139 2443 stellas
1167 2416 1176 2442 z
1198 2406 1241 2441 et
1256 2398 1401 2457 posuit
1429 2413 1478 2442 ca
1499 2400 1613 2442 Deus
1637 2397 1684 2440 in
1707 2397 1784 2441 fir-

394 2487 414 2510 »
438 2480 587 2515 mento
608 2470 731 2526 coeli,
767 2480 816 2515 ut
837 2471 1015 2515 luceant
1036 2485 1166 2530 super
1188 2477 1368 2525 terram,
1400 2477 1444 2513 et
1472 2477 1524 2513 ut
1543 2468 1629 2513 sint
1647 2467 1692 2512 in
1714 2468 1784 2513 in-

393 2559 414 2582 »
440 2542 718 2590 choationem
732 2543 818 2588 dici
842 2552 885 2588 et
908 2543 1047 2588 noctis
1062 2577 1074 2599 ,
1094 2551 1138 2587 et
1157 2550 1206 2586 ut
1230 2540 1429 2586 dividant
1450 2540 1564 2585 inter
1574 2539 1720 2586 lucem
1741 2549 1783 2585 et
