1854 3219
406 174 490 214 620
841 184 875 215 S.
913 186 1145 216 AUGUSTINI
1178 188 1359 216 Emscorx

399 251 514 296 secto
532 268 710 312 magna,
732 268 864 313 quani
889 252 1009 297 dives
1031 252 1103 297 ille
1125 252 1179 297 de
1203 253 1430 298 tormentis
1452 262 1495 297 et
1518 253 1708 297 tenebris
1725 253 1791 297 in-

399 322 608 379 ferorum,
626 333 715 368 tam
733 323 885 384 utique
903 322 957 368 de
974 322 1215 385 longinquo
1230 326 1260 380 ¹,
1277 339 1378 368 cum
1392 338 1600 383 maguum
1619 324 1793 368 chasma

399 404 508 439 esset
536 395 582 439 in
612 395 778 451 medio,
809 396 867 440 sic
899 405 1046 440 tamen
1073 395 1210 451 vidit,
1242 405 1293 440 ut
1318 396 1380 440 ibi
1414 394 1540 440 illum
1568 394 1794 456 quondam

398 474 701 526 contemptum
722 481 960 526 pauperem
982 476 1249 527 agnosceret.

458 539 614 581 LXVI.
652 540 760 590 Quae
790 537 822 582 si
849 538 907 582 ita
938 548 1062 594 sunt,
1100 538 1198 585 ideo
1229 540 1311 584 sub
1341 539 1464 584 terris
1497 538 1706 584 dicuntur
1722 536 1794 580 in·
1853 551 1854 576 1

396 607 478 652 feri
510 607 580 652 vel
613 609 875 664 creduntur,
904 610 1005 670 quia
1029 621 1323 670 congruenter
1352 611 1399 656 in
1421 609 1577 670 spiritu
1595 625 1672 670 per
1697 608 1793 655 illas
1853 596 1854 625 ³

398 678 692 739 corporalium
721 695 867 724 rerum
901 680 1208 725 similitudines
1237 681 1297 726 sic
1330 680 1709 736 demonstrantur,
1745 690 1796 726 ut

397 752 605 811 quoniam
629 750 940 797 defunctorum
956 753 1113 797 animae
1136 752 1285 798 inferis
1308 753 1468 813 dignae,
1487 754 1625 799 carnis
1649 769 1794 799 amore

395 834 711 883 peccaverunt,
737 825 821 869 hoc
851 825 909 868 eis
932 840 1009 885 per
1041 824 1135 870 illas
1166 824 1461 886 corporalium
1489 826 1795 871 similitudines

397 894 675 951 exhibeatur,
702 895 823 957 quod
842 896 923 956 ipsi
947 896 1068 941 carni
1090 906 1275 941 mortuae
1298 897 1430 952 solet,
1456 906 1505 941 ut
1527 897 1610 942 sub
1638 907 1795 942 terram

395 965 673 1011 recondatur.
701 968 898 1029 Denique
920 966 1047 1011 inferi
1069 983 1120 1012 co
1138 968 1261 1028 quod
1282 967 1395 1012 infra
1424 967 1532 1024 sint,
1557 968 1692 1013 latine
1717 984 1796 1028 ap-

393 1036 614 1097 pellantur
639 1057 647 1083 :
674 1038 785 1083 sicut
808 1047 954 1082 autem
983 1039 1226 1083 secundum
1250 1055 1407 1099 corpus
1439 1040 1472 1083 si
1493 1039 1699 1099 ponderis
1723 1040 1791 1084 sui

394 1107 592 1152 ordinem
605 1119 798 1164 teneant,
817 1108 1022 1154 inferiora
1036 1119 1138 1154 sunt
1154 1110 1299 1155 omnia
1318 1111 1514 1170 graviora
1533 1130 1540 1155 :
1560 1111 1619 1155 ita
1637 1126 1795 1155 secun-

394 1177 501 1221 dum
524 1179 724 1238 spiritum
748 1178 954 1225 inferiora
976 1190 1079 1225 sunt
1106 1180 1254 1225 omnia
1281 1181 1469 1225 tristiora
1496 1201 1504 1226 :
1532 1180 1652 1225 unde
1678 1190 1721 1225 et
1744 1181 1792 1224 in

396 1265 536 1309 graeca
557 1249 706 1309 lingua
729 1253 850 1311 origo
872 1252 1075 1307 nominis,
1092 1268 1181 1313 quo
1196 1251 1473 1312 appellantur
1488 1251 1632 1307 inferi,
1654 1256 1789 1306 (ἀώδης)

395 1336 448 1364 ex
476 1337 527 1365 eo
556 1322 678 1382 quod
709 1323 821 1367 nihil
851 1339 980 1368 suave
1018 1324 1237 1379 habeant,
1278 1339 1478 1368 resonare
1511 1323 1784 1384 perhibetur.

391 1394 480 1437 Nec
502 1392 639 1452 ipsam
661 1403 808 1438 tamen
831 1410 976 1439 rerum
999 1404 1168 1454 partem
1194 1403 1340 1438 noster
1368 1393 1564 1439 Salvator
1587 1403 1791 1439 mortuus

394 1477 475 1522 pro
501 1463 628 1508 nobis
650 1463 825 1507 visitare
850 1465 1133 1524 contempsit,
1160 1473 1209 1509 ut
1230 1464 1333 1509 inde
1356 1464 1542 1509 solveret
1565 1479 1674 1523 quos
1703 1478 1795 1508 esse

398 1532 629 1578 solvendos
651 1533 893 1578 secundum
914 1534 1106 1578 divinam
1124 1544 1423 1594 secretamque
1439 1534 1653 1594 justitiam
1671 1534 1797 1593 igno-

394 1620 489 1648 rare
524 1620 615 1648 non
656 1605 816 1663 potuit.
850 1607 1128 1663 Quapropter
1165 1604 1322 1647 animae
1354 1603 1470 1648 illius
1507 1603 1688 1648 latronis
1724 1605 1796 1649 cui

394 1675 502 1719 dixit
528 1695 536 1719 ;
569 1695 589 1717 ‹<
619 1675 761 1719 Hodie
789 1690 966 1719 mecum
997 1675 1076 1718 eris
1106 1675 1151 1717 in
1180 1675 1404 1734 paradiso¹
1424 1711 1435 1730 ⁷
1470 1693 1491 1716 n
1517 1691 1607 1720 non
1641 1676 1796 1736 utique

395 1745 557 1791 inferos
580 1747 798 1806 praestitit,
818 1746 896 1790 ubi
919 1762 1064 1805 poenae
1087 1755 1190 1790 sunt
1209 1755 1491 1806 peccatorum
1515 1766 1523 1791 :
1549 1746 1627 1791 sed
1649 1756 1725 1792 aut
1748 1747 1796 1791 il-

394 1819 482 1863 lam
510 1819 703 1880 requiem
733 1819 850 1863 sinus
884 1818 1103 1875 Abrahae3
1139 1834 1229 1862 non
1259 1818 1376 1862 enim
1415 1817 1578 1863 alicubi
1608 1833 1699 1863 non
1730 1829 1795 1863 est

395 1891 615 1945 Christus,
652 1906 754 1935 cum
787 1891 879 1950 ipse
910 1890 964 1933 sit
1005 1890 1224 1949 Sapientia
1258 1889 1336 1933 Dei
1374 1890 1590 1948 attingens
1629 1890 1796 1950 ubique

395 1971 574 2023 propter
596 1976 720 2005 suam
742 1959 1032 2004 munditiam²
1056 1979 1065 2004 :
1091 1969 1166 2004 aut
1188 1959 1314 2003 illum
1337 1958 1588 2019 paradisum
1603 1996 1614 2015 ‚
1638 1960 1727 2005 sive
1749 1961 1794 2004 in

396 2034 523 2077 tertio
552 2032 692 2087 coelo,
719 2032 807 2077 sive
836 2031 1105 2091 ubicumque
1129 2030 1234 2074 alibi
1256 2040 1341 2085 est,
1373 2047 1462 2091 quo
1486 2041 1585 2090 post
1614 2032 1793 2076 tertium

396 2104 560 2148 coelum
578 2113 642 2148 est
665 2113 813 2163 raptus
836 2101 1096 2162 Apostolus:
1125 2102 1159 2146 si
1182 2111 1328 2146 tamen
1351 2118 1442 2146 non
1466 2102 1631 2162 aliquid
1654 2117 1793 2146 unum

396 2184 460 2219 est
481 2175 657 2219 diversis
680 2173 933 2219 nominibus
955 2171 1247 2232 appellatum,
1269 2172 1347 2216 ubi
1375 2182 1478 2216 sunt
1505 2173 1662 2217 animae
1688 2174 1793 2217 bea—

402 2256 562 2292 torum.

458 2319 636 2361 LXVII.
676 2317 719 2361 Si
751 2330 852 2374 ergo
885 2314 1049 2360 coelum
1081 2315 1273 2374 primum
1298 2323 1414 2358 recte
1445 2314 1681 2374 accipimus
1704 2314 1789 2359 hoc

397 2403 528 2432 omne
546 2402 804 2447 corporeum
821 2385 1011 2445 generali
1029 2386 1206 2429 nomine
1214 2383 1433 2446 quidquid
1442 2394 1645 2444 estsuper
1660 2400 1793 2444 aquas

398 2470 440 2505 et
481 2468 667 2517 terran13
701 2458 944 2503 secundum
977 2467 1149 2513 autem,
1184 2458 1229 2501 in
1261 2456 1546 2502 similitudine
1574 2455 1790 2516 corporali

449 2554 456 2569 ¹
486 2549 562 2580 Luc.
584 2557 648 2583 xvi,
668 2545 722 2579 23.
754 2563 789 2569 -·
809 2543 1061 2586 21d.mn‚43.
1091 2542 1159 2568 ——3
1185 2544 1258 2586 Sap.
1279 2555 1338 2585 vn,
1357 2543 1412 2585 21.
