1854 3219
410 187 493 224 516
854 199 886 223 s.
924 197 1153 225 Ateusrim
1186 199 1366 226 eriscom

406 281 426 303 »
462 262 588 306 nobis
610 261 654 304 in
689 260 991 318 cognoscendo
1021 262 1188 307 bonum
1220 273 1262 308 ct
1288 263 1469 307 malum.
1502 267 1558 308 Et
1590 279 1707 309 nunc
1742 281 1796 310 ne

404 351 425 374 »
461 331 698 392 aliquando
731 331 936 376 extendat
958 348 1135 378 manum
1155 350 1304 390 suam,
1340 344 1384 379 et
1416 343 1559 378 sumat
1591 334 1645 379 de
1677 335 1797 394 ligno

404 421 424 443 »
459 402 584 457 vitae,
611 411 655 446 et
675 401 801 457 edat,
829 411 872 446 et
901 403 1017 448 vivat
1045 404 1089 448 in
1119 413 1348 448 aeternum.
1387 407 1444 448 Et
1474 404 1636 449 dimisit
1671 404 1797 450 illum

459 474 670 519 Dominus
695 477 807 518 Deus
836 472 891 517 de
913 474 1110 534 paradiso
1139 474 1376 534 voluptatis
1409 475 1578 534 operari
1607 484 1765 520 terram
1783 511 1794 531 ,

403 562 424 585 »
459 559 510 587 cx
527 560 613 605 qua
637 553 837 604 sumptus
859 553 937 589 est.
964 547 1021 589 Et
1042 545 1170 606 ejecit
1191 545 1354 600 Adam,
1381 554 1424 590 et
1445 545 1674 591 collocavit
1696 562 1797 591 eum

458 624 611 660 contra
633 614 883 675 paradisum
900 614 1158 676 voluptatis:
1174 626 1218 661 et
1237 615 1454 661 ordinavit
1472 617 1709 662 Cherubim
1723 652 1734 673 ‚
1755 627 1798 662 et

400 704 422 730 »
458 686 708 732 flammeam
736 687 1036 747 rhomphaeam
1067 702 1167 748 quae
1198 687 1404 744 vertitur,
1430 687 1650 733 custodire
1682 688 1796 734 viam

401 776 421 800 »
456 757 564 817 ligni
584 759 702 805 vitae.
727 777 748 801 »

458 833 517 875 II.
553 833 803 891 Antequam
822 831 951 892 hujus
967 830 1200 892 propositae
1225 831 1457 888 Scripturae
1474 840 1642 876 textum
1664 846 1714 876 ex
1732 847 1799 877 or-

397 900 498 946 dine
522 912 838 962 pertractemus
855 938 865 958 ,
892 902 1218 948 admonendum
1242 903 1450 959 arbitror,
1476 902 1597 964 quod
1614 903 1706 963 jam
1728 918 1798 948 me

395 982 441 1017 et
462 972 567 1017 alibi
590 973 636 1017 in
658 974 741 1018 hoe
765 989 895 1034 opere
920 973 1101 1017 memini
1124 973 1415 1033 praelocutum
1433 1009 1443 1029 ‚
1471 973 1582 1018 illud
1615 989 1639 1017 a
1673 973 1798 1018 nobis

397 1059 488 1088 esse
502 1044 813 1104 flagitandum¹
827 1080 838 1100 ,
865 1053 915 1089 ut
939 1043 993 1088 ad
1015 1044 1323 1104 proprietatem
1339 1044 1495 1088 litterae
1507 1043 1794 1100 defendatur,

398 1115 521 1176 quod
545 1125 715 1175 gestum
748 1116 999 1175 narratipse
1021 1115 1096 1175 qui
1116 1115 1299 1175 scripsit.
1332 1115 1374 1160 Si
1399 1123 1546 1159 autem
1580 1114 1626 1158 in
1654 1115 1799 1160 verbis

397 1187 498 1242 Dei,
523 1187 594 1231 vel
618 1188 874 1248 cujusquam
899 1202 1097 1246 personae
1119 1187 1164 1230 in
1187 1187 1381 1230 osticium
1404 1185 1710 1246 propheticum
1728 1203 1797 1231 as-

396 1268 606 1319 sumptae,
641 1258 801 1302 dicitur
834 1256 1000 1318 aliquid
1037 1257 1159 1318 quod
1192 1257 1246 1301 ad
1278 1257 1467 1301 litteram
1498 1257 1579 1300 nisi
1611 1257 1799 1302 absurde

396 1344 487 1372 non
509 1329 642 1388 possit
664 1328 870 1388 intelligi,
898 1328 1052 1388 procul
1073 1327 1211 1371 dubio
1229 1329 1412 1384 figurate
1436 1325 1601 1370 dietum
1625 1327 1682 1371 ol)
1719 1327 1798 1371 ali-

394 1414 532 1461 quam
554 1397 917 1458 significationem
929 1396 1066 1456 accipi
1088 1395 1239 1450 debet,
1260 1395 1428 1441 dictum
1446 1406 1592 1441 tamen
1610 1412 1698 1441 esse
1714 1397 1798 1442 du·-

397 1471 539 1515 bitare
562 1469 625 1514 fas
651 1485 742 1513 non
783 1477 874 1513 cst:
901 1469 984 1512 hoc
1014 1467 1165 1512 enima
1194 1466 1281 1511 fide
1313 1469 1544 1513 narratoris
1565 1477 1608 1512 et
1625 1468 1797 1529 pollici-

399 1542 563 1587 tatione
581 1540 834 1601 expositoris
855 1539 1056 1599 exigitur.

458 1615 541 1657 ΙΙΙ.
582 1632 601 1654 «
636 1615 775 1656 Erant
826 1626 929 1669 ergo
988 1610 1117 1654 ambo
1154 1608 1287 1654 nudi:
1324 1629 1343 1651 »
1381 1626 1534 1655 verum
1576 1621 1660 1667 cst,
1699 1628 1795 1657 om-

395 1685 500 1730 nino
538 1682 659 1729 nuda
693 1691 816 1727 erant
841 1697 1022 1741 corpora
1055 1681 1244 1726 duorum
1276 1682 1507 1726 hominum
1528 1683 1573 1727 in
1596 1685 1796 1743 paradiso

397 1755 751 1801 conversantium
772 1773 779 1799 :
811 1773 830 1795 ‹<
855 1755 944 1798 Nec
962 1751 1157 1811 pudebat
1171 1768 1258 1796 eos.
1284 1771 1302 1793 n
1320 1753 1437 1806 Quid
1454 1754 1570 1798 enim
1588 1755 1792 1815 puderet,

397 1827 578 1888 quando
598 1826 767 1870 nullam
789 1824 931 1884 legem
950 1833 1173 1868 senserant
1203 1824 1247 1868 in
1294 1825 1501 1870 membris
1533 1827 1618 1870 suis
1633 1842 1794 1888 repug-

397 1908 579 1944 nantem
591 1897 678 1956 legi
695 1896 852 1940 mentis
871 1911 960 1939 suae
974 1899 989 1920 ‘2
999 1896 1016 1939 Ξ)
1028 1897 1136 1948 Quae
1151 1894 1245 1939 illos
1263 1911 1395 1955 poena
1408 1899 1574 1956 peccati
1588 1907 1686 1957 post
1696 1915 1795 1958 per-

399 1972 691 2033 petrationem
723 1967 1089 2028 praevaricationis
1110 1977 1257 2012 secuta
1278 1977 1356 2023 est,
1378 1979 1618 2028 usurpante
1645 1970 1796 2014 inobe-

399 2044 563 2089 dientia
577 2041 850 2103 prohibitum
863 2076 873 2095 ‚
890 2049 933 2083 et
941 2040 1107 2100 justitia
1124 2040 1334 2099 puniente
1346 2041 1640 2095 commissum.
1662 2043 1792 2096 Quod

396 2125 632 2176 antequam
656 2114 800 2167 fieret,
822 2110 930 2156 nudi
954 2121 1099 2166 erant,
1120 2120 1169 2155 ut
1189 2111 1355 2156 dictum
1379 2121 1464 2167 est,
1491 2122 1534 2159 et
1565 2129 1656 2158 non
1687 2129 1794 2158 con-

395 2185 701 2232 fundebantur
719 2204 726 2229 :
753 2182 899 2228 nullus
921 2192 1012 2226 erat
1028 2191 1174 2227 motus
1187 2182 1231 2225 in
1255 2197 1456 2241 corpore,
1476 2183 1546 2227 cui
1577 2199 1791 2230 verecun-

397 2258 468 2303 dia
491 2257 750 2302 deberetur:
776 2254 880 2298 nihil
906 2253 1122 2313 putabant
1147 2251 1403 2308 velandum,
1429 2254 1531 2314 quia
1558 2255 1667 2300 nihil
1693 2272 1791 2301 sen-

401 2337 548 2376 serant
579 2325 908 2372 refrenandum.
935 2323 1318 2378 Quemadmodum
1342 2326 1621 2385 propagaturi
1649 2337 1791 2373 essent
1851 2366 1854 2370 Α

399 2402 532 2457 filios,
553 2401 645 2461 jam
677 2407 804 2444 antea
827 2396 1097 2457 disputatum
1120 2396 1211 2440 est³
1235 2415 1244 2440 z
1276 2411 1366 2440 non
1396 2404 1542 2441 tamen
1568 2412 1620 2442 eo
1656 2398 1789 2445 modo
1850 2419 1854 2441 z

402 492 412 516 )

414 492 423 515 υ

403 633 413 657 )

414 633 423 656 *-

449 2508 459 2524 ¹
482 2500 552 2534 Lib.
577 2509 646 2542 vm,
665 2509 736 2542 cap.
771 2480 801 2538 ¹}
820 2500 884 2530 etc.
913 2511 954 2518 —
974 2500 986 2516 ²
1008 2497 1098 2528 Rom.
1121 2506 1179 2537 vn,
1208 2494 1260 2528 23.
1285 2510 1326 2519 —-
1347 2492 1361 2519 3
1380 2495 1480 2537 Supra
1496 2494 1553 2528 lib.
1574 2505 1626 2538 rx,
1646 2506 1716 2539 cap.
1746 2496 1785 2539 3,

398 2562 432 2593 et
451 2568 504 2600 10,
523 2560 588 2590 etc.
