1854 3219
374 192 457 229 550
814 202 845 227 s.
885 201 1111 227 *recusum
1146 200 1324 228 EPISCOPI

372 277 486 312 ceret
509 266 679 320 oculos,
706 265 781 324 qui
812 273 855 308 et
883 274 1007 308 antea
1042 265 1265 324 patebant.
1302 267 1486 324 Apertos
1521 264 1676 324 utique
1700 263 1752 307 ad

373 336 537 398 aliquid
554 336 816 380 intuendum
839 344 881 379 et
902 334 1205 394 cogitandum,
1231 333 1352 395 quod
1376 344 1503 379 antea
1525 348 1754 394 nunquam

371 409 661 454 adverterant.
689 406 772 450 Ubi
807 405 922 448 enim
953 405 1008 449 ad
1046 404 1451 465 transgrediendum
1484 413 1755 465 praeceptum

372 480 513 526 audax
535 479 757 524 curiositas
781 486 898 521 mota
920 486 1009 532 est,
1036 478 1158 522 avida
1187 478 1369 537 experiri
1391 477 1596 533 latentia,
1621 475 1757 537 quid-

371 567 473 596 nam
498 560 614 595 tacto
645 549 780 593 vetito
808 558 1060 610 sequeretur
1077 585 1088 604 ‚
1121 558 1165 592 et
1186 548 1311 592 noxia
1333 547 1535 592 libertate
1561 547 1757 592 habenas

369 622 675 685 prohibitionis
704 635 905 680 rumpere
932 619 1171 675 delectata,
1206 619 1477 679 probabilius
1509 618 1756 663 existimans

369 711 460 740 non
492 708 582 737 esse
620 701 805 736 mortem
822 727 832 745 ‚
873 707 1006 751 quam
1042 692 1280 734 timuerant
1295 726 1305 746 ,
1345 699 1608 734 secuturam.
1654 688 1757 734 Tale

369 767 532 828 quippe
550 779 731 824 pomum
751 762 1020 808 credendum
1042 772 1106 807 est
1128 762 1254 807 fuisse
1276 763 1322 807 in
1338 761 1411 806 illa
1430 762 1607 817 arbore,
1632 762 1757 822 cujus

368 837 533 897 generis
563 852 691 896 poma
709 837 800 895 jam
832 835 878 878 in
913 834 1005 879 aliis
1034 833 1264 878 arboribus
1301 833 1474 877 innoxia
1506 840 1753 877 senserant:

366 909 486 954 unde
513 907 646 966 magis
679 906 959 951 crediderunt
988 909 1128 949 Deum
1161 920 1285 965 posse
1317 903 1599 962 peccantibus
1630 902 1757 948 facile

366 981 604 1038 ignoscere,
625 993 757 1039 quam
779 978 994 1037 patienter
1016 976 1212 1021 tulerunt
1235 992 1325 1020 non
1347 990 1608 1034 cognoscere
1626 976 1757 1038 quid-

370 1067 470 1095 nam
493 1059 625 1104 esset,
650 1048 720 1093 vel
742 1064 820 1092 cur
837 1063 908 1092 cos
927 1047 1028 1091 inde
1050 1048 1198 1091 cibum
1221 1062 1391 1091 sumere
1409 1048 1629 1093 vetuisset.
1655 1051 1757 1093 Mox

367 1131 418 1166 ut
435 1137 538 1180 ergo
556 1129 826 1179 proeceptum
844 1118 1091 1176 transgressi
1111 1127 1228 1173 sunt,
1250 1118 1508 1163 intrinsecus
1529 1120 1663 1178 gratia
1680 1119 1759 1163 de-

367 1201 537 1238 serente
559 1191 739 1235 omnino
767 1190 943 1244 nudati,
970 1205 1102 1249 quam
1120 1190 1258 1249 typho
1287 1189 1479 1250 quodam
1502 1199 1545 1234 et
1567 1190 1757 1250 superbo

368 1279 514 1308 amore
541 1279 629 1306 suae
651 1261 874 1322 potestatis
897 1260 1173 1305 offenderant
1187 1296 1197 1315 ,
1224 1261 1270 1304 in
1292 1276 1368 1304 sua
1390 1261 1587 1305 membra
1608 1261 1757 1306 oculos

366 1336 632 1395 injecerunt,
658 1348 795 1394 eaque
813 1342 937 1376 motu
959 1348 1010 1376 eo
1028 1368 1038 1387 ,
1064 1347 1195 1392 quem
1217 1348 1307 1376 non
1330 1341 1541 1377 noverant
1557 1368 1567 1387 ‚
1592 1349 1757 1378 concu-

366 1407 585 1466 piverunt.
615 1404 681 1449 Ad
706 1405 790 1448 hoc
818 1419 920 1462 ergo
954 1403 1091 1462 aperti
1120 1412 1222 1447 sunt
1245 1402 1386 1459 oculi⁷
1412 1403 1467 1448 ad
1488 1404 1609 1464 quod
1631 1414 1757 1449 antea

367 1493 457 1522 non
479 1475 709 1536 patebant,
735 1474 933 1535 quamvis
955 1473 1010 1518 ad
1032 1473 1113 1518 alia
1134 1483 1348 1535 paterent.
1736 1468 1739 1470 V

855 1707 1071 1755 CAPUT
1110 1708 1326 1755 XXXII.

366 1841 688 1890 Illortczlitatz's
711 1849 757 1886 et
782 1838 991 1885 libidinis
1020 1840 1170 1901 origo.
1197 1866 1256 1874 -
1277 1839 1518 1885 Ficulnea
1538 1841 1755 1886 succinc-

990 1921 1132 1955 torta.

425 2039 565 2081 XLII.
594 2039 692 2081 Hffic
714 2051 829 2080 mors
851 2051 900 2080 ea
922 2033 992 2078 die
1015 2033 1171 2078 accidit
1187 2069 1198 2089 ‚
1230 2050 1318 2094 qua
1346 2033 1513 2079 factum
1543 2044 1607 2079 est
1634 2036 1758 2096 quod

367 2112 481 2154 Deus
498 2108 652 2152 vetuit.
678 2107 847 2152 Amisso
870 2107 1033 2167 quippe
1056 2114 1171 2150 statu
1199 2105 1411 2161 mirabili,
1437 2121 1594 2166 corpus
1614 2107 1759 2166 ipsum

367 2182 440 2226 cui
460 2189 595 2224 status
612 2180 742 2224 etiam
759 2178 813 2223 de
831 2179 951 2238 ligno
968 2178 1068 2221 vitae
1082 2178 1241 2222 virtute
1257 2177 1440 2235 mystica
1454 2178 1755 2237 praebebatur,

367 2267 446 2313 per
467 2267 599 2311 quem
617 2264 697 2294 nec
713 2249 867 2294 morbo
885 2249 1057 2303 tentari,
1075 2264 1155 2293 nec
1173 2248 1331 2292 mutati
1349 2257 1476 2292 aetate
1494 2250 1755 2307 potuissent,

366 2331 418 2368 ut
439 2323 521 2366 hoc
544 2322 590 2365 in
611 2336 764 2365 eorum
786 2335 931 2375 carne,
958 2320 1155 2380 quamvis
1174 2319 1318 2364 adhuc
1341 2318 1517 2364 animali
1540 2329 1584 2364 et
1603 2321 1647 2364 in
1669 2335 1759 2364 me-

365 2394 450 2438 lius
471 2402 618 2453 postea
640 2390 966 2447 commutanda,
982 2393 1071 2451 jam
1085 2400 1234 2435 tamen
1255 2390 1572 2448 significaretur
1592 2406 1673 2450 per
1685 2406 1755 2435 es-

367 2480 462 2509 cam
481 2464 586 2522 ligni
606 2463 728 2518 vitae,
755 2462 876 2523 quod
891 2478 941 2506 ex
962 2462 1054 2521 ipso
1071 2461 1252 2521 spiritali
1275 2461 1483 2506 alimento
1506 2461 1751 2521 sapientiae,

369 2536 491 2593 cujus
519 2544 835 2578 sacramentum
866 2532 974 2577 illud
1004 2531 1172 2590 lignum
1195 2541 1310 2587 erat,
1339 2532 1389 2576 fit
1416 2532 1462 2576 in
1484 2531 1658 2590 Angelis
1679 2547 1757 2591 per
