1854 3219
378 184 458 223 274
803 198 835 223 s.
874 196 1103 224 AUGUSTOEI
1137 199 1317 225 Erlscori

369 278 471 307 nem
485 278 629 307 rerum
644 263 841 307 omnium
856 264 1134 325 sequebatur.
1151 266 1261 309 Nam
1279 264 1355 325 qui
1378 279 1547 323 semper
1560 273 1623 308 est
1644 266 1767 326 quie-

369 341 462 389 tus,
506 343 612 380 tunc
643 334 771 380 nobis
808 335 1047 395 requievit,
1089 351 1190 380 cum
1232 351 1276 379 se
1315 335 1576 397 requievisse
1613 350 1764 381 mons-

372 413 519 450 travit.

370 538 1760 558 UMWWWWWUWWQMNWUUWWWUUWMNWWMNWWWWMWWVWWW

872 639 1092 691 CAPUT
1128 642 1265 691 XVI.

486 762 587 809 Dec·
601 764 789 825 requies
811 762 876 810 ab
892 763 1116 826 operibus
1133 767 1230 810 suis
1253 765 1304 810 in
1324 765 1528 825 septimo
1551 761 1643 809 die.

427 905 615 948 XXVII.
640 906 776 948 ILLUD
798 919 977 966 quoque
998 903 1317 949 attendendum
1341 912 1405 947 est
1420 938 1431 959 ,
1457 902 1578 964 quod
1595 900 1673 947 Dei
1696 916 1766 946 re-

367 974 515 1036 quiem
532 1011 542 1031 ,
564 991 651 1036 qua
673 974 727 1020 de
746 991 789 1020 sc
810 976 903 1036 ipso
929 975 1079 1020 beatus
1096 984 1184 1031 est,
1212 975 1338 1020 nobis
1356 974 1567 1019 insinuari
1590 983 1767 1035 oporte-

367 1047 470 1104 bat,
495 1057 545 1091 ut
568 1046 861 1105 intelligamus
886 1046 1110 1109 quomodo
1132 1046 1302 1091 dicatur
1325 1047 1457 1091 etiam
1494 1046 1766 1107 requiescere

368 1120 415 1163 in
438 1118 580 1175 nobis,
598 1118 719 1181 quod
736 1136 826 1164 non
838 1119 1014 1176 dieitur,
1034 1120 1115 1164 nisi
1133 1135 1235 1165 cum
1252 1121 1296 1164 in
1317 1136 1361 1164 se
1378 1120 1575 1181 requiem
1592 1126 1771 1179 praestat

368 1200 410 1238 et
443 1190 584 1236 nobis.
622 1192 811 1253 Requies
834 1193 966 1251 igitur
988 1193 1066 1237 Dei
1088 1202 1204 1237 recte
1228 1191 1578 1251 intelligentibus
1601 1207 1650 1235 ea
1673 1200 1736 1235 est
1753 1226 1764 1246 ,

366 1279 455 1322 qua
481 1261 645 1307 nullius
681 1262 848 1322 indiget
871 1263 990 1308 110110
1012 1283 1021 1308 ;
1053 1273 1097 1308 et
1121 1263 1221 1308 ideo
1244 1272 1361 1308 certa
1392 1272 1435 1307 et
1469 1262 1595 1307 nobis
1624 1265 1669 1307 in
1691 1261 1768 1306 illo

369 1344 454 1392 est,
491 1335 594 1397 quia
623 1344 666 1380 et
696 1351 776 1381 nos
807 1336 1110 1381 beatificamur
1143 1336 1261 1381 bono
1293 1334 1415 1397 quod
1444 1335 1536 1396 ipse
1559 1344 1645 1391 est,
1681 1350 1772 1379 non

368 1407 460 1468 ipse
483 1408 600 1454 bono
622 1408 743 1470 quod
774 1425 853 1454 nos
885 1425 1050 1454 sumus.
1077 1411 1188 1455 Nam
1221 1419 1264 1454 et
1296 1425 1376 1453 nos
1399 1407 1578 1469 aliquod
1601 1408 1771 1452 bonum

368 1480 424 1524 ab
438 1479 513 1525 illo
535 1497 684 1526 sumus
696 1517 706 1537 ,
725 1481 801 1542 qui
818 1480 923 1526 fecit
942 1480 1089 1525 omnia
1111 1479 1226 1524 bona
1241 1478 1369 1525 valde
1388 1515 1399 1534 ,
1423 1479 1470 1523 in
1487 1478 1648 1540 quibus
1666 1477 1771 1524 fecit

368 1560 413 1594 et
433 1567 527 1596 nos.
554 1555 690 1597 Porro
722 1552 804 1597 alia
821 1568 888 1596 res
909 1552 1026 1596 bona
1043 1560 1201 1611 praeter
1222 1551 1367 1611 ipsum
1384 1549 1506 1594 nulla
1522 1559 1586 1595 cst
1600 1586 1611 1607 ,
1637 1564 1773 1611 quam

368 1621 460 1682 ipse
491 1638 583 1667 non
600 1622 726 1681 fecit,
750 1639 799 1667 ac
816 1639 894 1683 per
914 1624 1000 1668 hoc
1017 1622 1142 1668 nullo
1161 1631 1319 1683 praeter
1335 1638 1379 1667 30
1399 1621 1482 1666 alio
1503 1621 1623 1667 bono
1647 1630 1768 1680 eget,

368 1695 446 1754 qui
468 1694 586 1740 bono
608 1694 729 1755 quod
761 1694 865 1740 fecit
896 1711 986 1740 non
1020 1704 1134 1755 eget.
1172 1697 1277 1739 Haec
1303 1704 1366 1739 est
1397 1695 1491 1754 ejus
1522 1693 1692 1755 requies
1716 1693 1772 1738 ab

368 1766 575 1811 omnibus
589 1766 795 1827 operibus
813 1766 899 1811 suis
915 1782 1015 1828 quae
1034 1764 1151 1811 fecit.
1172 1765 1343 1819 Quibus
1362 1773 1509 1809 autem
1533 1765 1659 1810 bonis
1675 1764 1770 1809 lau-

367 1838 572 1883 dabiliter
594 1855 685 1884 non
707 1848 875 1899 egeret,
902 1839 936 1883 si
962 1837 1085 1883 nulla
1104 1837 1300 1883 fecisset?
1318 1840 1429 1883 Nam
1450 1837 1580 1882 etiam
1598 1837 1657 1882 sic
1686 1835 1771 1881 dici
1818 1840 1819 1843 ’

367 1919 514 1969 posset
534 1910 666 1955 nullis
685 1926 816 1970 egens
838 1909 966 1955 bonis
983 1945 994 1965 ,
1020 1926 1110 1954 non
1132 1925 1155 1953 a
1177 1908 1301 1954 factis
1318 1909 1365 1953 in
1385 1925 1429 1954 se
1455 1909 1549 1970 ipso
1572 1908 1771 1970 requies-

368 1981 510 2027 cendo
525 2018 536 2039 ,
562 1998 716 2028 verum
737 1982 917 2027 omnino
935 1980 1059 2025 nulla
1081 1979 1298 2025 faciendo.
1326 1980 1412 2026 Sed
1435 1981 1551 2025 bona
1573 1979 1717 2025 facere
1737 1979 1773 2023 si

368 2068 461 2098 non
495 2063 667 2114 posset,
702 2053 825 2099 nulla
856 2061 966 2098 esset
998 2053 1195 2113 potentia
1222 2072 1230 2097 :
1267 2052 1302 2097 si
1334 2061 1482 2097 autem
1512 2061 1658 2113 posset
1689 2067 1770 2096 ncc

368 2123 532 2170 faceret
546 2161 557 2182 ,
579 2141 737 2186 magna
756 2134 867 2170 esset
881 2122 1137 2169 invidentia.
1157 2124 1269 2178 Quia
1287 2138 1388 2183 ergo
1406 2133 1471 2168 est
1493 2123 1770 2183 omnipotens

368 2204 413 2241 et
429 2197 587 2254 bonus,
615 2196 762 2242 omnia
779 2195 908 2242 valde
930 2196 1048 2240 bona
1068 2194 1175 2241 fecit
1196 2215 1205 2240 :
1231 2195 1334 2256 quia
1350 2210 1454 2240 vero
1476 2194 1626 2254 seipso
1650 2194 1770 2238 110110

368 2268 563 2329 perfecte
584 2270 739 2315 beatus
762 2278 827 2314 cst
841 2304 852 2325 ,
878 2284 902 2312 a
924 2268 1050 2313 bonis
1071 2283 1172 2329 quae
1194 2265 1297 2311 fecit
1316 2302 1327 2323 ,
1352 2266 1399 2310 in
1420 2282 1464 2311 30.
1488 2265 1582 2325 ipso
1600 2265 1772 2326 requie-

371 2342 464 2398 vit,
495 2358 545 2387 ca
572 2342 738 2387 scilicet
765 2341 933 2403 requie,
966 2356 990 2384 a
1024 2356 1112 2401 qua
1148 2354 1379 2400 nunquam
1412 2338 1600 2383 recessit.
1630 2338 1716 2383 Sed
1738 2337 1772 2381 si

376 2411 595 2458 diceretur
634 2413 896 2474 requievisse
917 2427 941 2455 a
960 2409 1192 2467 faciendis,
1227 2409 1338 2455 nihil
1382 2409 1503 2454 aliud
1525 2424 1657 2470 quam
1681 2424 1771 2453 non

375 2481 526 2528 secisse
558 2483 891 2543 intelligeretur.
933 2483 1020 2528 Nisi
1052 2491 1198 2526 autem
1221 2480 1439 2526 diceretur
1470 2481 1729 2542 requievisse
1748 2494 1772 2523 a

376 2553 523 2611 factis,
549 2570 639 2600 non
654 2555 713 2599 eis
733 2570 857 2613 egere
881 2569 981 2613 quae
1004 2552 1107 2597 fecit
1128 2553 1272 2597 minus
1290 2551 1685 2598 commendaretur.
