1854 3219
381 255 435 282 DE
467 254 617 281 GENEst
650 252 705 280 An
738 252 980 291 LiTTEnAM,
1016 254 1098 279 Lm.
1134 252 1194 278 ιν.
1407 238 1492 275 277

104 319 190 364 diei
218 334 396 380 vespera
428 319 638 366 terminus
671 328 735 363 θεῖ
766 317 953 363 conditae
976 318 1131 379 quinto
1153 315 1224 360 die
1246 323 1455 360 creaturae
1478 329 1487 355 ε

104 407 231 435 mane
245 401 390 436 autem
409 390 530 452 quod
542 400 639 451 post
649 390 786 451 ipsam
806 405 1029 450 vesperam
1046 388 1211 433 factum
1224 396 1302 442 est,
1317 385 1493 429 initium

104 472 169 506 est
195 461 437 507 condendae
463 471 582 506 sexto
604 461 675 505 die
704 470 939 519 creaturae3
972 476 1057 522 qua
1081 458 1256 504 condita
1286 467 1494 518 tanquam

104 535 195 593 ejus
223 534 432 577 terminus
454 531 567 577 facta
584 542 648 577 est
669 548 860 592 vespera.
884 534 941 575 Et
961 531 1064 592 quia
1090 528 1200 573 nihil
1232 527 1352 572 aliud
1386 543 1494 572 con-

104 604 299 648 dendum
321 604 556 659 restiterat,
581 604 641 647 ita
663 612 761 663 post
781 602 901 646 illam
927 616 1151 661 vesperam
1173 615 1300 644 manc
1329 598 1496 643 factum

104 684 166 719 cst
182 711 193 730 ,
215 684 265 719 ut
279 691 369 719 non
386 684 496 719 esset
517 674 692 719 initium
709 672 951 719 condendae
969 672 1143 717 alterius
1162 680 1371 716 creaturae
1385 705 1395 725 ,
1421 668 1497 713 sed

103 745 276 789 initium
313 745 470 806 quietis
507 746 720 790 universae
757 753 967 788 creaturae
1000 743 1044 786 in
1077 742 1226 803 requie
1260 741 1492 786 Creatoris.

102 818 253 876 Neque
275 817 390 860 enim
413 815 576 861 coelum
610 825 652 860 θῖ
680 825 793 860 terra
823 824 866 859 ct
901 814 1046 859 omnia
1070 828 1169 873 quae
1200 813 1246 856 in
1279 812 1338 856 eis
1361 821 1493 866 sunt,

102 902 302 931 universa
322 886 485 931 scilicet
501 886 702 946 spiritalis
725 884 1049 945 corporalisque
1067 893 1265 928 creatura
1282 884 1328 927 in
1345 898 1389 927 se
1404 883 1497 942 ipsa

102 967 277 1015 manet3
303 956 379 1001 s‘ed
406 957 560 1017 utique
581 957 628 1000 in
651 957 749 1012 illo⁷
786 956 840 1000 de
862 971 951 1017 quo
974 955 1142 999 dictum
1164 964 1228 999 est
1255 974 1263 999 :
1299 974 1319 996 «
1346 957 1397 997 In
1421 952 1498 997 illo

105 1047 126 1069 »
161 1028 279 1072 enim
306 1028 520 1084 vivimus,
557 1037 599 1072 et
632 1042 884 1082 movemur,
920 1035 962 1070 et
990 1028 1187 1070 sumusl.
1222 1043 1242 1066 »
1274 1025 1387 1078 Quia
1418 1024 1497 1067 etsi

101 1108 378 1159 unaquaeque
401 1114 498 1158 pars
520 1107 766 1158 potestesse
788 1098 831 1141 in
850 1106 966 1152 toto,
992 1097 1116 1156 cujus
1133 1111 1231 1156 pars
1244 1105 1331 1151 est,
1351 1096 1497 1154 ipsum

101 1179 249 1214 tamen
270 1179 412 1214 totum
430 1186 521 1214 non
543 1179 607 1214 est
628 1169 708 1213 nisi
730 1168 777 1213 in
801 1168 877 1213 illo
893 1204 904 1224 ‚
931 1184 954 1212 a
972 1184 1061 1229 quo
1084 1167 1313 1212 conditum
1335 1175 1413 1210 est.
1440 1168 1498 1210 Et

101 1241 200 1286 ideo
214 1257 302 1287 non
321 1241 508 1286 absurde
530 1240 790 1299 intelligitur
807 1251 927 1285 sexto
945 1239 1016 1284 die
1029 1276 1039 1296 ‚
1060 1238 1279 1299 completo
1294 1247 1392 1298 post
1407 1239 1498 1298 ejus

101 1327 325 1371 vesperam
357 1311 525 1356 sactum
556 1326 711 1366 mane,
745 1327 835 1355 non
864 1327 952 1372 quo
985 1310 1302 1370 significaretur
1323 1310 1497 1353 initium

101 1383 342 1428 condendae
377 1383 553 1427 alterius
590 1392 824 1438 creaturae,
857 1383 968 1427 sicut
1001 1383 1047 1426 in
1078 1382 1269 1439 caeterisg
1303 1380 1378 1426 sed
1407 1397 1496 1441 quo

99 1454 414 1514 significaretur
438 1455 613 1499 initium
637 1453 844 1497 manendi
868 1463 910 1498 et
933 1453 1187 1514 quiescendi
1211 1453 1341 1497 totius
1375 1451 1495 1512 quod

100 1524 327 1570 conditum
357 1534 420 1569 est
439 1561 449 1580 ‚
486 1525 532 1568 in
560 1524 676 1569 illius
705 1524 853 1585 quiete
885 1525 961 1585 qui
991 1524 1204 1570 condidit.
1243 1527 1350 1578 Quae
1372 1524 1495 1584 quies

98 1599 189 1642 Deo
222 1613 303 1641 nec
332 1597 506 1641 initium
538 1596 672 1640 habet
703 1612 784 1640 nec
813 1597 1077 1641 terminum:
1114 1606 1325 1640 creaturae
1348 1605 1494 1639 autem

99 1667 233 1712 habet
253 1667 442 1722 initium,
469 1666 545 1711 sed
562 1667 803 1712 nonhabet
822 1668 1058 1710 terminum
1076 1688 1086 1724 3
1108 1675 1150 1710 et
1167 1666 1267 1724 ideo
1285 1665 1496 1726 septimus

99 1737 189 1782 dies
203 1736 346 1781 eidem
360 1747 570 1783 creaturae
593 1738 729 1797 coepit
751 1753 774 1781 a
796 1752 946 1792 mane,
968 1736 1043 1781 sed
1067 1735 1191 1780 nullo
1210 1751 1388 1795 vespere
1409 1745 1494 1780 ter-

98 1809 304 1853 minatur.

157 1882 368 1923 XXXIII.
390 1882 500 1924 Nam
522 1879 557 1923 si
578 1879 625 1922 in
646 1879 812 1923 caeteris
836 1877 991 1922 diebus
1014 1893 1192 1937 vespera
1220 1886 1264 1921 et
1282 1892 1410 1921 mane
1428 1886 1495 1921 ta-

97 1951 205 1995 lium
238 1960 485 2010 temporum
517 1951 631 1995 vices
663 1950 932 2008 significant,
965 1949 1110 2010 qualia
1138 1965 1257 1993 nunc
1295 1965 1372 2009 per
1399 1949 1493 1993 haec

97 2020 351 2082 quotidiana
373 2022 509 2081 spatia
527 2030 826 2081 peraguntur3
852 2036 941 2064 non
957 2020 1085 2064 video
1117 2019 1226 2080 quid
1252 2020 1493 2080 prohibue-

98 2092 152 2135 rit
166 2131 175 2146 ,
202 2101 246 2135 et
267 2091 501 2151 septimum
524 2091 640 2135 diem
659 2106 853 2150 vespera,
873 2101 1137 2150 noctemque
1156 2090 1349 2151 ejusdem
1364 2107 1492 2135 mane

96 2160 373 2216 concludere,
394 2171 445 2206 ut
466 2161 662 2205 similiter
684 2160 926 2205 diceretur:
950 2181 970 2205 «
989 2165 1044 2206 Et
1069 2160 1181 2205 facta
1203 2171 1268 2206 est
1288 2177 1488 2222 vespera,

97 2241 140 2276 et
156 2231 322 2275 factum
339 2240 402 2275 est
416 2247 544 2275 mane
562 2231 653 2275 dies
669 2232 879 2291 septimus
897 2252 905 2277 ε
925 2250 945 2274 »
962 2232 1323 2293 quandoquidem
1341 2243 1384 2277 et
1401 2233 1491 2293 ipse

97 2318 211 2346 unus
238 2311 302 2346 est
324 2301 493 2346 dierum
510 2337 520 2355 ,
546 2303 623 2362 qui
645 2318 796 2347 omnes
818 2313 984 2363 septem
1002 2314 1131 2360 sunt,
1158 2320 1346 2364 quorum
1370 2320 1491 2364 repe-

97 2374 249 2418 titione
261 2388 428 2417 menses
445 2382 489 2417 et
506 2373 609 2417 anni
621 2382 664 2417 et
677 2372 832 2418 saecula
850 2384 1145 2434 peraguntur:
1163 2384 1213 2419 ut
1226 2391 1353 2420 mane
1369 2376 1491 2436 quod

97 2452 333 2504 poneretur
344 2452 444 2503 post
463 2459 688 2504 vesperam
706 2444 903 2504 septimi,
924 2446 1008 2489 hoc
1029 2454 1138 2489 esset
1155 2446 1330 2491 initium
1348 2446 1490 2490 octavi

100 2515 209 2571 diei,
234 2514 289 2560 de
306 2531 396 2576 quo
420 2517 512 2576 jam
533 2516 738 2575 deinceps
761 2515 978 2561 silendum
1006 2515 1109 2572 fuit,
1136 2519 1237 2578 quia
1260 2516 1375 2564 idem
1397 2516 1488 2576 pri-

150 2607 158 2622 ¹
179 2602 253 2633 Act.
274 2611 351 2642 xvn,
371 2600 425 2632 28.
