1854 3219
361 162 441 201 568
787 176 819 201 s.
857 172 1088 202 AUGUSTINI
1121 175 1302 204 EPISCOPI

358 238 450 282 laus
472 239 611 281 anima
634 238 904 294 dormientis,
930 239 1009 284 nisi
1025 238 1127 285 duci
1144 240 1407 299 imaginibus
1425 254 1675 300 corporum,
1695 254 1743 283 ac

357 311 387 354 si
407 325 587 369 corpora
610 310 697 366 ipsa
720 319 875 355 essent.

418 382 492 423 IV.
521 382 571 423 ln
593 380 727 424 extasi
748 390 895 425 autem
916 396 1055 425 unum
1069 380 1218 426 audire
1234 382 1369 440 potui,
1387 391 1429 426 et
1441 397 1541 426 eum
1562 381 1745 426 rustica-

358 466 467 494 num
495 451 565 494 vix
582 451 800 496 valentem
822 451 944 513 quod
963 454 1175 498 sentiebat
1198 454 1450 513 exprimere,
1475 454 1550 514 qui
1572 462 1615 497 ct
1634 453 1747 512 vigi-

359 522 446 566 lare
467 538 510 565 sc
525 523 665 578 sciret,
691 535 734 567 ct
756 523 904 568 videre
921 524 1132 585 quiddam
1155 541 1243 569 non
1261 524 1397 569 oculis
1411 525 1616 585 corporis.
1636 526 1748 569 Nam

357 602 407 637 ut
433 594 524 653 ejus
549 594 692 638 verbis
717 604 840 650 utar,
870 608 1081 656 quantum
1109 595 1298 640 recolere
1314 611 1515 655 possum:
1545 615 1566 638 «
1590 595 1748 651 Anima

360 682 379 705 >›
415 680 526 721 mea,
551 665 709 725 inquit,
732 666 910 712 videbat
932 683 1048 724 eum,
1072 684 1163 712 non
1182 667 1297 712 oculi
1319 669 1418 711 mei.
1440 686 1459 709 »
1480 670 1578 713 Non
1600 677 1749 711 tamen

354 736 519 780 sciebat
540 746 690 780 utrum
713 753 870 797 corpus
888 749 997 783 esset
1012 775 1023 795 ‚
1049 755 1103 783 an
1122 739 1264 798 imago
1287 740 1492 798 corporis.
1519 742 1615 784 Non
1632 738 1748 782 enim

354 816 446 852 erat
469 806 586 863 talis,
613 817 663 852 ut
679 809 759 853 ista
778 809 1066 864 discerneret,
1087 825 1241 854 verum
1263 819 1353 854 tam
1372 809 1622 870 simpliciter
1644 806 1750 853 fide-

353 877 430 935 lis,
458 889 509 923 ut
531 895 632 923 eum
650 880 708 925 sic
731 880 927 927 audirem
945 917 956 937 ‚
976 898 1024 926 ac
1043 882 1076 926 si
1097 881 1209 927 illud
1223 881 1343 942 quod
1365 898 1409 928 se
1424 881 1579 927 vidisse
1597 896 1750 926 narra-

356 949 454 1006 bat,
480 951 571 1011 ipse
595 951 812 996 vidissem.

415 1024 468 1066 V.
496 1026 558 1066 Ac
586 1039 663 1082 per
680 1024 763 1068 hoc
786 1024 820 1068 si
842 1023 1092 1083 paradisum
1115 1023 1276 1068 Paulus
1298 1025 1358 1069 ita
1378 1024 1491 1070 vidit
1505 1059 1516 1079 ,
1541 1033 1592 1069 ut
1614 1039 1751 1084 appa-

356 1092 445 1136 ruit
464 1096 593 1137 Petro
616 1092 689 1137 ille
713 1094 856 1138 discus
879 1094 1116 1138 submissus
1138 1110 1161 1137 e
1184 1094 1297 1140 coelo
1314 1098 1344 1150 ¹,
1363 1104 1414 1140 ut
1437 1096 1595 1140 Joanni
1618 1093 1752 1155 quid-

354 1163 460 1223 quid
489 1165 534 1207 in
564 1164 826 1224 Apocalypsi
857 1181 901 1209 se
936 1165 1090 1210 vidisse
1117 1167 1418 1226 conseripsit&
1452 1176 1502 1211 ut
1535 1165 1752 1211 Ezechieli

355 1250 533 1294 campus
564 1234 637 1279 ille
659 1251 759 1280 cum
784 1236 950 1280 ossibus
973 1247 1249 1282 mortuorum
1273 1247 1316 1282 et
1338 1237 1412 1282 illa
1431 1254 1583 1283 eorum
1605 1253 1751 1282 resur-

354 1306 489 1351 rectio
503 1308 535 1361 3,
561 1315 610 1350 ut
634 1310 757 1351 Isa'i'ae
781 1306 933 1352 sedens
963 1311 1077 1353 Deus
1091 1345 1102 1364 ‚
1124 1318 1167 1352 et
1189 1308 1236 1352 in
1263 1319 1501 1369 conspectu
1519 1311 1609 1370 ejus
1629 1311 1754 1353 Sera-

354 1376 477 1436 phim
495 1412 506 1432 ‚
528 1386 571 1421 et
593 1393 664 1420 ara
682 1377 800 1421 unde
815 1378 948 1422 carbo
966 1387 1212 1438 assumptus
1236 1380 1467 1439 Perhetae
1488 1378 1605 1424 labia
1625 1394 1754 1423 mun-

354 1447 474 1493 davit
488 1449 527 1504 4,
548 1447 830 1493 manifestum
853 1459 917 1494 est
940 1465 1040 1494 eum
1061 1451 1262 1509 ignorare
1283 1451 1475 1511 potuisse
1491 1486 1501 1506 ‚
1536 1461 1685 1496 utrum
1707 1450 1754 1495 in

356 1535 538 1580 corpore
552 1555 563 1576 ‚
589 1535 644 1564 an
664 1530 783 1565 extra
805 1537 963 1582 corpus
980 1537 1029 1565 ea
1051 1521 1224 1566 viderit.

362 1677 1005 1695 wuwxmxmmmwumwvxmmwwm
1009 1679 1759 1696 ΜΜΝᾺἮἋᾹΊΜΚἋΜΜΜὟΧΝΜΝΜΜΛΜΝἉ

905 1799 1123 1848 CAPUT
1163 1801 1251 1847 Ill.

361 1931 624 1993 Apostolus
645 1941 802 1978 certus
833 1949 883 1977 se
915 1930 1090 1977 vidisse
1124 1934 1315 1977 tertium
1335 1931 1524 1989 coelccm,
1549 1934 1758 1979 incertas

840 2003 1078 2063 quomodo
1100 2003 1288 2049 viderit.

413 2142 490 2183 VI.
507 2142 591 2184 SED
605 2140 637 2184 si
652 2149 769 2184 extra
787 2155 944 2200 eorpus
958 2140 1046 2184 visa
1066 2149 1183 2195 sunt,
1196 2149 1238 2183 et
1255 2155 1437 2199 corpora
1450 2155 1539 2184 non
1556 2138 1753 2195 fuerunt,

359 2211 503 2255 adhuc
527 2212 664 2271 quaeri
686 2221 830 2271 potest
847 2221 992 2255 utrum
1020 2211 1226 2271 imagines
1245 2227 1478 2272 corporum
1493 2210 1679 2266 fuerint,
1701 2228 1759 2256 an

358 2300 407 2327 ea
434 2283 675 2326 substantia
704 2300 803 2343 quae
837 2281 1002 2327 nullam
1032 2284 1224 2343 corporis
1258 2283 1589 2328 similitudinem
1620 2284 1754 2342 gerit,

358 2355 471 2399 sicut
487 2357 624 2409 Deus⁷
647 2355 757 2399 sicut
780 2356 869 2415 ipsa
892 2370 1013 2399 mens
1039 2354 1250 2409 hominis,
1272 2354 1341 2400 vel
1359 2354 1661 2412 intelligentia,
1686 2354 1757 2398 vel

360 2426 489 2480 ratio⁷
513 2426 625 2470 sicut
647 2427 843 2482 virtutes,
864 2426 1114 2486 prudentia⁷
1136 2426 1319 2487 justitia,
1343 2426 1531 2481 castitas,
1551 2426 1753 2480 charitas,

414 2530 421 2545 ¹
442 2527 515 2556 Act.
536 2535 569 2566 x,
588 2536 638 2556 11.
660 2541 701 2546 —-
729 2532 740 2547 ²
760 2527 860 2566 Apoc.
878 2537 900 2566 1,
920 2533 969 2557 12.
992 2541 1033 2547 -—
1056 2523 1068 2547 3
1089 2524 1205 2558 Iizech.
1223 2535 1342 2557 xxxvn.
1371 2536 1398 2556 π.
1420 2541 1462 2548 —-
1483 2523 1500 2553 4
1520 2526 1591 2557 Isa'i.
1614 2536 1657 2556 vn.
1676 2533 1706 2556 2.
