1854 3219
373 167 457 204 320
815 172 848 200 S·
885 172 1113 202 insensum
1147 175 1326 202 EP15C01¹1

367 255 507 302 usque
529 241 573 284 in
595 239 764 283 senium
786 248 1060 300 mortemque
1086 237 1337 294 decurrere,
1362 247 1406 283 et
1423 245 1578 283 caetera
1602 239 1754 299 hujus-

366 312 485 356 modi
508 308 778 370 temporalia.
792 309 896 362 Quis
917 311 1031 354 enim
1055 319 1260 370 operatur
1276 309 1354 354 ista
1376 308 1456 353 nisi
1478 312 1609 364 Deus,
1626 309 1755 353 etiam

368 383 460 427 sine
482 380 573 425 ullo
600 379 675 424 tali
700 395 778 424 suo
804 382 958 425 motu?
978 383 1075 426 Non
1095 382 1212 425 enim
1229 389 1272 424 et
1292 379 1370 440 ipsi
1388 378 1543 424 accidit
1566 388 1751 439 tempus.

372 457 490 497 Inter
519 451 592 496 illa
614 467 717 511 ergo
747 466 879 511 opera
901 451 1000 508 Dei,
1028 468 1050 497 a
1073 453 1234 513 quibus
1265 451 1478 513 requievit
1500 451 1546 496 in
1567 450 1637 495 die
1660 465 1758 510 sep-

369 524 475 568 timo
492 558 503 579 ,
523 532 566 567 et
587 522 667 567 ista
689 538 788 583 quae
810 537 948 584 usque
970 539 1087 567 nunc
1109 531 1330 583 operatur,
1351 520 1587 583 quemdam
1613 521 1758 581 Scrip-

370 605 468 640 tura
490 595 771 654 interponens
794 611 884 639 suae
912 595 1169 640 narrationis
1188 593 1448 649 articulum,
1475 591 1758 639 commenda-

369 667 432 711 vit
449 682 493 711 se
512 665 584 710 illa
603 665 851 726 explicasse,
873 676 916 711 et
939 666 1075 727 coepit
1091 667 1182 727 jam
1203 665 1282 710 ista
1305 674 1548 709 contexere.
1577 663 1761 709 Illorum

373 738 686 798 explicatorum
710 737 1030 783 commendatio
1059 737 1118 781 sic
1140 737 1255 781 facta
1277 745 1341 781 est
1366 756 1374 781 :
1412 755 1431 778 «
1458 736 1537 780 Hic
1560 744 1622 779 est
1649 735 1762 779 liber

375 827 395 850 η
431 818 643 853 creaturae
666 807 766 853 coeli
787 818 830 853 et
852 817 1002 863 terrae,
1027 823 1127 853 curn
1152 805 1291 852 factus
1310 816 1374 852 est
1390 806 1502 861 dies,
1524 804 1627 850 fecit
1648 808 1762 850 Deus

375 898 396 921 »
432 879 596 925 coelum
619 889 663 924 et
687 889 867 936 terram,
893 889 937 924 et
958 894 1086 924 omne
1115 878 1253 923 viride
1282 878 1373 937 agri
1396 886 1631 938 antequam
1654 885 1765 921 esset

375 969 395 992 »
431 967 561 1012 super
584 961 768 1008 terram,
793 961 836 995 et
859 966 988 996 omne
1011 949 1182 995 foenum
1209 949 1299 1009 agri
1317 958 1553 1009 antequam
1576 948 1765 995 exorire-

375 1041 396 1064 )›
432 1032 518 1067 tur.
555 1026 654 1069 Non
686 1024 802 1067 enim
841 1022 1012 1082 pluerat
1044 1025 1157 1067 Deus
1187 1037 1317 1082 super
1351 1029 1532 1075 terram,
1559 1035 1638 1065 nec
1674 1029 1766 1064 erat

376 1111 396 1134 »
433 1095 565 1138 homo
594 1095 670 1155 qui
705 1102 957 1154 operaretur
988 1102 1160 1137 terram.
1206 1110 1226 1132 »
1263 1095 1451 1136 Istorum
1482 1099 1626 1135 autem
1657 1106 1765 1134 con-

376 1164 508 1209 textio
533 1164 591 1208 sic
613 1165 749 1223 coepit
777 1183 785 1208 :
816 1184 836 1206 «
871 1167 987 1208 Fons
1010 1173 1155 1207 autem
1181 1161 1441 1207 ascendebat
1473 1162 1527 1205 dc
1551 1170 1661 1205 terra
1679 1196 1689 1215 ,
1724 1169 1768 1204 et

377 1253 397 1275 »
432 1236 640 1294 irrigabat
662 1250 837 1279 omnem
859 1233 1014 1279 faciem
1040 1244 1180 1278 terrae.
1210 1251 1230 1274 »
1268 1233 1336 1278 Ab
1354 1234 1435 1277 hac
1454 1247 1768 1277 commemora-

376 1306 495 1350 tione
528 1305 660 1350 fontis
691 1306 852 1365 hujus,
889 1314 932 1349 et
967 1305 1170 1364 deinceps
1205 1320 1253 1348 ea
1281 1320 1380 1364 quae
1415 1312 1668 1358 narrantur,
1693 1318 1770 1362 per

377 1393 519 1423 moras
536 1387 785 1438 temporum
806 1375 921 1421 facta
939 1385 1068 1432 sunt,
1091 1391 1182 1421 non
1201 1375 1348 1420 omnia
1370 1374 1513 1419 simul.

379 1560 410 1576 Q&
417 1561 483 1576 §m
487 1560 554 1576 VVVS
559 1560 624 1576 QVI&
630 1561 694 1576 Bm
701 1559 909 1576 ἉΛΑὨῚΑΑῚΜΊ
915 1559 979 1575 {Vk}
985 1559 1123 1578 §mum
1128 1558 1281 1575 WWSWW!
1286 1557 1624 1574 wvwvvunwvvvvnm
1629 1557 1697 1573 VVW
1705 1557 1770 1572 νυνὶ

894 1668 1110 1719 CAPUT
1149 1669 1262 1716 XII.

564 1815 729 1875 Opera
750 1814 851 1861 Dei
878 1813 966 1860 sub
991 1813 1172 1875 triplici
1191 1812 1594 1860 consideratione.

443 1953 653 1995 XXVIII.
689 1954 793 1997 CUM
825 1965 926 2009 ergo
949 1950 1073 1995 aliter
1093 1966 1137 1995 se
1157 1950 1351 1996 habeant
1383 1949 1579 1995 omnium
1601 1958 1774 1994 creatu-

386 2038 533 2067 rarum
568 2023 754 2068 rationes
776 2021 1156 2067 incommutabiles
1179 2022 1224 2066 in
1246 2022 1393 2066 Verbo
1422 2021 1525 2077 Dei,
1551 2020 1675 2066 aliter
1703 2020 1776 2066 illa

387 2096 477 2154 ejus
511 2110 640 2154 opera
663 2110 686 2138 a
709 2093 869 2154 quibus
903 2093 948 2137 in
975 2093 1045 2137 die
1073 2093 1257 2153 septimo
1285 2092 1513 2154 requievit,
1547 2092 1670 2137 aliter
1696 2093 1777 2137 ista

388 2181 487 2225 quae
504 2181 554 2209 ex
572 2165 655 2210 illis
677 2181 816 2226 usque
839 2179 955 2209 nunc
978 2174 1183 2224 operatur
1200 2185 1209 2222 3
1224 2165 1383 2210 horum
1400 2164 1533 2208 trium
1555 2164 1638 2209 hoc
1656 2162 1777 2225 quod

387 2245 626 2280 extremum
649 2236 790 2296 posui,
815 2234 940 2280 nobis
964 2245 1204 2296 utcumque
1226 2245 1380 2280 notum
1404 2244 1469 2280 est
1488 2250 1565 2295 per
1587 2234 1778 2295 corporis

387 2322 535 2351 sensus
569 2317 611 2351 et
639 2308 769 2368 hujus
799 2306 1161 2352 consuetudinem
1194 2306 1309 2350 vitae.
1344 2309 1440 2350 Duo
1475 2322 1579 2351 vero
1612 2305 1683 2350 illa
1708 2321 1777 2350 re-

387 2389 505 2424 mota
529 2395 552 2423 a
584 2379 780 2423 sensibus
796 2414 806 2433 ,
843 2387 886 2422 et
908 2378 962 2422 ab
997 2395 1077 2422 usu
1101 2378 1371 2437 cogitationis
1394 2378 1599 2422 liumanae
1615 2413 1626 2433 ,
1661 2377 1778 2437 prius

388 2466 438 2494 ex
454 2449 600 2495 divina
623 2450 880 2495 auctoritate
899 2448 1116 2494 credenda
1138 2458 1265 2508 sunt3
1286 2449 1446 2494 deinde
1469 2465 1545 2510 per
1565 2450 1660 2493 haec
1677 2464 1778 2509 quae

387 2530 491 2567 nota
507 2529 609 2567 sunt
630 2530 872 2582 utcumque
889 2520 1124 2577 noscenda,
1151 2529 1317 2581 quanto
1339 2520 1525 2582 quisque
1546 2520 1680 2579 magis
1702 2518 1800 2574 mi·-
