1854 3219
303 205 355 230 DE
389 200 597 229 Doc'rniivA
630 200 885 228 efflusiiAnA
919 202 1001 227 Lm.
1039 202 1098 226 iv.
1337 185 1391 223 67

4 267 247 313 secundum
268 267 409 327 primo
421 300 432 321 ,
453 273 659 326 quartum
680 262 807 307 tertio
819 298 829 318 ,
846 272 1013 307 sextum
1032 263 1187 323 quinto
1204 275 1393 306 connec-

3 338 139 384 tendo
151 375 161 395 ,
178 339 263 383 tres
277 336 540 381 bimembres
552 335 758 380 circuitus
770 334 1070 379 decentissime
1080 334 1211 378 saciat
1227 355 1238 392 3
1255 348 1394 377 unum

3 427 93 472 quo
131 408 353 456 calamitas
383 405 638 464 imminens,
658 405 844 451 alterum
879 423 967 467 quo
1000 400 1138 451 lectus
1168 405 1392 466 impurus,

3 478 183 526 tertium
204 492 301 541 quo·
313 477 495 540 prodiga
517 492 666 522 mensa
687 486 967 522 monstretur.

62 549 184 596 XIX.
220 548 386 595 Deinde
407 548 673 593 luxuriosam
687 547 906 593 remordet
920 547 1091 592 aurium
1103 545 1389 606 voluptatem.

5 614 91 668 Ubi
113 636 213 667 cum
233 619 430 676 dixisset,
452 639 473 662 ι(
493 618 578 674 Qui
595 618 746 664 canitis
769 618 823 664 ad
841 633 993 664 vocem
1008 617 1198 680 p‘salterii
1213 653 1224 674 ,
1243 635 1263 659 »
1282 631 1395 678 quo-

4 690 122 739 niam
141 700 283 754 potest
313 692 500 737 exerceri
520 691 735 752 sapienter
755 707 780 736 a
801 690 1068 752 sapientibus
1089 689 1275 745 musica,
1302 688 1387 733 mi·-

2 764 126 810 rabili
156 762 312 809 decore
335 761 532 818 dicendi,
548 761 804 808 invectionis
824 762 994 822 impetu
1011 761 1201 806 relaxato
1215 770 1287 817 ,vet
1303 774 1395 805 non

5 836 62 882 ad
78 835 194 891 illos,
212 833 289 880 sed
305 833 360 879 de
376 832 459 878 illis
470 836 562 894 jam
576 832 759 895 loquens
771 870 781 890 ,
799 843 851 879 ut
871 850 950 879 nos
962 833 1173 878 musicam
1191 831 1395 893 sapientis

6 918 31 953 a
57 905 221 952 musica
249 904 505 950 luxuriantis
531 903 798 965 distinguere
828 914 1147 959 commoneret,
1183 919 1274 948 non
1306 903 1389 948 ait:

11 994 32 1022 «
65 974 151 1033 Qui
171 973 323 1023 canitis
337 972 393 1021 ad
409 990 561 1022 vocem
572 976 784 1037 psalterii,
805 984 849 1021 et
865 976 976 1021 sicut
990 974 1129 1021 David
1145 974 1308 1036 putatis
1321 988 1399 1020 vos

6 1050 168 1094 habere
193 1063 294 1095 vasa
326 1047 510 1094 cantici:
536 1065 557 1089 »
583 1045 660 1092 sed
689 1062 790 1092 cum
825 1047 938 1092 illud
975 1047 1030 1092 ad
1063 1045 1158 1091 illos
1192 1045 1397 1102 dixisset,

7 1115 129 1183 quod
138 1119 347 1165 luxuriosi
360 1118 511 1164 audire
524 1118 751 1176 deberent,
768 1139 788 1162 «
800 1120 885 1173 Qui
897 1119 1048 1164 canitis
1057 1118 1113 1164 ad
1126 1134 1276 1164 vocem
1289 1118 1398 1179 psal-

13 1209 35 1234 »
70 1191 187 1247 terii,
206 1209 226 1233 »
242 1191 504 1252 imperitiam
517 1205 695 1252 quoque
709 1206 861 1235 eorum
874 1189 964 1235 aliis
978 1190 1171 1251 quodam
1182 1190 1315 1235 modo
1328 1189 1398 1234 in-

12 1262 195 1317 dicavit,
218 1261 480 1321 adjungens,
509 1281 530 1302 «
557 1263 677 1305 Sicut
708 1262 846 1305 David
867 1271 1132 1320 putaverunt
1164 1278 1208 1306 se
1230 1261 1393 1305 habere

7 1351 29 1376 »
63 1347 163 1378 vasa
185 1332 363 1387 cantici,
378 1331 577 1376 bibentes
607 1331 653 1375 in
675 1331 830 1392 phialis
854 1332 1027 1388 vinum,
1051 1341 1094 1376 et
1122 1332 1289 1392 optimo
1311 1349 1397 1377 un-

7 1423 30 1448 »
64 1414 224 1464 guento
242 1402 444 1449 delibuti.
459 1421 478 1444 »
493 1403 589 1448 Tria
602 1403 696 1447 haec
713 1403 866 1448 melius
879 1403 1238 1463 pronuntiantur,
1251 1403 1284 1448 si
1302 1419 1398 1448 sus-

5 1477 148 1538 pensis
169 1475 342 1521 duobus
363 1474 582 1536 prioribus
604 1473 811 1519 membris
836 1474 1064 1531 circuitus,
1090 1474 1219 1520 tertio
1236 1474 1402 1519 finian-

12 1557 99 1594 tur.

62 1615 161 1664 XX.
197 1618 399 1664 Jamvero
421 1617 542 1678 quod
569 1617 634 1662 his
671 1617 876 1662 omnibus
898 1617 1123 1678 adjicitur,
1150 1637 1170 1661 «
1195 1620 1252 1662 Et
1287 1617 1398 1662 nihil

10 1709 31 1734 »
65 1690 344 1751 patiebantur
364 1704 494 1749 super
515 1687 776 1734 contritione
797 1690 981 1750 Joseph,
1006 1708 1026 1731 »
1052 1690 1140 1735 sive
1165 1690 1398 1735 continua-

10 1762 89 1806 tim
104 1760 274 1806 dicatur
294 1769 346 1804 ut
361 1774 502 1803 unum
523 1759 578 1803 sit
592 1760 841 1803 membrum
852 1796 862 1815 ,
877 1760 964 1804 sive
978 1759 1203 1805 decentius
1220 1776 1402 1821 suspen-

12 1833 142 1878 datur
154 1868 164 1888 ,
189 1852 209 1875 «
225 1833 284 1877 Et
299 1831 411 1876 nihil
426 1830 726 1891 patiebantur,
746 1849 766 1872 »
787 1840 830 1875 et
842 1832 1062 1891 posthanc
1077 1831 1401 1880 distinctionem

12 1902 225 1949 inferatur
239 1938 250 1958 ,
279 1922 299 1945 «
318 1905 455 1963 Super
468 1901 729 1946 contritione
748 1904 772 1946 J
776 1902 931 1961 oseph,
952 1922 968 1943 »
989 1911 1120 1963 atque
1143 1902 1196 1946 sit
1212 1903 1401 1948 bimem-

14 1974 104 2019 bris
112 1974 332 2029 circuitus,
342 1973 453 2018 miro
465 1971 621 2017 decore
630 1971 895 2017 nondictum
904 1981 967 2016 est
980 1992 987 2017 :
1005 1973 1152 2018 «Nihil
1171 1974 1402 2033 patieban-

16 2054 89 2090 tur
118 2060 247 2106 super
269 2044 531 2089 contritione
557 2042 717 2099 fratris,
746 2062 765 2085 »
783 2042 856 2088 sed
872 2044 1036 2103 positus
1059 2054 1122 2089 est
1145 2061 1224 2106 pro
1252 2044 1402 2102 fratre,

22 2135 43 2159 «
75 2114 252 2177 Joseph,
267 2133 287 2157 »
302 2124 353 2160 ut
369 2114 635 2176 quicumque
651 2110 783 2159 frater
800 2114 975 2175 proprio
989 2114 1304 2175 significaretur
1315 2118 1405 2178 ejus

19 2186 216 2242 nomine,
241 2186 363 2247 cujus
386 2201 437 2229 ex
457 2183 664 2229 fratribus
686 2184 801 2229 i'ama
823 2185 1030 2245 praeclara
1046 2196 1129 2243 est,
1155 2187 1226 2232 vel
1246 2188 1292 2232 in
1311 2204 1405 2233 ma-

17 2256 68 2314 lis
88 2273 187 2318 quae
203 2255 377 2317 pendit,
396 2254 524 2301 velin
543 2254 667 2300 bonis
683 2271 782 2316 quae
800 2257 1012 2315 rependit.
1026 2260 1112 2302 Iste
1129 2268 1245 2303 certe
1258 2268 1410 2319 tropus

18 2327 96 2372 ubi
137 2327 296 2388 Joseph
318 2341 643 2387 quemcumque
679 2325 859 2370 fratrem
893 2324 996 2371 facit
1018 2327 1225 2388 intelligi,
1264 2331 1410 2375 nescio

21 2408 171 2443 utrum
199 2398 272 2443 illa
287 2433 298 2454 ,
324 2414 458 2459 quam
481 2396 713 2442 didicimus
734 2407 778 2442 et
800 2397 1050 2454 docuimus,
1071 2410 1162 2444 arte
1196 2401 1408 2449 tradatur.

23 2469 165 2523 Quam
179 2468 234 2514 sit
253 2471 397 2514 'tamen
413 2467 621 2528 pulcher,
640 2476 684 2512 et
705 2467 1076 2528 quemadmodum
1093 2471 1252 2516 afficiat
1265 2471 1415 2530 legen-

1215 2555 1233 2566 ,ν

1213 2568 1252 2594 ἰ).
