1854 3219
381 189 461 226 102
807 194 841 223 s.
878 194 1109 226 Aucusrmx
1141 198 1324 226 Emscom

378 265 448 310 tire
471 265 523 307 sit
546 262 788 307 universale
810 262 1024 318 officium,
1052 263 1097 306 in
1125 277 1407 323 quocumque
1433 263 1613 307 istorum
1636 263 1767 308 trium

378 348 585 394 generum
605 369 615 388 ,
643 332 786 376 dicere
809 341 908 392 apte
931 332 985 377 ad
1015 334 1366 393 persuasionem,
1394 332 1489 379 finis
1512 341 1684 389 autem,
1722 333 1768 380 id

378 404 498 466 quod
522 404 783 460 intenderis,
803 403 1061 464 persuadere
1075 404 1286 463 dicendo,
1306 405 1351 449 in
1368 419 1650 466 quocumque
1666 404 1769 450 isto-

378 492 476 521 rum
499 476 631 521 trium
659 491 866 535 generum
895 474 999 520 dicit
1020 475 1198 538 quidem
1221 476 1430 538 eloquens
1460 485 1561 537 apte
1583 477 1640 522 ad
1670 491 1771 536 per-

374 547 642 601 suasionem,
673 545 748 590 sed
778 546 859 590 nisi
891 546 1168 606 persuadeat,
1205 547 1259 591 ad
1289 547 1423 592 finem
1455 562 1546 592 non
1568 546 1770 607 pervenit

378 617 657 679 eloquentiae.
684 615 919 662 Persuadet
936 627 1082 662 autem
1100 619 1145 662 in
1162 618 1375 662 submisso
1393 632 1550 677 genere
1563 633 1665 663 vera
1680 632 1771 662 esse

379 707 480 751 quae
499 688 602 733 dicit
629 709 637 734 :
669 688 900 749 persuadet
921 690 965 735 in
987 689 1167 750 grandi,
1198 699 1249 734 ut
1273 698 1458 748 agantur
1481 705 1581 750 quae
1604 687 1772 749 agenda

381 777 471 807 esse
488 762 578 821 jam
601 760 819 815 sciuntur,
846 777 924 806 nec
939 771 1130 821 aguntur
1152 780 1160 806 z
1181 759 1474 821 persuadetin
1492 775 1649 820 genere
1666 769 1774 806 tem-

379 842 548 894 perato,
573 831 756 892 pulchre
776 842 1016 894 ornateque
1039 848 1082 878 se
1098 833 1243 878 dicere
1270 851 1279 876 z
1305 847 1394 892 quo
1409 831 1496 876 fine
1518 831 1644 876 nobis
1666 830 1776 892 quid

382 921 491 965 opus
514 905 605 949 est?
638 906 860 963 Appetant
889 920 989 949 eum
1013 905 1089 965 qui
1110 903 1261 963 lingua
1279 902 1521 961 gloriantur
1537 938 1548 959 ,
1582 911 1626 948 et
1652 917 1697 947 se
1729 901 1776 948 in

380 975 651 1037 panegyricis
689 974 933 1037 talibusque
966 975 1232 1020 dictionibus
1255 975 1454 1035 jactant,
1491 973 1567 1019 ubi
1589 988 1671 1019 nec
1692 971 1776 1019 do-

381 1046 568 1102 cendus,
594 1061 675 1090 nec
695 1046 750 1090 ad
774 1046 937 1107 aliquid
959 1045 1179 1105 agendum
1194 1043 1458 1100 movendus,
1480 1044 1558 1090 sed
1580 1053 1777 1090 tantum-

381 1118 515 1163 modo
539 1129 602 1163 est
624 1117 909 1163 delectandus
928 1116 1117 1162 auditor.
1136 1119 1222 1163 Nos
1235 1132 1339 1162 vero
1361 1116 1493 1162 istum
1513 1116 1646 1162 finem
1666 1114 1779 1161 refe-

384 1205 530 1234 ramus
547 1190 601 1233 ad
615 1189 802 1234 alterum
816 1189 948 1233 finem
961 1223 972 1243 ,
991 1198 1040 1232 ut
1056 1188 1220 1233 scilicet
1233 1187 1354 1248 quod
1369 1188 1540 1232 efficere
1555 1186 1777 1242 volumus,

386 1274 489 1304 cum
512 1257 733 1317 granditer
755 1259 938 1303 dicimus
952 1293 963 1313 ,
988 1259 1073 1302 hoc
1095 1258 1227 1301 etiam
1244 1257 1326 1302 isto
1348 1256 1548 1313 velimus,
1572 1255 1619 1302 id
1630 1266 1711 1313 est,
1731 1265 1781 1304 ut

382 1331 500 1376 bona
523 1346 697 1374 morum
725 1329 982 1388 diligantur,
1015 1328 1085 1373 vel
1108 1327 1359 1372 devitentur
1390 1328 1533 1386 mala,
1567 1328 1601 1377 si
1622 1328 1676 1374 ab
1698 1329 1781 1375 hac

383 1402 555 1447 actione
589 1417 678 1446 non
713 1401 772 1444 sie
807 1399 934 1444 alieni
964 1408 1066 1444 sunt
1098 1399 1322 1454 homines,
1354 1408 1404 1443 ut
1432 1399 1489 1443 ad
1510 1414 1605 1443 eam
1627 1399 1781 1458 grandi

384 1488 542 1532 genere
566 1471 768 1516 dictionis
790 1469 977 1530 urgendi
998 1468 1229 1515 videantur
1256 1490 1264 1514 :
1291 1479 1368 1515 aut
1389 1470 1423 1514 si
1440 1471 1532 1530 jam
1554 1469 1600 1514 id
1623 1479 1776 1529 agunt,

382 1553 434 1588 ut
457 1553 587 1603 agant
609 1541 862 1597 studiosius,
889 1551 1020 1602 atque
1042 1541 1088 1585 in
1110 1556 1161 1585 eo
1184 1541 1364 1585 firmiter
1391 1549 1685 1600 perseverent.
1715 1544 1783 1586 Ita

386 1616 437 1658 fit
458 1624 508 1658 ut
534 1615 662 1658 etiam
684 1612 912 1673 temperati
935 1612 1100 1671 generis
1118 1621 1298 1667 ornatu,
1324 1627 1413 1656 non
1429 1613 1671 1673 jactanter,
1706 1611 1783 1657 sed

389 1687 628 1746 prudenter
652 1695 828 1729 utamur
849 1705 856 1729 2
884 1700 973 1729 non
996 1685 1087 1744 ejus
1109 1685 1196 1728 fine
1223 1685 1439 1740 contenti,
1466 1700 1555 1746 quo
1579 1693 1779 1729 tantum-

386 1758 521 1802 modo
537 1757 778 1802 delectatur
793 1756 963 1801 auditor
980 1777 991 1814 ς
1011 1755 1088 1800 sed
1104 1757 1187 1800 hoc
1202 1756 1348 1815 potius
1363 1765 1539 1815 agentes
1551 1791 1562 1811 ,
1580 1765 1631 1801 ut
1647 1756 1778 1803 etiam

387 1832 480 1891 ipso
497 1831 552 1875 ad
572 1831 737 1875 bonum
761 1828 882 1891 quod
904 1827 1162 1889 persuadere
1182 1827 1406 1885 volumus,
1436 1827 1688 1889 adjuvetur.
