1854 3219
302 239 356 265 DE
387 237 538 265 cx-:NsssI
569 236 624 262 An
657 234 898 273 LITTERAM,
934 237 1017 262 Lm.
1054 236 1115 261 xi.
1311 224 1396 262 539

15 303 260 362 diligendos
289 304 500 347 inimicos.
535 302 621 347 Sed
657 300 729 345 ille
751 311 815 345 est
835 301 1008 348 initium
1030 301 1253 359 figmenti,
1279 300 1401 361 quod

16 373 76 418 sic
95 373 309 430 illuditur,
335 373 438 434 quia
459 371 669 433 praecedit
695 372 797 416 istos
823 382 866 417 et
887 372 1093 432 temporis
1111 372 1370 432 antiquitate
1384 408 1396 428 ,

16 444 337 505 etſsprincipatu
364 443 556 488 malitiae.
594 446 688 488 Hoc
717 453 863 488 autem
900 444 963 488 illi
984 447 1098 488 Deus
1119 459 1196 503 per
1232 453 1401 488 sanctos

15 514 206 574 Angelos
225 515 356 572 facit,
380 513 456 559 illo
485 529 616 574 opere
636 513 945 574 providentiae,
979 529 1067 574 quo
1085 523 1248 558 creatas
1268 523 1400 558 natu-

16 601 83 629 ras
115 584 407 641 administrat,
433 584 624 629 subdens
644 583 846 629 videlicet
867 584 1043 644 angelos
1073 583 1207 628 malos
1227 583 1400 641 Angelis

16 655 165 711 bonis,
185 665 236 699 ut
255 655 471 700 malorum
494 654 763 715 improbitas,
789 671 878 700 non
900 664 1116 716 quantum
1137 654 1305 709 nititur,
1325 654 1401 699 sed

17 735 233 787 quantum
245 726 415 781 sinitur,
437 726 570 786 possit
585 746 594 770 :
609 741 689 770 nec
706 735 878 770 tantum
898 725 1154 785 angelorum
1169 725 1397 780 malorum,

17 812 166 842 verum
193 806 237 841 et
256 797 507 852 hominum,
528 795 666 841 donec
684 797 813 841 etiam
831 797 911 841 ista
928 796 1117 857 justitia,
1142 811 1229 856 qua
1243 795 1402 840 vivitur

17 883 69 912 ex
95 868 229 924 fide¹,
267 884 366 928 quae
394 884 514 912 nunc
541 868 756 928 patienter
788 868 834 911 in
866 868 1117 912 hominibus
1152 876 1398 921 exercetur,

17 947 296 983 convertatur
311 974 322 994 ,
347 939 392 982 in
408 938 624 999 judicium
639 940 655 963 ²
671 975 682 994 ,
707 948 758 982 ut
782 939 947 998 possint
981 947 1023 982 et
1048 937 1127 997 ipsi
1152 953 1240 981 non
1263 936 1402 981 solum

18 1008 250 1055 duodecim
267 1009 407 1054 tribus
429 1009 560 1054 Israel
574 1011 606 1066 ³,
627 1008 702 1054 sed
720 1010 849 1053 etiam
867 1006 1053 1067 Angelos
1071 1007 1309 1069 judicare4.

17 1166 512 1185 mmmmm

729 1164 1398 1183 mmmmmmmmwmmmu

501 1282 726 1329 CAPUT
762 1283 929 1329 ΧΧΙΙΙ.

15 1431 78 1478 ‚U
76 1441 95 1477 t
120 1430 482 1494 intelllgendum
502 1441 573 1477 est
593 1430 841 1477 diabolum
863 1432 912 1476 in
931 1433 1136 1477 veritate
1157 1446 1403 1489 nunquam

16 1544 19 1545 γ
612 1506 810 1548 stetisse.

13 1603 22 1606 >
76 1576 219 1619 XXX.
254 1576 381 1627 Quon
408 1589 511 1633 ergo
538 1584 719 1635 putatur
740 1587 970 1635 nunquam
992 1573 1193 1618 diabolus
1217 1574 1263 1617 in
1290 1574 1403 1617 veri-

18 1655 107 1691 tate
120 1646 298 1700 stetisse,
314 1660 543 1705 nunquam
559 1661 660 1690 cum
678 1645 854 1704 Angelis
872 1645 1044 1689 beatam
1060 1644 1228 1688 duxisse
1249 1643 1400 1699 vitam,

16 1717 94 1763 sed
116 1717 172 1761 ab
194 1718 286 1777 ipso
307 1732 397 1760 suae
422 1717 683 1761 conditionis
705 1718 828 1762 initio
846 1716 1070 1771 cecidisse,
1101 1732 1190 1761 non
1213 1717 1271 1760 sic
1290 1717 1403 1759 acci-

15 1788 230 1849 piendum
252 1797 340 1842 est,
374 1796 425 1831 ut
461 1803 550 1831 non
577 1789 749 1848 propria
771 1788 997 1832 voluntate
1021 1788 1301 1847 depravatus,
1328 1787 1404 1832 scd

17 1858 159 1903 malus
176 1874 200 1902 a
222 1858 340 1902 bono
357 1861 447 1902 Deo
465 1867 633 1902 creatus
655 1868 856 1918 putetur3
882 1858 1076 1919 alioquin
1097 1874 1186 1902 non
1209 1859 1263 1902 ab
1281 1858 1404 1902 initio

17 1928 222 1974 cecidisse
243 1928 462 1973 diceretur
483 1948 491 1973 :
523 1944 666 1989 neque
695 1929 809 1972 enim
838 1929 995 1974 cecidit
1010 1965 1020 1984 ,
1052 1929 1086 1972 si
1108 1927 1204 1972 talis
1226 1938 1289 1972 est
1314 1926 1405 1972 fac-

18 2008 88 2044 tus
101 2000 132 2042 ⁵.
160 1998 245 2044 Sed
265 1998 403 2043 factus
419 1999 629 2043 continuo
645 2014 690 2043 se
705 2015 729 2043 a
743 1999 842 2043 luce
858 2000 1048 2043 veritatis
1066 1999 1235 2053 avertit,
1251 2013 1404 2058 super-

17 2069 92 2114 hia
107 2068 319 2123 tumidus,
335 2077 379 2112 et
395 2069 581 2129 propriae
598 2070 820 2129 potestatis
834 2069 1120 2113 delectatione
1143 2078 1373 2129 corruptus
1392 2089 1401 2114 :

18 2138 138 2184 'unde
161 2138 302 2182 beatae
324 2147 456 2199 atque
478 2139 685 2199 angelicae
707 2139 807 2184 vitae
836 2139 1114 2184 dulcedinem
1137 2155 1227 2183 non
1256 2149 1403 2198 gusta-

19 2209 110 2265 vit,
141 2224 274 2270 quam
307 2224 398 2253 non
424 2209 578 2270 utique
606 2220 828 2270 acceptam
851 2210 1081 2266 fastidivit,
1117 2209 1193 2254 sed
1213 2209 1404 2254 nolendo

18 2278 215 2340 accipere
237 2278 449 2335 deseruit,
481 2289 524 2323 et
549 2281 705 2324 amisit.
738 2282 925 2326 Proinde
955 2296 1034 2325 nec
1056 2282 1123 2325 sui
1145 2297 1268 2325 casus
1289 2297 1403 2341 prae-

21 2350 133 2394 scius
155 2364 244 2393 esse
270 2350 440 2408 potuit,
466 2351 675 2410 quoniam
695 2351 906 2410 sapientia
927 2352 1096 2411 pietatis
1119 2361 1187 2396 est
1215 2351 1398 2396 fructus.

20 2419 100 2466 Ille
128 2420 502 2465 autemcontinuo
526 2420 707 2480 impius,
736 2431 1052 2481 consequenter
1080 2431 1123 2465 et
1149 2431 1295 2465 mente
1318 2438 1403 2465 cae-

70 2523 78 2538 ¹
101 2519 193 2548 Rom.
213 2526 237 2556 1,
256 2526 306 2558 17.
327 2533 370 2538 —
391 2523 403 2539 ²
419 2517 498 2550 Psal.
520 2529 604 2550 xcm.
633 2517 682 2550 15.
700 2534 742 2540 —
757 2515 770 2541 3
789 2518 901 2550 Matth.
922 2529 990 2558 xix,
1011 2518 1063 2551 28.
1090 2536 1132 2542 -
1147 2517 1163 2548 4
1187 2530 1198 2550 1
1216 2521 1287 2550 Cor.
1309 2518 1400 2561 vrjss.

23 2588 65 2594 ·--
81 2568 96 2594 5
112 2573 287 2613 Joan.v1n‚
307 2570 360 2614 44.
