1854 3219
376 187 455 225 169.
808 199 840 227 s.
878 201 1107 230 Aususum
1143 205 1323 231 El‘lscm’l

365 349 403 365 m
412 349 1188 372 „wmtmwwwwwwmwmmm„m
1195 355 1260 372 ,ω
1266 355 1402 372 mmm
1408 355 1473 373 w„
1480 355 1762 374 „mmmmm

891 474 1108 525 CAPUT
1148 479 1232 525 1³9.

444 617 620 664 Altera
644 622 888 679 responsio
919 620 991 667 ad
1007 625 1304 682 superiorem
1331 625 1666 682 cylices-tionem.

418 760 495 801 IX,
531 761 599 802 ΑΝ
635 774 737 802 cum
768 758 959 819 primum
994 760 1127 805 fiebat
1153 759 1399 805 informitas
1435 762 1629 805 materiae
1669 762 1758 807 sive

352 827 567 888 spiritalis,
585 829 672 873 sive
687 830 938 890 corporalis,
962 847 1052 875 non
1067 841 1158 876 erat
1169 831 1408 876 dicendum
1424 852 1432 877 ε
1452 852 1471 874 ‹<
1488 833 1602 877 Dixit
1615 836 1728 878 Deus
1744 853 1753 878 :

355 916 374 939 »
402 902 433 943 F
439 899 523 958 iat3
553 901 680 961 »quia
703 899 889 946 formam
901 903 1035 947 Verbi
1051 918 1222 963 semper
1238 903 1357 948 Patri
1371 903 1650 960 cohaerentis,
1665 920 1755 965 quo

349 971 612 1030 sempiterne
635 971 741 1017 dicit
762 976 875 1018 Deus
897 974 1057 1029 omnia,
1082 990 1227 1035 neque
1249 990 1356 1019 sono
1370 975 1504 1031 vocis,
1527 990 1672 1036 neque
1684 991 1756 1020 eo-

352 1041 560 1100 gitatione
574 1052 768 1103 tempora
781 1060 989 1089 sonorum
1001 1044 1220 1101 volvente,
1237 1045 1313 1090 sed
1325 1055 1541 1091 coaeterna
1556 1046 1638 1091 sibi
1656 1046 1755 1092 luce

350 1129 373 1157 a
396 1130 440 1159 se
472 1116 628 1173 genitae
665 1117 898 1176 Sapientiae
919 1153 930 1173 ‚
967 1133 1058 1162 non
1090 1118 1286 1162 imitatur
1316 1118 1618 1178 imperfectio,
1652 1135 1755 1164 cum

348 1184 567 1232 dissimilis
588 1187 643 1232 ab
666 1203 718 1232 eo
738 1187 859 1249 quod
881 1204 1050 1233 summe
1073 1205 1123 1233 ac
1140 1189 1343 1249 primitus
1367 1199 1432 1234 est
1449 1226 1459 1245 ,
1481 1188 1753 1235 informitate

347 1257 539 1318 quadam
564 1258 706 1303 tendit
730 1259 785 1304 ad
806 1259 1018 1318 nihilum3
1055 1259 1131 1304 sed
1154 1270 1260 1305 tunc
1284 1261 1483 1306 imitatur
1505 1262 1640 1306 Verbi
1663 1261 1754 1307 sor-

347 1346 487 1387 mam,
506 1347 675 1392 semper
697 1340 830 1393 atque
846 1332 1267 1378 incommutabiliter
1291 1334 1408 1378 Patri
1428 1335 1723 1379 cohaerentem
1737 1370 1748 1391 ,

345 1420 447 1449 cum
473 1414 516 1449 et
537 1405 628 1465 ipsa
650 1421 730 1465 pro
753 1405 819 1449 sui
843 1406 1013 1464 generis
1042 1405 1328 1450 conversione
1357 1405 1413 1449 ad
1431 1404 1477 1449 id
1499 1405 1619 1466 quod
1648 1421 1750 1450 vere

347 1492 396 1521 ac
408 1492 577 1537 semper
591 1486 669 1532 est,
685 1477 730 1520 id
743 1486 821 1532 est,
839 1477 894 1521 ad
908 1487 1148 1521 creatorem
1165 1494 1253 1522 suae
1272 1477 1546 1533 substantiae,
1564 1476 1748 1522 sormam

345 1549 487 1608 capit7
515 1557 557 1593 et
593 1549 643 1592 fit
665 1546 859 1608 perfecta
881 1558 1077 1593 ereatura
1107 1568 1114 1593 :
1142 1558 1191 1592 ut
1215 1549 1261 1592 in
1291 1565 1342 1593 eo
1378 1547 1501 1609 quod
1526 1549 1748 1609 Scriptura

340 1629 510 1676 narrat,
536 1640 557 1663 α
590 1620 704 1664 Dixit
735 1624 850 1664 Deus
878 1639 886 1664 ;
914 1620 1038 1675 Fiat,
1068 1638 1088 1660 »
1120 1619 1418 1678 intelligamus
1465 1620 1545 1664 Dei
1579 1619 1747 1665 dictum

341 1692 650 1752 incorporeum
675 1691 721 1736 in
743 1701 897 1735 natura
923 1691 1058 1735 Verbi
1080 1692 1171 1751 ejus
1194 1692 1400 1736 coaeterni
1426 1692 1668 1736 revocantis
1691 1690 1746 1736 ad

341 1778 385 1807 se
419 1762 796 1823 imperfectionem
831 1772 1043 1807 creaturae
1065 1797 1075 1817 ‚
1110 1772 1161 1806 ut
1190 1779 1281 1807 non
1315 1762 1368 1807 sit
1403 1763 1601 1807 informis
1621 1799 1632 1819 ‚
1669 1761 1746 1806 sed

340 1832 557 1879 formetur
578 1833 821 1879 secundum
841 1832 1005 1892 singula
1020 1869 1030 1889 ,
1052 1850 1152 1894 quae
1169 1849 1247 1893 per
1266 1833 1471 1878 ordinem
1493 1834 1739 1894 exequitur.

342 1908 395 1950 In
423 1922 511 1967 qua
544 1906 827 1951 conversione
858 1915 902 1949 et
933 1903 1195 1949 formatione
1215 1940 1226 1959 7
1253 1899 1357 1965 quia
1391 1920 1471 1964 pro
1501 1921 1580 1949 suo
1609 1905 1742 1950 modo

337 1977 534 2022 imitatur
550 1980 690 2022 Deum
708 1977 921 2031 Verbum,
937 1977 1022 2020 hoc
1045 1984 1123 2031 est,
1146 1975 1223 2019 Dei
1247 1974 1410 2019 Filium
1429 1991 1600 2036 semper
1623 1976 1740 2020 Patri

335 2050 631 2094 cohaerentem
647 2085 657 2104 ,
676 2047 813 2118 -Pssv'lla
839 2045 1124 2091 similitudine
1147 2055 1190 2089 et
1208 2046 1396 2090 essentia
1421 2047 1516 2106 pari
1536 2063 1622 2107 qua
1648 2046 1740 2107 ipse

334 2131 379 2166 et
412 2125 539 2165 Pater
563 2136 703 2165 unum
731 2121 886 2177 sunt¹3
916 2134 1006 2162 non
1040 2127 1186 2162 autem
1221 2117 1422 2161 imitatur
1451 2118 1566 2162 hanc
1602 2118 1739 2162 Verbi

333 2191 545 2248 formam,
571 2192 606 2236 si
630 2207 777 2236 aversa
800 2207 823 2234 a
845 2192 1050 2235 Creatore
1072 2224 1077 2236 .
1105 2187 1304 2232 informis
1324 2198 1367 2232 et
1387 2188 1645 2248 imperfecta
1669 2205 1738 2233 re-

334 2273 539 2310 maneat:
565 2272 796 2324 propterea
826 2261 923 2305 Filii
947 2260 1304 2305 commemoratio
1333 2275 1423 2304 non
1450 2259 1509 2303 ita
1544 2261 1593 2304 fit
1632 2261 1762 2321 quia‘

334 2335 533 2380 Verbum
551 2370 561 2389 ‚
597 2334 674 2379 sed
697 2343 868 2378 tantum
891 2331 993 2392 quia
1016 2331 1281 2391 principium
1301 2340 1386 2386 est,
1409 2346 1509 2374 cum
1531 2330 1693 2375 dicitur
1721 2351 1728 2376 :

338 2427 360 2452 «
385 2411 436 2452 In
458 2406 673 2468 principio
702 2404 805 2450 fecit
836 2408 949 2448 Deus
972 2402 1144 2448 coelum-
1175 2412 1218 2447 et
1253 2412 1439 2461 terram3
1463 2421 1482 2444 »
1505 2403 1731 2447 exordium

334 2480 497 2541 quippe
527 2487 737 2523 creaturae
766 2476 1010 2520 insinuatur
1033 2474 1177 2519 adhuc
1206 2474 1251 2517 in
1273 2472 1541 2519 informitate
1564 2474 1729 2535 imper-

384 2583 391 2598 ¹
413 2578 505 2608 Joan.
527 2587 568 2614 x,
590 2576 642 2605 30.
