1854 3219
360 185 443 224 202
785 192 818 221 S.
856 193 1087 224 Auens-nm
1119 195 1302 224 EPISCOPI

359 276 445 322 que
465 260 581 304 enim
614 259 724 304 310111
746 275 824 304 1103
848 259 904 305 ad
925 260 1251 321 percipiendam
1276 262 1531 323 sapientiam
1549 265 1751 325 proficie-

358 332 464 375 bant
486 329 641 389 Angeli
658 366 668 385 ‚
688 339 737 374 ut
755 330 982 376 invisibilia
1001 332 1078 376 Dei
1096 348 1172 393 per
1194 349 1242 377 ea
1260 349 1359 394 quae
1382 332 1495 380 facta
1509 345 1610 380 sunt
1623 335 1756 381 intel-

358 401 473 446 lecta
502 401 853 461 conspicerent1,
885 402 961 463 qui
990 417 1043 446 cx
1064 419 1152 464 quo
1178 405 1310 449 creati
1344 415 1472 461 sunt,
1498 406 1590 466 ipsa
1621 407 1754 452 Verbi

363 471 608 516 aeternitate
635 480 782 517 sancta
805 481 848 517 et
868 473 940 533 pia
962 475 1329 535 contemplatione
1350 475 1664 536 perfruuntur3
1688 487 1755 523 at-

359 559 445 606 que
487 541 589 587 inde
609 543 689 588 ista
711 543 996 604 despicientes
1012 581 1024 601 ,
1059 545 1300 591 secundum
1331 545 1377 591 id
1405 546 1526 609 quod
1547 548 1665 595 intus
1688 549 1755 594 vi-

364 615 499 672 dent,
519 615 590 661 vel
607 613 864 661 recte-facta
886 617 1159 678 approbant,
1192 617 1263 664 vel
1285 628 1461 678 peccata
1483 619 1750 681 improbant.

417 691 586 733 XVIII.
614 690 701 734 Nec
728 688 889 735 mirum
911 699 997 746 est,
1028 690 1152 751 quod
1185 691 1342 736 33110113
1363 691 1539 750 Angelis
1562 692 1674 749 suis,
1709 694 1758 739 in

356 760 496 821 prima
524 758 633 805 lucis
667 759 918 806 conditione
941 759 1163 818 formatis,
1198 762 1317 822 prius
1350 765 1464 807 Deus
1495 763 1758 810 ostendebat

356 831 480 893 quod
501 841 593 876 erat
630 830 833 894 deinceps
863 842 1101 878 creaturus.
1144 835 1297 894 Neque
1333 834 1450 878 enim
1482 833 1756 882 intellectum

357 903 437 948 Dei
460 913 662 960 nossent,
689 904 770 948 nisi
791 914 1009 966 quantum
1031 905 1122 965 ipse
1145 914 1438 950 monstrasset.
1466 925 1487 948 «
1507 906 1613 960 Quis
1638 907 1758 952 enim

361 993 380 1016 »
408 975 612 1033 cognovit
630 974 903 1020 intellectum
926 976 1123 1032 Domini,
1148 986 1224 1022 aut
1246 976 1342 1037 quis
1364 976 1632 1024 consiliarius
1663 979 1757 1040 ejus

359 1065 380 1089 »
402 1045 502 1103 fuit,
529 1057 605 1092 aut
621 1048 717 1109 quis
735 1049 852 1108 prior
871 1047 995 1093 dedit
1014 1048 1092 1105 illi,
1115 1057 1157 1093 et
1171 1049 1441 1094 retribuetur
1458 1050 1522 1094 ei?
1537 1051 1757 1104 Quoniam

360 1136 380 1160 »
403 1134 453 1164 ex
476 1119 585 1179 ipso,
609 1129 651 1163 et
670 1134 746 1180 per
762 1119 919 1179 ipsum,
942 1128 985 1163 ct
1005 1119 1051 1164 in
1068 1120 1161 1180 ipso
1184 1129 1288 1164 sunt
1309 1120 1456 1165 omnia
1471 1124 1504 1164 2.
1535 1138 1556 1162 »
1582 1123 1648 1165 Ex
1662 1121 1756 1182 ipso

356 1206 460 1249 ergo
478 1190 704 1236 discebant
716 1189 873 1249 Angeli
891 1226 901 1245 ‚
925 1206 1027 1235 cum
1049 1190 1095 1234 in
1113 1191 1172 1235 eis
1195 1192 1319 1235 fieret
1336 1191 1529 1251 cognitio
1545 1201 1756 1238 creaturae

353 1261 557 1321 deinceps
579 1259 788 1305 faciendae
804 1295 815 1315 ,
843 1277 891 1305 30
914 1259 1072 1305 deinde
1090 1262 1213 1307 fieret
1229 1263 1275 1306 in
1294 1278 1452 1322 genere
1465 1264 1660 1323 proprio.

414 1335 537 1377 XIX.
571 1335 847 1392 Quapropter
863 1333 954 1392 jam
976 1331 1074 1377 luce
1098 1331 1239 1390 sacta,
1278 1334 1323 1378 in
1352 1350 1440 1395 qua
1470 1334 1757 1394 intelligimus

357 1406 413 1451 ab
437 1415 600 1450 aeterna
623 1405 722 1450 luce
744 1403 976 1450 formatam
1000 1405 1260 1450 rationalem
1288 1415 1533 1450 creaturam
1550 1442 1560 1462 ‚
1587 1422 1689 1451 cum
1710 1407 1758 1453 in

356 1478 518 1524 eaeteris
534 1476 730 1523 creandis
748 1477 876 1521 rebus
900 1476 1126 1533 audimus,
1157 1496 1178 1520 «
1198 1481 1255 1521 Et
1272 1477 1379 1522 dixit
1404 1481 1519 1523 Deus
1545 1498 1553 1522 :
1579 1479 1705 1537 Fiat3
1732 1497 1753 1522 »

357 1548 653 1609 intelligamus
677 1548 733 1593 ad
749 1548 1039 1593 aeternitatem
1058 1547 1191 1593 Verbi
1209 1548 1283 1592 Dei
1304 1558 1603 1593 recurrentem
1620 1550 1760 1610 Scrip-

356 1632 468 1667 1111εο
489 1622 791 1666 1111011110110111.
830 1623 945 1666 Cum
973 1636 1082 1666 vcro
1105 1620 1305 1665 audimus
1322 1656 1333 1676 ,
1369 1640 1389 1663 «
1414 1624 1472 1665 Et
1493 1621 1553 1666 sic
1575 1630 1639 1666 est
1667 1620 1758 1667 fac-

360 1712 381 1736 »
408 1703 535 1751 tum3
573 1713 590 1736 »
624 1691 919 1752 intelligamus
960 1692 1006 1736 in
1039 1701 1236 1737 creatura
1274 1690 1564 1736 intellectuali
1595 1691 1758 1737 factam

358 1765 656 1825 cognitionem
683 1763 886 1819 rationis,
913 1779 1012 1824 quae
1042 1763 1090 1807 in
1110 1763 1258 1807 Verbo
1282 1763 1360 1806 Dei
1383 1771 1474 1818 est,
1511 1763 1757 1808 condendae

358 1846 568 1883 creaturae
584 1872 594 1892 ,
619 1845 670 1880 ut
689 1836 736 1879 in
757 1851 807 1880 ea
834 1844 990 1879 natura
1012 1835 1132 1895 prius
1161 1833 1356 1897 quodam
1380 1832 1514 1879 modo
1533 1833 1649 1880 facta
1674 1835 1728 1880 sit
1743 1871 1756 1892 ‚

358 1925 457 1972 quae
489 1908 703 1953 anteriore
725 1906 919 1969 quodam
945 1915 1071 1952 motu
1098 1906 1146 1950 in
1166 1906 1260 1966 ipso
1282 1906 1359 1951 Dei
1378 1906 1527 1951 Verbo
1546 1906 1665 1966 prior
1687 1904 1756 1952 fa-

359 1979 558 2025 ciendam
582 1995 672 2024 esse
690 1979 895 2039 cognovit
918 1998 927 2024 ;
950 1988 1000 2023 111
1018 1987 1239 2039 postremo
1272 1993 1375 2029 eum
1398 1978 1600 2023 audimus
1618 1979 1758 2039 repeti

359 2067 408 2097 30
429 2050 515 2096 dici
537 2050 658 2113 quod
683 2071 704 2095 «
729 2051 851 2096 Fecit
882 2054 996 2096 Deus
1013 2086 1024 2107 ,
1054 2068 1074 2092 1)
1102 2051 1193 2111 jam
1209 2049 1506 2110 intelligamus
1521 2049 1568 2094 in
1583 2066 1664 2095 suo
1682 2065 1757 2110 ge-

359 2139 461 2171 nere
477 2124 569 2168 fieri
586 2123 723 2184 ipsam
741 2132 999 2168 creaturam.
1023 2126 1157 2168 Porro
1179 2136 1281 2166 cum
1295 2120 1510 2178 audimus,
1533 2140 1553 2164 ‹<
1568 2124 1626 2167 Et
1645 2120 1758 2168 vidit

363 2212 382 2236 >›
412 2197 526 2239 Deus
553 2194 656 2255 quia
678 2194 848 2239 bonum
869 2202 960 2251 est,
998 2211 1018 2235 n
1054 2192 1348 2253 intelligamus
1381 2192 1644 2252 benignitati
1673 2193 1751 2239 Dei

360 2266 572 2328 placuisse
594 2265 716 2327 quod
739 2264 906 2310 factum
928 2274 1014 2321 est,
1041 2274 1092 2310 ut
1117 2281 1196 2326 pro
1218 2265 1351 2310 modo
1373 2264 1440 2309 sui
1463 2263 1630 2324 generis
1659 2278 1754 2308 ma-

361 2347 484 2382 neret
501 2336 622 2398 quod
644 2336 810 2398 placuit
828 2345 879 2381 ut
899 2337 1023 2382 fieret
1041 2371 1052 2393 ‚
1078 2352 1180 2383 cum
1204 2335 1386 2397 Spiritus
1408 2335 1486 2381 Dei
1505 2333 1752 2396 superfere-

362 2410 493 2456 batur
507 2424 636 2469 super
658 2423 832 2469 aquam.

411 2513 421 2530 ¹
441 2507 534 2540 Rom.
551 2517 575 2548 1,
596 2514 651 2540 20.
667 2523 710 2529 —
730 2506 876 2546 ²1d.x1‚
899 2503 1021 2547 34-36.
