1854 3219
362 154 439 194 104
801 168 833 194 s.
871 165 1102 195 Aucusruu
1136 167 1318 195 EPISCOPI

356 247 544 275 errorem
563 266 572 286 ,
595 240 637 275 et
653 230 781 276 docet
796 230 953 275 falsum
976 247 1066 276 esse
1082 268 1093 287 ,
1114 231 1234 293 quod
1252 232 1305 277 ab
1320 231 1395 276 illo
1412 231 1496 276 dici
1517 231 1750 278 videbatur

359 303 598 359 invictum,
624 302 811 346 maxime
842 302 1021 363 quando
1044 303 1167 348 adest
1194 304 1232 347 ei
1258 303 1482 364 quoddam
1506 303 1639 348 decus
1661 319 1750 350 non

359 374 626 433 appetitum,
649 373 725 418 sed
746 371 939 433 quodam
962 373 1094 419 modo
1111 373 1325 430 naturale,
1347 383 1388 418 et
1406 372 1634 430 nonnulla,
1659 390 1749 419 non

351 442 650 505 jactanticula,
664 442 739 488 scd
753 443 876 504 quasi
892 445 1145 500 necessaria,
1167 454 1298 506 atque
1311 450 1324 501 (
1337 453 1387 489 ut
1398 445 1456 489 ita
1473 444 1634 501 dicam)
1649 445 1749 505 ipsis

356 514 486 558 rebus
505 523 669 559 extorta
692 515 979 559 numerositas
1001 514 1295 560 clausularum
1315 536 1326 573 3
1358 523 1499 560 tantas
1533 514 1748 561 acclama-

356 587 494 631 tiones
519 586 704 641 excitat,
723 595 772 630 ut
794 586 864 631 vix
877 586 1146 647 intelligatur
1162 603 1252 632 esse
1266 586 1490 632 submissa.
1516 590 1615 633 Non
1631 587 1749 633 enim

354 657 458 718 quia
486 673 629 718 neque
651 657 814 701 incedit
835 667 1008 713 ornata,
1034 673 1178 719 neque
1209 667 1371 702 armata
1388 693 1399 713 ,
1436 658 1510 703 sed
1543 668 1750 719 tanquam

355 727 474 772 nuda
505 727 808 787 congreditur,
836 727 933 773 ideo
956 744 1046 773 non
1074 728 1367 773 adversarium
1391 729 1534 773 nervis
1555 728 1750 774 lacertis-

356 816 442 861 que
475 798 665 857 collidit,
688 809 731 844 ct
756 800 1039 845 obsistentem
1072 801 1241 844 subruit
1264 816 1312 845 ac
1337 800 1520 844 destruit
1542 801 1749 845 membris

355 870 579 916 fortissimi
597 870 847 916 falsitatem.
866 870 992 915 Unde
1010 881 1158 915 autem
1180 871 1334 916 crebro
1350 880 1393 915 et
1406 871 1596 915 multum
1613 870 1750 917 accla-

358 951 503 986 matur
523 942 581 986 ita
615 941 883 997 dicentibus,
916 943 996 986 nisi
1031 943 1132 1003 quia
1160 943 1315 987 veritas
1338 943 1397 987 sic
1429 942 1745 999 demonstrata,

355 1014 415 1058 sic
444 1013 643 1069 defensa,
670 1015 729 1058 sic
751 1014 910 1058 invicta
936 1013 1149 1059 delectat?
1177 1017 1234 1058 Et
1254 1015 1298 1058 in
1325 1015 1408 1059 hoc
1437 1014 1570 1072 igitur
1592 1030 1748 1073 genere

354 1085 568 1129 submisso
598 1086 676 1129 iste
701 1094 847 1129 noster
873 1084 1026 1129 doctor
1048 1094 1091 1129 et
1122 1086 1261 1130 dictor
1285 1084 1329 1129 id
1355 1100 1481 1144 agere
1504 1084 1662 1140 debet,
1699 1094 1748 1129 ut

357 1171 447 1200 non
465 1155 607 1200 solum
629 1155 944 1214 intelligenter,
970 1156 1256 1201 verumetiam
1274 1155 1464 1200 libenter
1485 1165 1527 1200 et
1541 1155 1748 1200 obedien-

358 1236 427 1271 ter
458 1226 676 1271 audiatur.

414 1299 551 1342 LVII.
587 1296 667 1342 Illa
695 1312 872 1358 quoque
899 1296 1150 1358 eloquentia
1175 1297 1342 1356 generis
1371 1298 1600 1358 temperati
1629 1298 1747 1358 apud

353 1370 635 1430 cloquentem
654 1368 1015 1425 ecclesiasticum,
1039 1385 1119 1414 nec
1142 1370 1342 1414 inornata
1360 1369 1644 1431 relinquitur,
1666 1387 1747 1416 nec

354 1441 609 1486 indecenter
638 1450 841 1499 ornatur,
873 1456 953 1485 nec
978 1440 1120 1485 solum
1149 1442 1232 1486 hoc
1267 1442 1431 1501 appetit
1453 1451 1504 1486 ut
1533 1441 1742 1499 delectet,

354 1512 478 1574 quod
499 1511 641 1557 solum
664 1511 783 1571 apud
803 1511 908 1556 alios
933 1513 1186 1572 profitetur,
1206 1513 1495 1557 verumetiam
1510 1513 1555 1557 in
1573 1513 1621 1558 iis
1646 1530 1746 1574 quae

351 1585 530 1638 laudat,
555 1585 643 1628 sive
665 1584 902 1643 vituperat,
932 1583 1022 1627 istis
1041 1584 1295 1644 appetendis
1317 1583 1387 1629 vel
1404 1585 1570 1629 firmius
1588 1594 1746 1629 tenen-

351 1656 444 1711 dis,
481 1654 564 1699 illis
600 1664 746 1698 autem
783 1653 1025 1699 devitandis
1058 1652 1127 1699 vel
1151 1654 1432 1714 respuendis,
1467 1654 1564 1700 vult
1592 1656 1746 1716 utique

351 1726 608 1772 obedienter
626 1725 780 1769 audiri.
805 1725 847 1770 Si
866 1735 1013 1769 autem
1029 1741 1117 1770 non
1133 1725 1310 1770 auditur
1326 1726 1622 1785 intelligenter
1637 1763 1647 1782 ,
1664 1742 1744 1772 nec

346 1799 534 1843 libenter
562 1806 720 1857 potest.
754 1797 942 1841 Proinde
971 1795 1045 1841 illa
1065 1797 1141 1840 tria
1161 1833 1172 1852 ,
1205 1806 1255 1841 ut
1286 1797 1532 1857 intelligant
1557 1799 1634 1859 qui
1661 1815 1743 1843 au-

349 1869 498 1924 diunt,
527 1879 576 1913 ut
603 1868 898 1923 delectentur,
924 1878 974 1913 ut
1004 1867 1233 1924 obediant,
1260 1868 1391 1913 etiam
1413 1869 1458 1912 in
1480 1870 1564 1914 hoc
1588 1885 1744 1929 genere

347 1941 567 2001 agendum
591 1950 674 1994 est,
701 1939 778 1983 ubi
802 1949 921 1984 tenet
943 1939 1172 1984 delectatio
1194 1940 1501 2000 principatum.

407 2014 568 2055 LVIII.
597 2014 798 2054 Jamvero
829 2010 906 2054 ubi
928 2026 1102 2056 movere
1126 2020 1168 2055 et
1198 2012 1372 2056 flectere
1399 2012 1552 2071 grandi
1585 2029 1742 2072 genere

347 2099 457 2143 opus
479 2092 541 2126 est
580 2082 846 2137 auditorem,
871 2085 886 2137 (
909 2082 1030 2143 quod
1068 2091 1173 2126 tunc
1209 2092 1271 2127 cst
1309 2099 1444 2142 opus,
1486 2083 1664 2144 quando
1699 2095 1743 2130 et

345 2154 556 2199 veraciter
580 2153 664 2198 dici
688 2163 731 2197 ct
753 2154 965 2208 suaviter,
1003 2153 1258 2209 confitetur,
1295 2164 1337 2198 ct
1362 2164 1506 2198 tamen
1535 2171 1623 2200 non
1645 2155 1742 2201 vult

345 2225 485 2270 facere
503 2225 624 2285 quod
649 2225 829 2282 dicitur,
853 2229 869 2283 )
891 2224 1127 2269 dicendum
1143 2235 1206 2269 est
1224 2225 1377 2285 procul
1401 2225 1535 2271 dubio
1560 2228 1739 2285 grandi—

344 2307 424 2341 ter.
460 2297 543 2341 Sed
574 2298 669 2357 quis
693 2306 914 2353 movetur,
941 2298 975 2341 si
1009 2298 1144 2342 nescit
1171 2298 1292 2358 quod
1318 2298 1504 2343 dicitur?
1531 2302 1620 2344 Aut
1642 2300 1738 2360 quis

346 2378 518 2412 tenetur
540 2378 589 2413 ut
613 2368 788 2423 audiat,
815 2369 849 2413 si
874 2385 963 2413 non
986 2368 1253 2414 delectatur?
1278 2370 1402 2414 Unde
1428 2378 1469 2413 et
1493 2370 1537 2413 in
1562 2370 1643 2415 isto
1662 2387 1739 2429 ge-

343 2454 467 2494 nere,
489 2439 568 2484 ubi
590 2440 645 2484 ad
668 2439 966 2485 obedientiam
986 2456 1060 2486 cor
1079 2439 1242 2486 durum
1264 2440 1465 2486 dictionis
1490 2440 1734 2500 granditate
