1854 3219
403 204 485 244 106
843 212 860 239 s
913 209 1141 240 Ancus-rim
1177 211 1359 240 muscom

461 282 551 324 Lx.
578 276 726 323 Multis
759 277 906 337 itaque
928 285 1109 337 prosunt
1132 275 1319 322 dicendo
1342 291 1442 337 quae
1471 290 1562 320 non
1591 274 1787 333 faciunt,

401 352 475 397 sed
496 352 623 409 longe
641 349 838 409 pluribus
854 348 1107 408 prodessent
1125 347 1325 393 faciendo
1338 364 1437 409 qucc
1454 348 1623 392 dicunt.
1641 347 1792 392 Abun-

402 422 508 467 dant
541 421 656 465 enim
688 420 765 481 qui
794 419 919 463 malae
942 420 1042 465 vitae
1070 436 1158 464 suae
1182 418 1480 464 defensionem
1503 434 1555 463 ex
1580 418 1680 478 ipsis
1708 419 1795 463 suis

402 492 645 554 praepositis
664 501 707 536 et
723 490 976 536 doctoribus
991 501 1205 553 quaerant,
1224 490 1535 551 respondentes
1548 489 1681 534 corde
1696 505 1790 546 suo,

403 575 478 610 aut
500 565 630 608 etiam
647 564 680 608 si
700 563 756 607 ad
778 564 861 607 hoc
879 573 1145 624 erumpunt,
1181 579 1254 608 ore
1277 579 1355 607 suo
1374 598 1385 618 ,
1411 571 1542 623 atque
1565 560 1758 606 dicentes
1782 581 1791 606 ·.

407 655 427 678 «
445 635 577 690 Quod
590 634 695 679 mihi
710 634 923 695 praecipis,
936 650 1014 679 cur
1025 635 1115 694 ipse
1128 650 1217 679 non
1230 633 1385 678 facisi’»
1399 636 1464 677 Ita
1473 634 1523 677 fit
1534 642 1584 678 ut
1594 648 1695 677 eum
1707 648 1796 677 non

403 707 659 752 obedienter
674 704 880 760 audiant,
902 705 976 766 qui
996 721 1040 749 sc
1064 706 1151 765 ipsc
1168 720 1257 749 non
1275 703 1398 748 audit
1413 739 1424 759 ,
1451 713 1494 748 et
1510 704 1588 748 Dei
1609 703 1795 748 verbum

403 778 523 839 quod
559 778 618 822 eis
649 776 939 837 praedicatur,
975 776 1105 821 simul
1135 792 1235 822 cum
1259 777 1351 836 ipso
1377 775 1667 836 praedicatore
1686 792 1795 821 con-

403 858 616 894 temnant.
633 849 831 909 Denique
848 848 1081 909 Apostolus
1101 848 1292 893 scribens
1309 846 1364 892 ad
1380 848 1674 904 Timotheum,
1694 863 1795 892 cum

404 922 578 967 dixisset
608 940 617 967 ι
640 941 659 964 (ι
678 924 816 967 Nemo
839 921 1175 966 adolescentiam
1198 930 1317 965 tuam
1341 929 1616 978 contemnat·7
1643 937 1664 961 »
1691 920 1797 964 sub-

397 994 503 1054 jecit
522 993 640 1037 unde
655 1009 744 1037 non
758 1001 1115 1037 contemneretur
1127 1028 1137 1048 ,
1156 1001 1288 1053 atque
1307 991 1365 1035 ait
1384 1011 1392 1036 :
1412 1011 1432 1034 «
1455 991 1539 1037 Sed
1553 989 1693 1035 forma
1705 1000 1796 1036 esto

408 1082 426 1104 n
454 1062 650 1107 fidelium
686 1064 731 1107 in
754 1079 976 1119 sermone,
1002 1064 1047 1107 in
1072 1063 1422 1120 conversatione,
1458 1062 1504 1107 in
1535 1061 1792 1119 dilectione,

406 1152 426 1176 »
459 1135 506 1179 in
523 1133 610 1179 fide
626 1170 636 1190 ,
665 1135 711 1178 in
731 1134 968 1180 castitate1.
998 1152 1018 1175 »
1847 1131 1849 1133 ’

402 1281 472 1297 ww
477 1281 1794 1299 mmmmmwummmmmmwmmmwmmm

852 1402 1071 1453 CAPUT
1105 1405 1347 1453 XXVIII·

414 1549 470 1597 V
467 1549 632 1596 erz'tczti
652 1551 813 1610 potius
835 1565 982 1609 quam
1012 1546 1170 1594 verbis
1197 1547 1499 1595 studendum.
1530 1576 1590 1586 —
1623 1548 1802 1599 Verbis

841 1620 1127 1668 contendere
1150 1620 1269 1683 quid
1291 1623 1365 1667 sit.

472 1762 588 1804 LXI.
613 1762 740 1804 TAms
762 1759 918 1804 doctor
938 1767 988 1803 ut
1005 1757 1264 1802 obedienter
1281 1756 1509 1814 audiatur,
1535 1773 1626 1802 non
1654 1758 1803 1819 impu-

412 1832 567 1877 denter
595 1847 684 1876 non
715 1830 856 1876 solum
887 1830 1099 1874 submisse
1132 1845 1180 1874 ac
1214 1839 1475 1890 temperate,
1515 1831 1802 1875 verumetiam

414 1902 636 1964 granditer
653 1901 774 1958 dicit,
800 1901 903 1962 quia
925 1917 1014 1946 non
1034 1900 1422 1961 contemptibiliter
1442 1901 1566 1946 vivit.
1588 1901 1656 1947 Sic
1678 1917 1804 1946 nam-
1853 1894 1854 1898 ¹

413 1991 500 2037 que
525 1973 646 2033 eligit
663 1974 824 2018 bonam
835 1973 987 2029 vitam,
1008 1982 1058 2017 ut
1079 1973 1209 2017 etiam
1232 1973 1394 2017 bonam
1416 1989 1505 2018 non
1521 1973 1714 2033 negligat
1735 1973 1800 2019 saa

416 2061 548 2101 mam,
569 2045 642 2090 sed
658 2044 884 2106 provideat
896 2044 1013 2089 bona
1030 2060 1175 2090 eoram
1193 2047 1282 2089 Deo
1300 2054 1343 2089 et
1359 2044 1652 2101 hominibus2‚
1669 2061 1806 2106 quan·

415 2127 511 2162 tum
532 2126 675 2177 potest
690 2153 700 2172 ,
721 2116 847 2161 illum
861 2116 1079 2172 timendo,
1098 2116 1164 2160 his
1182 2114 1466 2161 consulendo.
1494 2118 1546 2160 In
1558 2117 1652 2177 ipso
1675 2117 1805 2162 etiam

414 2203 613 2234 sermone
640 2187 764 2233 malit
785 2187 916 2233 rebus
937 2187 1108 2248 placere
1139 2203 1272 2248 quam
1300 2187 1469 2246 verbis,
1509 2203 1590 2233 nec
1623 2189 1807 2234 aestimet

414 2259 499 2305 dici
521 2259 700 2316 melius,
726 2260 806 2304 nisi
839 2258 960 2320 quod
983 2258 1144 2304 dicitur
1175 2259 1343 2311 verius;
1375 2273 1456 2303 nec
1489 2258 1644 2304 doctor
1663 2260 1805 2306 verbis

414 2331 599 2387 serviat,
630 2330 707 2376 sed
727 2331 861 2376 verba
891 2331 1075 2376 doctori.
1115 2333 1208 2375 Hoc
1239 2340 1302 2375 est
1334 2330 1450 2374 enim
1471 2330 1593 2391 quod
1614 2334 1806 2392 Aposto-

413 2401 482 2446 lus
518 2402 577 2446 ait
608 2421 618 2446 :
658 2421 679 2444 «
715 2405 814 2447 Non
845 2403 892 2446 in
925 2401 1135 2462 sapientia
1167 2401 1318 2458 verbi,
1356 2417 1411 2446 ne
1433 2411 1670 2448 evacuetur
1699 2418 1806 2447 crux

416 2492 435 2514 »
459 2473 654 2519 Christi³.
672 2492 692 2515 >›
714 2474 783 2518 Ad
796 2475 879 2519 hoc
899 2474 1015 2519 valet
1030 2474 1177 2531 etiam,
1194 2474 1317 2535 quod
1333 2474 1392 2520 ait
1405 2474 1461 2520 ad
1485 2475 1764 2521 Timotheum
1791 2493 1800 2518 ε

467 2578 473 2592 ¹
495 2571 575 2602 Tim.
593 2582 635 2612 iv,
658 2574 707 2603 155.
731 2589 770 2594 -—
788 2571 1152 2611 212C01·.v111,‘>.1.—
1173 2570 1307 2604 31Cor.
1331 2583 1467 2614 V1n,1¹5.
