1854 3219
353 233 407 260 DE
438 231 590 260 cennsr
622 228 677 256 An
709 226 949 267 LITTERAM,
986 229 1066 256 Lm.
1104 231 1146 257 v.
1361 217 1439 256 311

50 313 155 344 -cam
171 332 183 354 ,
208 306 364 342 natura
384 297 620 342 herbarum
638 303 768 354 atque
788 293 1022 352 lignorum.
1042 295 1109 339 Sic
1125 294 1243 339 enim
1261 302 1375 338 terra
1393 294 1449 338 ad

62 371 140 416 Dei
169 370 355 414 verbum
386 384 437 412 ea
465 366 671 427 produxit
704 374 939 425 antequam
975 375 1126 410 exorta
1148 374 1314 421 essent,
1339 364 1452 410 aeci-

61 441 183 501 piens
203 455 353 485 omnes
373 453 579 482 numeros
615 451 768 481 eorum
799 451 912 496 quos
939 451 1017 495 per
1038 445 1234 496 tempora
1258 444 1453 480 exereret

57 511 300 557 secundum
325 526 455 556 suum
484 523 635 569 genus.
670 507 839 553 Deinde
879 517 1162 569 posteaquam
1195 508 1289 552 haec
1327 507 1450 552 velut

58 583 275 628 habitatio
297 598 444 627 rerum
477 580 652 627 condita
676 589 761 636 est,
787 588 944 640 quarto
973 578 1044 624 die
1071 579 1304 624 luminaria
1325 588 1369 624 et
1391 579 1452 624 si-

61 655 164 701 dera
192 665 336 700 creata
369 663 494 710 sunt,
536 662 586 698 ut
614 653 734 713 prius
768 668 867 712 pars
888 651 1045 696 mundi
1082 652 1294 713 superior,
1322 651 1454 696 rebus

58 744 160 789 quae
173 728 287 773 intra
298 726 516 771 mundum
527 734 761 770 moventur
773 724 1014 769 visibilibus
1028 734 1273 770 ornaretur.
1286 723 1453 778 Quinto

60 814 274 860 aquarum
295 807 450 842 natura
463 832 474 853 ,
498 797 599 857 quia
613 794 727 841 coelo
741 795 916 856 aerique
934 795 1229 856 conjungitur,
1247 794 1456 855 produxit

60 868 116 914 ad
136 869 215 913 Dei
232 869 416 913 verbum
442 866 668 926 indigenas
691 882 790 912 suos
807 902 818 923 ‚
844 866 991 911 omnia
1013 866 1175 911 scilicet
1196 865 1388 911 natatilia
1410 874 1455 911 et

57 939 273 997 volatilia,
298 948 344 983 et
371 939 465 983 haec
501 937 796 997 potentialiter
830 938 877 981 in
898 937 1112 993 numeris,
1145 937 1222 998 qui
1243 952 1322 998 per
1343 953 1452 982 con-

59 1026 189 1071 gruos
211 1020 460 1070 temporum
478 1018 623 1053 motus
645 1017 939 1053 exererentur.
957 1008 1086 1054 Sexto
1103 1008 1321 1053 terrestria
1334 1007 1453 1052 simi-

57 1081 157 1127 liter
172 1080 392 1136 animalia,
403 1090 615 1141 tanquam
628 1095 680 1124 ex
695 1079 852 1125 ultimo
866 1079 1084 1124 elemento
1102 1079 1256 1124 mundi
1272 1078 1449 1138 ultim33

58 1151 342 1197 nihilominus
355 1150 665 1211 potentialiter,
683 1151 873 1211 quorum
891 1165 1096 1196 numeros
1110 1160 1283 1211 tempus
1301 1159 1449 1211 postea

58 1223 286 1270 visibiliter
306 1223 555 1283 explicaret.

116 1297 213 1339 XV.
240 1296 370 1339 H'unc
392 1309 568 1338 omnem
590 1292 790 1338 ordinem
811 1300 1022 1337 creaturae
1036 1291 1250 1337 ordinatae
1267 1292 1359 1336 dies
1376 1291 1452 1337 ille

56 1365 263 1424 cognovit
277 1399 289 1420 ,
312 1373 356 1409 et
375 1380 454 1425 per
474 1363 588 1408 hanc
620 1360 917 1423 cognitionem
938 1364 1069 1407 sexies
1091 1362 1284 1424 quodam
1314 1362 1449 1408 modo

58 1444 344 1496 praesentatus
380 1443 592 1495 tanquam
629 1449 700 1478 sex
737 1433 827 1478 dies
859 1434 1057 1479 exhibuit
1073 1469 1083 1489 ,
1120 1449 1222 1478 cum
1243 1434 1298 1478 sit
1333 1449 1448 1478 unus

0 1500 7 1511 ³
58 1507 148 1553 dies
165 1543 176 1565 ,
199 1523 249 1552 ea
272 1523 371 1568 quae
393 1505 506 1551 facta
527 1515 655 1561 sunt,
679 1506 726 1550 in
747 1508 952 1550 Creatore
968 1505 1191 1566 primitus,
1217 1515 1261 1550 et
1282 1505 1329 1549 in
1345 1505 1448 1566 ipsis

58 1587 373 1640 consequenter
394 1593 630 1637 agnoscens
646 1613 656 1633 ,
692 1592 773 1621 nec
795 1577 841 1620 in
874 1577 975 1637 ipsis
997 1592 1225 1621 remanens
1239 1613 1249 1633 ,
1275 1576 1351 1621 sed
1373 1592 1450 1621 eo-

58 1667 156 1696 rum
188 1651 319 1696 etiam
353 1650 648 1709 cognitionem
669 1649 952 1710 posteriorem
985 1647 1040 1693 ad
1063 1649 1140 1694 Dei
1163 1647 1354 1693 referens
1376 1647 1446 1693 di-

56 1723 314 1778 lectionem,
352 1737 579 1782 vesperam
615 1730 659 1765 et
690 1736 819 1765 mane
851 1730 894 1765 et
924 1721 1150 1765 meridiem
1171 1721 1217 1765 in
1239 1721 1444 1766 omnibus

57 1794 268 1856 praebuit3
291 1809 381 1838 non
402 1808 478 1852 per
496 1807 635 1836 moras
658 1801 909 1851 temporum
925 1827 935 1846 ,
961 1791 1036 1835 sed
1052 1801 1231 1851 propter
1245 1791 1445 1836 ordinem

57 1865 352 1910 conditorum.
383 1867 606 1908 Postremo
644 1862 801 1922 quietis
833 1862 899 1905 sui
930 1863 1168 1917 Creatoris,
1207 1878 1293 1922 qua
1326 1863 1373 1906 in
1402 1878 1446 1907 se

59 1937 290 1998 requiescit
320 1935 376 1980 ab
397 1934 600 1979 omnibus
626 1932 830 1992 operibus
848 1933 933 1976 suis
949 1968 959 1987 ,
980 1933 1180 1977 notitiam
1204 1948 1445 1992 repraesen-

57 2017 173 2062 tans,
197 2007 243 2050 in
259 2022 348 2068 qua
369 2022 459 2050 non
479 2005 613 2050 habet
632 2019 879 2064 vesperam,
901 2002 1103 2048 benedici
1122 2013 1166 2048 et
1187 2004 1446 2049 sanctificari

56 2078 115 2124 ob
137 2079 222 2123 hoc
241 2077 416 2122 meruit.
430 2076 556 2121 Unde
568 2076 710 2135 ipsum
728 2074 1020 2135 septenarium
1039 2090 1272 2119 nnmerum
1295 2085 1445 2121 sancto

61 2148 238 2210 Spiritui
258 2148 450 2210 quodam
463 2147 596 2192 modo
618 2145 883 2202 dedicatum,
900 2145 1180 2191 commendat
1203 2146 1440 2206 Scriptura,

59 2229 102 2265 et
122 2221 246 2266 novit
265 2219 473 2264 Ecclesia.

115 2295 236 2337 XVI.
272 2293 353 2337 Hic
388 2301 450 2336 est
471 2306 575 2350 ergo
605 2290 717 2335 liber
740 2298 949 2335 creaturae
968 2289 1071 2335 coeli
1094 2298 1137 2335 et
1161 2299 1289 2334 terrae
1305 2326 1315 2346 ,
1341 2291 1444 2352 quia

58 2363 104 2408 in
120 2363 334 2424 principio
357 2361 460 2407 fecit
479 2366 595 2408 Deus
617 2360 781 2407 coelum
809 2371 853 2407 et
874 2371 1035 2406 terram
1052 2397 1063 2417 ,
1089 2361 1332 2406 secundum
1354 2377 1448 2406 ma-

57 2435 178 2478 teriae
199 2434 434 2495 quamdam
451 2470 461 2490 ,
486 2444 536 2478 ut
552 2434 611 2478 ita
634 2432 776 2478 dicam
791 2469 801 2489 ,
827 2432 1200 2489 formabilitatem,
1225 2450 1324 2494 quae
1340 2449 1447 2478 con-

60 2515 290 2566 sequenter
310 2505 446 2550 verbo
467 2506 558 2566 ejus
581 2503 809 2549 formanda
828 2504 997 2561 fuerat,
1018 2504 1270 2565 praecedens
1291 2503 1450 2549 forma-

61 2575 225 2620 tionem
243 2591 365 2621 suam
380 2611 391 2631 ,
413 2591 503 2620 non
521 2584 733 2635 ternpore,
745 2575 820 2619 sed
847 2576 1027 2633 origine.
1049 2579 1159 2621 Nam
1181 2576 1334 2635 utique
1346 2590 1447 2620 cum
