1854 3219
373 208 456 247 604
801 219 834 247 s.
873 221 1102 249 meusium
1134 222 1316 249 Episcopt

370 285 489 329 omni
512 285 703 344 corporis
726 300 876 339 sensu,
903 295 946 329 et
969 286 1192 341 avertitur,
1218 296 1269 330 ut
1290 285 1388 330 solis
1403 284 1758 330 similitudinibus

371 370 604 414 corporum
639 355 820 415 spiritali
857 355 1021 399 visione
1050 364 1251 400 teneatur
1266 392 1277 411 ‚
1315 355 1392 400 ubi
1430 355 1575 399 nescio
1609 363 1758 398 utrum

373 425 540 485 possint
561 424 705 485 aliqua
727 424 836 469 nihil
857 425 1144 484 significantia
1164 426 1317 471 videri.

381 582 1761 602 mmmmssmmwm*mm'mmmmwvvwmmm

839 708 1056 758 CAPUT
1094 710 1277 757 XXIV.

377 852 629 903 Isz'sz’onem
662 852 1033 901 intellectualem
1057 852 1268 915 spiritali
1293 851 1563 915 spiritalem
1590 867 1760 912 corpo-

887 924 984 970 rali
993 935 1244 984 praestare.

432 1066 483 1108 L.
505 1065 603 1107 ΗΜ
619 1063 750 1121 igitur
766 1071 919 1107 natura
936 1060 1158 1122 spiritalis,
1178 1061 1224 1104 in
1246 1075 1332 1120 qua
1348 1075 1437 1104 non
1457 1073 1638 1118 corpora
1651 1092 1662 1112 ‚
1688 1055 1766 1101 sed

373 1149 607 1194 corporum
643 1133 946 1178 similitudines
975 1132 1279 1192 exprimuntur
1292 1166 1303 1186 ,
1346 1129 1561 1174 inferioris
1600 1128 1766 1187 generis

373 1205 556 1249 visiones
576 1204 712 1249 habet
726 1240 737 1259 ,
763 1219 895 1264 quam
909 1202 1020 1247 illud
1045 1202 1200 1246 mentis
1223 1210 1355 1261 atque
1371 1199 1671 1259 intelligentiae
1692 1198 1766 1243 lu·-

374 1292 498 1331 men,
523 1292 611 1336 quo
633 1286 676 1320 et
691 1276 771 1320 ista
789 1274 992 1319 inferiora
1014 1273 1311 1334 dijudicantur
1325 1307 1336 1328 ,
1362 1281 1405 1316 et
1426 1287 1475 1315 ea
1496 1279 1764 1326 cernuntur,

374 1363 474 1407 quae
490 1362 635 1407 neque
653 1355 753 1390 sunt
766 1361 948 1405 corpora
964 1360 1108 1405 neque
1125 1343 1236 1388 ullas
1255 1352 1414 1402 gerunt
1430 1341 1592 1387 formas
1609 1340 1769 1386 similes

375 1432 609 1476 corporum
621 1452 631 1471 ‚
656 1415 779 1461 velut
800 1417 890 1475 ipsa
907 1430 1029 1459 mens
1048 1424 1092 1459 et
1109 1414 1250 1459 omnis
1273 1414 1429 1457 animae
1445 1412 1617 1456 affectio
1632 1412 1765 1467 bona,

375 1488 445 1532 cui
463 1487 677 1532 contraria
703 1495 806 1530 sunt
830 1487 920 1546 ejus
944 1485 1049 1529 vitia
1064 1521 1075 1540 ⁷
1110 1500 1210 1545 quae
1236 1492 1352 1528 recte
1374 1483 1610 1542 culpantur
1638 1491 1770 1541 atque

376 1558 642 1602 damnantur
669 1557 715 1600 in
736 1555 1004 1600 hominibus.
1032 1557 1129 1607 Quo
1148 1554 1264 1597 enim
1280 1552 1363 1596 alio
1378 1552 1511 1596 modo
1532 1552 1623 1611 ipse
1644 1550 1772 1595 intel-

375 1629 513 1672 lectus
536 1627 617 1670 nisi
642 1623 926 1682 intelligendo
947 1624 1240 1683 conspicitur?
1269 1626 1335 1666 Ita
1358 1632 1402 1666 et
1422 1622 1630 1677 charitas,
1664 1636 1772 1679 gau-

378 1698 525 1752 dium,
567 1712 650 1756 pax
666 1731 676 1751 ,
710 1695 1016 1754 longanimitas
1030 1730 1040 1749 ,
1082 1693 1328 1752 benignitas
1342 1728 1352 1748 ‚
1398 1692 1592 1747 bonitas,
1634 1692 1741 1736 fides
1756 1728 1768 1748 ‚

378 1766 691 1820 mansuetudo,
717 1765 1006 1820 continentia,
1044 1773 1088 1808 et
1120 1772 1275 1808 caetera
1296 1762 1574 1824 hujusmodi,
1610 1762 1772 1823 quibus

378 1839 699 1899 propinquatur
714 1840 803 1881 Deo
824 1855 831 1880 :
853 1845 896 1879 et
917 1836 1008 1895 ipse
1025 1837 1156 1890 Deus,
1176 1850 1229 1878 ex
1246 1850 1336 1894 quo
1348 1834 1516 1890 omnia,
1540 1849 1619 1894 per
1640 1849 1772 1895 quem
1831 1836 1834 1839 “

379 1910 525 1954 omnia
541 1945 551 1964 ,
572 1909 618 1952 in
640 1924 729 1968 quo
746 1907 906 1951 omnia.

441 1983 514 2024 LI.
543 1981 806 2038 Quanquam
844 1977 990 2036 itaque
1022 1975 1068 2019 in
1095 1975 1249 2020 eadem
1288 1977 1429 2020 anima
1458 1976 1565 2020 fiant
1586 1975 1773 2020 visiones
1808 1983 1811 1987 ’

381 2051 469 2094 sive
490 2066 590 2110 quae
603 2051 851 2093 sentiuntur
869 2062 946 2106 per
973 2061 1146 2105 corpus,
1172 2046 1284 2090 sicut
1303 2047 1387 2091 hoc
1410 2062 1668 2106 corporeum
1688 2061 1776 2090 coe-

382 2121 490 2175 lum‚
508 2130 637 2175 terra,
661 2130 704 2163 et
721 2133 1011 2179 quaecumque
1032 2118 1077 2161 in
1098 2117 1156 2161 eis
1172 2127 1275 2161 nota
1299 2133 1388 2161 esse
1405 2127 1602 2177 possunt,
1622 2131 1775 2177 quem-

383 2190 622 2234 admodum
666 2197 870 2249 possunt3
908 2191 996 2232 sive
1034 2203 1134 2247 quae
1173 2187 1327 2246 spiritu
1373 2187 1578 2232 videntur
1621 2186 1775 2234 similia

383 2277 616 2321 corporum
634 2297 644 2316 ‚
668 2260 722 2304 de
737 2260 897 2320 quibus
915 2258 1051 2303 multa
1062 2260 1153 2319 jam
1171 2258 1356 2303 diximus
1372 2276 1382 2311 ;
1407 2259 1495 2304 sive
1509 2274 1610 2311 cum
1628 2267 1774 2303 mente

383 2332 709 2390 intelliguntur,
747 2347 846 2392 quae
881 2346 960 2374 nec
982 2346 1163 2389 corpora
1192 2339 1314 2383 sunt,
1355 2345 1435 2374 nec
1469 2328 1774 2374 similitudines

383 2418 640 2463 corporum3
665 2402 829 2446 habent
843 2402 995 2461 utique
1009 2400 1207 2445 ordinem
1224 2416 1352 2445 suum
1370 2436 1381 2454 ,
1403 2410 1446 2444 et
1459 2410 1522 2444 est
1545 2399 1665 2444 aliud
1689 2400 1773 2444 alio

381 2473 717 2534 praecellentius.
744 2472 1022 2517 Praestantior
1044 2481 1107 2516 est
1135 2472 1261 2523 enim*
1272 2472 1378 2516 visio
1409 2470 1608 2531 spiritalis
1639 2486 1774 2532 quam

384 2543 641 2604 corporalis,
665 2554 709 2589 et
731 2559 878 2588 rursus
899 2543 1174 2602 praestantior
1200 2540 1504 2587 intellectualis
1533 2556 1664 2602 quam
1687 2541 1775 2601 spi-
