1854 3219
370 194 423 233 74
811 201 845 231 s.
883 201 1111 232 AUGUSTINI
1145 204 1327 233 EPISCOPI

362 270 487 317 cendi
503 280 603 315 sunt
622 284 753 330 quani
773 268 993 314 movendi.
1020 272 1075 314 Et
1094 269 1271 315 fortasse
1293 270 1422 315 rebus
1445 270 1544 331 ipsis
1566 270 1749 330 cognitis

363 345 420 388 ita
443 341 762 395 movebuntur,
784 350 833 384 ut
847 356 918 384 cos
932 357 1020 385 non
1038 357 1147 401 opus
1167 342 1216 385 sit
1230 341 1465 403 majoribus
1488 340 1749 402 eloquentiae

362 414 526 459 viribus
551 414 638 473 jam
664 412 844 456 moveri.
872 411 1002 465 Quod
1035 421 1180 456 tamen
1202 428 1302 457 cum
1327 428 1435 472 opus
1464 422 1553 468 est,
1585 410 1751 456 sacien-

362 486 469 531 dum
492 494 555 529 cst
582 504 591 529 z
619 493 723 529 tunc
747 492 893 528 autem
911 499 1018 544 opus
1038 493 1122 540 est,
1143 484 1321 545 quando
1339 500 1440 528 cum
1457 484 1631 529 scierint
1645 484 1754 545 quid

360 555 581 617 agendum
604 555 683 610 sit,
713 571 803 599 non
824 564 975 614 agunt.
1009 558 1071 600 Ac
1091 571 1168 616 per
1200 556 1284 601 hoc
1313 555 1469 601 docere
1490 555 1754 605 necessitatis

361 639 439 674 est.
463 632 651 674 Possunt
685 627 801 671 enirn
828 626 1026 672 homines
1055 636 1099 672 et
1129 642 1254 687 agere
1276 637 1319 677 et
1356 643 1447 672 non
1479 642 1605 686 agere
1634 625 1756 688 quod

362 701 519 746 sciunt.
562 700 667 753 Quis
691 708 838 743 autem
873 698 1029 743 dixerit
1064 714 1136 744 eos
1164 714 1288 757 agere
1312 697 1472 743 debere
1503 698 1623 759 quod
1655 714 1755 743 nes-

363 773 514 816 ciunt?
538 773 596 815 Et
610 769 708 814 ideo
727 771 899 814 flectere
917 769 1179 814 necessitatis
1197 786 1287 814 non
1302 778 1392 825 est,
1413 769 1514 830 quia
1534 785 1623 819 non
1644 784 1758 820 sem-

362 858 440 903 per
484 857 594 902 opus
632 850 719 898 est,
766 840 799 885 si
837 850 1009 886 tantum
1048 840 1223 885 docenti
1255 840 1325 885 vel
1361 840 1492 890 etiam
1523 839 1758 892 delectanti

366 913 583 958 consentit
605 912 793 957 auditor.
819 911 926 957 Ideo
949 921 1094 956 autem
1116 911 1309 956 victoriae
1337 920 1399 955 est
1421 911 1592 955 flectere
1608 946 1619 967 ,
1656 911 1760 972 quia

366 986 458 1030 steri
482 994 625 1045 potest
651 994 700 1029 ut
721 980 929 1029 doceatur
951 993 994 1028 et
1020 984 1262 1028 delectetur
1277 1019 1288 1039 ‚
1309 993 1353 1028 et
1371 999 1461 1028 non
1483 983 1756 1033 assentiatur,

365 1057 482 1112 Quid
500 1067 647 1102 autem
668 1056 740 1101 illa
763 1056 852 1101 duo
881 1056 1149 1117 proderunt,
1170 1057 1205 1101 si
1223 1055 1333 1105 desit
1349 1056 1433 1101 hoe
1449 1055 1653 1105 tertium?
1677 1054 1762 1102 Sed

368 1145 510 1190 neque
532 1128 748 1174 delectare
771 1129 1035 1174 necessitatis
1071 1138 1156 1184 est,
1188 1126 1549 1189 quandoquidem
1571 1143 1672 1172 cum
1694 1126 1763 1172 di-.

365 1199 506 1244 cendo
530 1215 634 1244 vero
664 1208 991 1254 monstrantur,
1017 1199 1140 1259 quod
1162 1199 1217 1243 ad
1239 1200 1432 1243 osticium
1453 1198 1641 1245 docendi
1664 1213 1764 1258 per-

366 1271 504 1326 tinet,
530 1286 621 1315 non
650 1270 827 1329 cloquio
858 1270 1001 1327 agitur
1017 1304 1027 1324 ,
1053 1284 1198 1329 neque
1219 1270 1304 1313 hoc
1327 1268 1568 1314 attenditur
1584 1303 1595 1324 ‚
1623 1278 1672 1313 ut
1694 1268 1764 1314 vel

366 1343 457 1401 ipsa
478 1340 547 1385 vel
564 1340 709 1399 ipsum
723 1338 910 1383 delectet
928 1339 1171 1399 eloquium,
1188 1339 1264 1383 sed
1275 1354 1353 1399 per
1366 1354 1410 1383 se
1429 1339 1537 1399 ipsa,
1554 1339 1765 1399 quoniam

366 1428 467 1456 vcra
492 1420 618 1466 sunt,
644 1409 919 1455 manifestata
937 1409 1171 1454 delectant.
1195 1410 1320 1455 Unde
1338 1410 1599 1471 plerumque
1616 1409 1763 1456 delec-

368 1492 465 1527 tant
499 1482 630 1527 etiam
660 1481 766 1526 falsa
798 1480 1015 1542 patefacta
1053 1490 1183 1541 atque
1215 1481 1428 1526 convicta.
1464 1484 1616 1542 Neque
1648 1482 1765 1527 enim

369 1554 612 1609 delectant,
639 1554 742 1614 quia
764 1551 871 1597 falsa
893 1562 1020 1598 sunt:
1046 1552 1123 1597 sed
1145 1554 1248 1614 quia
1270 1552 1374 1598 falsa
1397 1568 1661 1599 esseverum
1684 1563 1764 1611 est,

369 1625 559 1670 delectat
578 1634 622 1670 ct
644 1624 778 1670 dictio
796 1640 883 1686 qua
904 1625 988 1677 hoc
1011 1639 1164 1670 verum
1185 1640 1275 1670 esse
1297 1634 1587 1671 monstratum
1608 1634 1688 1670 est.

372 1784 1768 1808 ΜΜΜΜΜΝΜΜΜΜΜΜΜἍΜΜΜΜΜΛΝἏΜΜΜΝΜΛΜΜΝΛΜΜΜΜ

869 1916 1087 1966 CAPUT
1132 1918 1277 1965 XIII.

616 2046 840 2102 ‚Dicendo
874 2046 1066 2101 demum
1084 2047 1328 2112 flectendi
1354 2050 1519 2097 animi.

436 2190 603 2233 XXIX.
624 2191 823 2233 Pnom-En
855 2203 927 2233 eos
952 2197 1122 2244 autem,
1148 2188 1311 2249 quibus
1333 2187 1657 2236 fastidientibus
1679 2207 1770 2239 non

374 2259 516 2321 placet
537 2261 716 2315 veritas,
741 2260 775 2304 si
797 2259 881 2304 alio
905 2276 1188 2321 quocumque
1204 2259 1336 2305 modo
1358 2260 1439 2305 nisi
1468 2276 1519 2305 eo
1544 2262 1677 2308 modo
1698 2263 1768 2308 di-

376 2341 514 2386 catur,
540 2341 589 2375 ut
606 2330 772 2391 placeat
790 2341 833 2375 et
856 2346 999 2376 serino
1022 2332 1219 2387 dicentis,
1239 2331 1365 2376 datus
1383 2333 1505 2377 estin
1520 2333 1769 2395 eloquentia

377 2419 465 2447 non
490 2419 646 2462 parvus
669 2403 798 2446 etiam
827 2401 1103 2447 delectationi
1135 2402 1272 2448 locus.
1304 2406 1412 2458 Quae
1442 2414 1588 2449 tamen
1620 2405 1769 2451 addita

377 2490 466 2518 non
493 2475 654 2518 suflicit
692 2473 830 2529 duris,
872 2490 982 2534 quos
1010 2490 1090 2519 nee
1128 2474 1388 2519 intellexisse
1403 2511 1414 2531 ,
1453 2492 1534 2520 nec
1572 2475 1769 2521 docentis

379 2543 623 2589 elocutione
645 2544 880 2590 delectatos
899 2560 988 2589 esse
1005 2544 1264 2604 profuerint.
1288 2545 1406 2599 Quid
1428 2546 1546 2591 enim
1564 2548 1661 2592 haec
1679 2547 1769 2592 duo
