1854 3219
406 179 460 206 DE
491 180 642 207 ςΕΝΕει
674 178 728 206 An
761 178 1001 218 LITTERAM,
1023 180 1105 207 Lm.
1142 181 1182 206 v.
1398 167 1480 206 335

100 241 339 287 causaliter.
371 246 410 289 A
436 245 596 305 quibus
624 244 828 305 operibus
861 245 907 289 in
933 246 1003 289 die
1026 245 1209 305 septimo
1237 245 1473 304 requievit,

99 312 229 357 etiam
250 330 370 363 suam
392 317 586 376 requiem
607 316 802 377 ejusdcm
819 316 905 361 diei
920 317 1086 362 notitiae
1103 317 1351 377 gaudioque
1372 332 1482 376 prae-

97 381 202 428 bere
222 383 422 443 dignatus
448 405 457 431 :
481 396 524 431 et
549 387 651 431 ideo
680 403 770 431 non
792 402 892 431 eum
924 387 970 430 in
992 386 1190 448 quolibet
1213 402 1344 446 opere
1371 402 1450 431 suo
1466 421 1478 442 ,

98 453 174 498 sed
193 455 239 498 in
260 471 336 501 sua
359 457 508 517 requie
531 456 754 502 benedixit
774 466 818 501 et
839 457 1137 502 sanctificavit.
1166 456 1292 502 Unde
1314 456 1482 501 nullam

97 523 278 571 ulterius
299 537 540 574 creaturam
560 528 789 574 instituens
804 563 816 584 ,
831 527 908 573 sed
926 544 976 573 ea
992 545 1092 590 quae
1110 528 1256 574 omnia
1273 528 1401 572 simul
1422 528 1481 572 fe-

97 595 170 652 cit,
196 596 560 645 administratorio
584 608 685 644 actu
711 599 958 657 gubernans
981 609 1024 644 et
1043 615 1222 645 movens
1238 633 1249 655 ,
1279 599 1371 642 sine
1390 614 1482 642 ces-

94 667 258 712 satione
271 679 491 729 operatur,
511 669 641 716 simul
655 679 698 716 et
712 670 985 731 requiescens
997 679 1041 714 et
1057 684 1256 731 operans,
1271 668 1382 713 sicut
1389 669 1481 728 jam

93 737 172 783 ista
194 747 377 785 tractata
393 751 510 786 sunt.
532 744 731 794 Quorum
750 756 934 801 operum
966 742 1058 801 ejus
1083 756 1183 801 quae
1203 754 1342 800 usque
1361 754 1481 783 nunc

93 818 299 868 operatur
311 846 327 866 ,
346 826 426 871 per
444 811 671 857 volumina
692 821 940 872 temporum
963 810 1319 872 explicandorum
1331 846 1341 866 ‚
1360 809 1481 856 velut

93 879 318 925 exordium
331 881 538 926 narrandi
561 897 734 927 sumens
752 918 762 938 ,
788 883 847 926 ait
871 882 1118 942 Scriptura:
1149 901 1169 925 ‹<
1194 885 1311 927 Fons
1333 889 1480 926 autem

97 966 118 990 »
151 949 414 996 ascendebat
447 950 502 996 de
524 961 659 1008 terra,
698 961 741 997 et
769 952 975 1011 irrigabat
1003 967 1180 997 omnem
1204 950 1359 996 faciem
1392 960 1481 995 ter-

95 1037 116 1061 »
143 1022 237 1066 rae1.
264 1039 285 1063 »
306 1025 369 1067 De
383 1039 472 1084 quo
488 1021 613 1068 fonte
635 1023 737 1083 quia
758 1022 946 1068 diximus
967 1022 1089 1084 quod
1102 1021 1337 1067 dicendum
1350 1031 1480 1082 puta-

91 1093 253 1151 vimus,
280 1111 329 1141 ea
349 1113 449 1157 quae
478 1106 723 1159 sequuntur
745 1097 800 1142 ab
819 1096 902 1143 alio
932 1096 1254 1142 consideremus
1282 1093 1476 1140 exordio.

136 1198 148 1215 ¹
168 1192 252 1225 Gen.
273 1203 312 1236 ιι,
330 1192 364 1225 6.
