1854 3219
329 197 383 223 DE
415 196 564 224 GENEsl
596 195 651 223 AD
676 194 909 235 LiTTEnAM,
936 197 1017 225 Lm.
1048 198 1088 223 ν.
1332 186 1416 224 317

32 347 102 364 Nm
107 346 243 363 ἋΜΑΊΙἏ
248 347 1418 366 ΊΛΜΛΝΛΝΊΜΊΜΜΛΝἎΜΜΜἋΜΜΝΝἋΜΜΜΜΜΩΜΙΜΜΜΜΜ

550 468 765 520 CAPUT
816 472 904 518 IX.

90 622 364 687 Dffcultas
386 621 602 690 defonte
618 633 798 671 terram
821 625 1092 671 universam
1109 626 1358 688 irrigante.

90 762 254 804 XXIV.
290 763 486 806 PnomnE
518 776 620 806 eum
650 759 704 805 de
733 760 814 806 isto
851 759 974 806 fonte
1011 761 1269 823 quaerimus,
1307 776 1422 822 quo-

33 830 165 876 modo
185 830 228 875 id
255 832 376 892 quod
404 831 572 877 dictum
594 841 658 877 est
683 851 692 877 z
717 851 737 874 «
762 831 1035 877 Ascendebat
1055 831 1110 876 de
1133 842 1271 888 terra,
1298 841 1341 876 et
1362 832 1423 876 ir-

37 919 57 944 »
92 901 262 961 rigabat
283 917 457 948 omnem
479 902 635 947 faciem
657 912 806 958 terrae,
831 921 851 944 »
877 918 967 947 non
984 902 1249 963 impossibile
1271 902 1421 947 videa-

33 981 120 1029 tur,
145 973 179 1017 si
198 988 247 1017 ea
275 989 373 1031 quae
395 972 602 1029 diximus,
627 972 909 1034 impossibilia
933 974 1138 1034 cuiquam
1163 972 1420 1029 videantur,

34 1053 202 1105 quaerat
222 1045 314 1105 ipse
331 1043 472 1100 aliud,
499 1060 588 1106 quo
610 1054 757 1089 tamen
778 1060 906 1090 verax
926 1044 1008 1089 ista
1030 1045 1251 1104 Scriptura
1273 1060 1424 1089 mons-

34 1124 189 1172 tretur,
215 1131 315 1176 quae
344 1115 500 1176 procul
522 1115 659 1161 dubio
690 1131 819 1161 verax
847 1125 931 1171 est,
971 1115 1137 1160 etiamsi
1169 1131 1260 1160 non
1285 1131 1427 1160 mons-

35 1195 187 1231 tretur.
213 1189 322 1233 Nam
344 1187 379 1231 si
393 1186 688 1245 argumentari
703 1185 918 1242 voluerit,
943 1203 1032 1247 quo
1050 1202 1145 1231 eam
1163 1186 1315 1231 falsam
1339 1202 1428 1230 esse

35 1258 266 1303 convineat
283 1278 293 1315 3
319 1267 393 1302 aut
413 1258 505 1317 ipse
528 1258 649 1302 nulla
677 1274 775 1302 vera
791 1257 845 1302 de
860 1268 1154 1303 creaturarum
1175 1257 1425 1302 conditione

35 1338 166 1390 atque
201 1327 573 1373 administratione
601 1328 795 1373 dicturus
833 1338 922 1384 est,
948 1337 1024 1373 aut
1052 1328 1086 1372 si
1106 1344 1208 1373 vera
1245 1327 1422 1383 dixerit,

35 1401 160 1446 istam
185 1416 275 1446 non
292 1399 576 1458 intelligendo
598 1399 750 1444 falsam
771 1400 946 1460 putabit
967 1420 975 1445 ε
996 1399 1116 1444 velut
1132 1399 1166 1444 si
1188 1398 1429 1444 contendat

36 1471 136 1516 ideo
158 1487 248 1517 non
268 1471 459 1531 potuisse
476 1487 567 1516 uno
584 1470 862 1531 quantolibet
879 1470 1000 1515 sonte
1024 1486 1200 1515 omnem
1219 1480 1344 1514 terrae
1363 1468 1428 1513 fa-

37 1542 148 1587 ciem
168 1541 358 1601 irrigari3
392 1540 495 1602 quia
519 1540 553 1585 si
582 1550 752 1586 montes
775 1557 865 1586 non
886 1541 1113 1600 irrigabat,
1144 1556 1235 1585 non
1253 1556 1429 1585 omnem

38 1621 163 1657 terrae
199 1611 356 1657 faciem
378 1611 588 1669 irrigabat
603 1647 614 1668 ,
649 1613 683 1656 si
705 1621 851 1656 autem
877 1612 1008 1656 etiam
1038 1621 1207 1656 montes
1231 1611 1425 1670 rigabat,

38 1698 128 1728 non
150 1691 242 1727 erat
267 1683 359 1743 jam
388 1682 625 1742 impertitio
665 1682 848 1742 saginae,
880 1682 955 1727 sed
976 1682 1129 1727 diluvii
1165 1681 1427 1726 inundatio:

39 1754 159 1814 quod
179 1753 214 1798 si
234 1762 348 1798 terra
374 1762 481 1797 tunc
506 1753 566 1798 sic
587 1762 706 1809 erat,
733 1762 876 1798 totum
894 1769 1012 1798 mare
1027 1762 1145 1809 erat,
1166 1761 1209 1797 et
1230 1751 1431 1797 nondum

39 1824 223 1870 discreta
245 1834 338 1870 erat
360 1824 493 1869 arida.

39 1969 528 1988 ἋΜιΜΛΛΜΜΜΜΜΛΝἏΜΜ
533 1968 670 1986 wwwm
675 1965 1432 1985 mmmmmmnaexwuwmwvsmmw

577 2091 794 2141 CAPUT
830 2093 894 2140 X.

112 2252 249 2299 Fons
269 2251 346 2298 ille
369 2261 549 2298 terram
567 2260 719 2297 totam
741 2253 908 2315 rigans
934 2260 984 2297 ut
1001 2248 1354 2314 intellegendas.

103 2389 243 2432 XXV.
278 2389 363 2433 Cm
390 2385 695 2448 respondetur,
730 2386 832 2447 quia
864 2387 948 2431 hoc
986 2385 1158 2431 vicibus
1186 2395 1434 2446 temporum

47 2468 207 2519 posset,
228 2458 340 2503 sicut
354 2468 473 2504 certo
489 2467 686 2519 tempore
698 2473 775 2518 per
786 2457 916 2518 plana
937 2458 1118 2518 AEgypti
1135 2457 1257 2503 Nilus
1272 2466 1435 2515 restag-

48 2539 124 2576 nat
138 2565 150 2587 ,
174 2539 218 2576 et
238 2529 322 2577 alio
334 2539 529 2591 tempore
551 2529 607 2576 ad
624 2530 737 2590 ripas
758 2545 855 2575 suas
877 2528 988 2576 redit
1006 2548 1014 2575 z
1039 2538 1116 2575 aut
1137 2529 1172 2575 si
1192 2529 1274 2575 iste
1291 2527 1436 2574 neseio
