1854 3219
342 185 396 211 DE
428 185 578 212 GENEsi
610 183 665 211 An
697 183 942 224 LITTERAM,
978 185 1061 212 ΜΒ.
1100 186 1179 212 XII.
1377 174 1461 214 607

75 249 168 308 ipsa
189 262 370 308 corpora
392 263 481 293 esse
503 248 761 307 arbitratur,
785 249 855 294 vel
874 248 994 310 quod
1015 248 1097 292 sibi
1113 248 1357 308 suspicione
1375 249 1463 295 sal-

73 333 207 379 saque
228 320 479 380 conjectura
502 319 673 364 finxerit
687 355 699 376 ,
725 320 808 364 hoc
825 320 956 365 etiam
977 321 1022 364 in
1045 320 1298 380 corporibus
1315 329 1458 380 putat,

72 406 172 450 quae
199 407 290 436 non
314 390 404 436 visa
427 391 658 451 conjectat.
692 394 750 437 At
780 407 882 437 vero
914 392 961 437 in
988 391 1071 436 illis
1094 391 1462 437 intellectualibus

69 459 169 506 visis
185 477 276 506 non
296 460 462 506 fallitur
486 481 495 506 ε
522 470 597 506 aut
616 461 733 506 enim
753 462 984 522 intelligit,
1012 472 1056 507 et
1084 479 1237 508 verum
1263 473 1350 522 est,
1385 472 1462 508 aut

68 530 104 579 Si
123 547 277 577 verum
292 548 383 577 non
399 534 486 593 estj,
501 548 592 577 non
610 532 816 593 intelligit
839 550 852 577 .·
877 532 997 578 unde
1018 532 1137 577 aliud
1160 533 1282 578 estin
1301 533 1368 579 his
1389 549 1461 580 er-

67 615 162 649 rare
182 619 283 664 quae
302 603 422 649 videt
433 638 446 660 ,
466 601 586 650 aliud
601 601 699 648 ideo
722 619 864 649 errare
880 604 984 665 quia
997 620 1088 650 non
1105 603 1241 650 videt,

532 884 748 935 CAPUT
783 887 971 935 XXVI·

68 1016 256 1077 Raptus
288 1018 464 1064 animoe
500 1016 685 1078 duplex
712 1015 924 1078 spiritali
952 1018 1133 1063 visione
1168 1026 1215 1063 et
1247 1016 1459 1063 intellec-

695 1087 829 1134 mali.

127 1225 247 1267 LIII.
268 1225 556 1277 QUAPROPTER
579 1239 680 1269 cum
706 1223 873 1284 rapitur
895 1224 1038 1268 anima
1066 1224 1112 1268 in
1134 1239 1183 1268 ea
1217 1223 1328 1279 visa,
1356 1240 1456 1285 quae

67 1293 221 1354 spiritu
253 1305 492 1340 cernuntur
526 1295 680 1340 similia
713 1294 1038 1356 corporalibus,
1071 1295 1131 1340 ita
1158 1305 1208 1340 ut
1238 1295 1458 1355 omninoa

65 1366 263 1411 sensibus
286 1367 477 1426 corporis
496 1376 715 1413 avertatur
733 1366 916 1427 amplius
936 1381 1070 1428 quam
1088 1367 1133 1410 in
1150 1382 1302 1411 somno
1319 1365 1429 1411 solet
1441 1401 1453 1422 ,

65 1436 142 1480 sed
161 1437 306 1482 minus
327 1453 461 1498 quam
481 1438 528 1482 in
554 1447 723 1496 morte,
748 1440 841 1498 jam
868 1437 1028 1482 divinae
1059 1437 1366 1482 admonitionis
1393 1445 1457 1482 est

65 1515 109 1551 et
130 1505 356 1568 adjutorii,
381 1518 430 1553 ut
453 1524 496 1552 se
510 1525 600 1553 non
621 1524 803 1568 corpora
818 1544 828 1564 ,
846 1507 922 1552 sed
938 1508 1027 1552 visa
1045 1523 1277 1568 corporum
1300 1506 1456 1552 similia

64 1577 313 1638 spiritaliter
334 1579 506 1623 noverit
521 1594 720 1633 cernere,
746 1578 870 1622 sicuti
887 1594 986 1639 quae
1003 1594 1046 1621 se
1063 1579 1109 1622 in
1130 1579 1290 1622 somnis
1310 1577 1457 1622 videre

64 1649 197 1694 etiam
231 1659 467 1711 antequam
494 1649 700 1709 evigilent
733 1650 891 1694 sciunt.
930 1649 998 1693 Ibi
1027 1649 1062 1693 si
1089 1649 1218 1694 etiam
1251 1648 1457 1694 videntur

63 1717 235 1776 futura,
259 1720 318 1764 ita
335 1729 385 1764 ut
407 1719 589 1764 omnino
609 1719 755 1763 futura
770 1728 1021 1775 noscantur,
1045 1735 1233 1780 quorum
1249 1720 1457 1778 imagines

61 1801 297 1852 praesentes
319 1790 523 1836 videntur
536 1826 548 1845 ,
573 1790 660 1834 sive
676 1790 765 1850 ipsa
783 1790 969 1834 hominis
987 1799 1131 1833 mente
1148 1789 1356 1834 divinitus
1374 1789 1455 1835 ad-

58 1863 171 1923 juta,
196 1862 284 1907 sive
300 1861 448 1922 aliquo
464 1861 577 1906 inter
594 1861 682 1921 ipsa
700 1861 786 1905 visa
802 1860 911 1921 quid
928 1860 1172 1918 significent
1189 1869 1450 1920 exponente,

62 1934 174 1979 sicut
193 1934 240 1979 in
261 1932 523 1994 Apocalypsi
545 1933 704 1989 Joanni
722 1932 1044 1992 exponebatur,
1070 1947 1228 1991 magna
1244 1931 1452 1977 revelatio

63 2007 155 2050 est1
183 2024 193 2050 ε
219 2004 384 2049 etiamsi
425 2003 536 2049 forte
557 2004 728 2061 ignoret
748 2002 820 2046 ille
834 2038 844 2058 ,
866 2003 937 2047 cui
953 2003 1048 2046 haec
1068 2002 1448 2059 demonstrantur,

62 2085 213 2120 utrum
234 2091 258 2119 e
279 2090 459 2135 corpore
476 2074 648 2129 exierit,
674 2089 728 2117 an
747 2072 890 2118 adhuc
908 2073 961 2117 sit
982 2073 1028 2116 in
1050 2088 1248 2132 corpore,
1265 2072 1340 2117 sed
1362 2074 1451 2134 spi-

63 2147 152 2193 ritu
172 2164 196 2192 a
218 2147 414 2191 sensibus
442 2146 632 2206 corporis
655 2144 840 2190 alienato
869 2145 949 2188 ista
969 2144 1116 2188 videat
1137 2164 1145 2188 :
1172 2154 1315 2204 potest
1336 2145 1452 2189 enim

63 2219 122 2264 sic
143 2227 291 2279 raptus
307 2217 353 2262 id
373 2217 592 2276 ignorare,
618 2217 652 2260 si
670 2217 708 2260 ei
731 2228 770 2260 et
790 2217 874 2260 hoc
896 2231 986 2259 non
1007 2214 1278 2260 ostendatur.

122 2292 235 2334 LIV.
265 2293 398 2334 Porro
421 2298 568 2334 autem
590 2289 624 2332 si
645 2286 1018 2349 quemadmodum
1041 2296 1190 2346 raptus
1214 2295 1278 2331 est
1307 2302 1330 2330 a
1351 2302 1451 2330 sen-

63 2360 181 2405 sibus
202 2360 393 2420 corporis
408 2396 419 2416 ,
443 2369 495 2404 ut
515 2368 625 2404 esset
646 2359 694 2402 in
709 2359 798 2403 istis
816 2356 1174 2402 similitudinibus
1196 2371 1444 2417 corporum,

64 2447 165 2492 quae
186 2430 340 2490 spiritu
360 2429 591 2486 videntur,
614 2429 674 2474 ita
696 2438 739 2474 et
758 2428 812 2473 ab
834 2428 934 2488 ipsis
955 2427 1168 2488 rapiatur,
1194 2437 1246 2473 ut
1266 2427 1312 2472 in
1333 2426 1453 2471 illam

113 2534 121 2551 ¹
139 2529 240 2571 Apoc.
261 2539 284 2570 ι,
307 2539 356 2561 10.
