1854 3219
312 250 367 277 m:
399 250 552 277 GENEs1
583 247 639 278 An
671 248 917 288 mmmmm,
952 252 1035 277 Lm.
1070 251 1151 277 xit.
1337 239 1422 278 587

33 314 280 361 intellectus
291 351 302 371 ,
320 330 518 376 quaerens
535 314 643 375 quid
660 314 733 359 illa
745 315 988 373 significent
999 315 1069 360 vel
1084 315 1192 359 utile
1213 314 1421 373 doceant,

32 396 77 432 et
99 396 175 432 aut
191 387 415 433 inveniens
431 385 488 431 ad
509 385 704 431 fructum
722 402 850 432 suum
864 387 1081 447 pervenit,
1104 395 1179 431 aut
1196 402 1287 431 non
1298 387 1423 432 inve-

32 457 156 502 niens
177 458 222 501 in
242 456 553 516 disceptatione
570 472 614 501 se
634 466 781 513 tenet,
803 474 858 502 ne
879 458 1022 519 aliqua
1039 458 1278 518 perniciosa
1296 467 1425 502 teme·

35 527 162 572 ritate
175 527 429 587 prolabatur
449 526 495 570 in
519 526 782 571 exitiabilem
805 543 1009 572 errorem.

90 600 232 643 XXX.
268 601 293 643 J
297 598 444 643 udicat
457 607 603 642 autem
616 598 784 643 sobrius
816 598 1062 643 intellectus
1083 597 1290 643 divinitus
1307 597 1429 659 adju-

32 679 124 725 tus,
162 684 262 729 quac
283 667 354 717 vel
385 677 548 734 quanta
582 668 688 726 sint,
712 668 758 712 in
782 669 941 730 quibus
969 670 1098 713 etiam
1127 668 1244 713 aliud
1271 678 1426 728 putare

32 756 164 801 quam
182 748 267 795 est,
293 755 383 783 non
405 740 459 784 sit
488 739 642 783 animae
666 739 972 799 perniciosum.
1000 742 1088 784 Nec
1117 739 1232 783 enim
1262 749 1427 799 putan-

31 811 143 859 tium
165 808 358 870 periculo
375 845 387 865 ,
413 818 456 853 et
473 825 561 854 non
577 810 721 870 potius
741 810 869 854 exitio
887 825 965 854 suo
983 845 994 865 ‚
1030 809 1215 870 quisque
1245 825 1270 854 a
1302 809 1427 854 bonis

31 890 213 942 putatur
235 880 400 935 bonus,
425 880 592 924 etiamsi
612 880 809 927 occultus
833 880 887 925 sit
910 880 1073 935 malus,
1099 879 1133 923 si
1149 879 1195 923 in
1213 880 1342 925 rebus
1360 881 1429 941 ip-

31 952 108 1007 sis,
133 951 180 995 id
196 960 282 1007 est,
306 951 352 997 in
374 950 468 1011 ipso
491 951 609 996 bono
632 967 721 1012 quo
742 952 791 995 fit
812 952 998 1012 quisque
1015 950 1174 1006 bonus,
1199 966 1290 995 non
1312 966 1428 995 erre-

31 1031 104 1072 tur
125 1041 145 1065 2<
169 1030 246 1066 aut
278 1021 443 1082 aliquid
475 1021 599 1070 obest
626 1021 830 1066 omnibus
862 1020 1136 1076 hominibus,
1169 1020 1292 1080 quod
1326 1037 1429 1067 cum

31 1091 277 1147 dormiunt,
307 1107 408 1138 vera
430 1107 611 1152 corpora
629 1107 719 1136 esse
742 1092 1032 1146 arbitrantur,
1058 1107 1247 1152 quorum
1276 1091 1429 1136 simili-

30 1162 204 1211 tudines
220 1163 268 1206 in
283 1163 444 1207 somnis
461 1161 634 1207 vident:
668 1171 744 1207 aut
766 1161 932 1223 aliquid
955 1161 1101 1206 obfuit
1124 1165 1274 1217 Petro,
1305 1161 1429 1222 quod

31 1232 174 1279 soluto
203 1249 246 1278 se
269 1250 292 1278 a
316 1233 523 1289 vinculis,
551 1247 684 1294 seque
709 1232 878 1292 Angelo
907 1232 1153 1276 deducente
1176 1230 1341 1276 factum
1364 1242 1430 1278 est

30 1305 261 1365 repentino
282 1304 492 1349 miraculo
506 1340 517 1360 ,
538 1314 588 1349 ut
604 1314 778 1365 putaret
791 1320 835 1348 se
856 1305 997 1349 visum
1009 1304 1181 1349 videre1
1206 1325 1214 1349 :
1237 1304 1306 1349 vel
1326 1320 1429 1349 cum

30 1376 78 1425 in
107 1374 180 1420 illa
220 1376 355 1420 extasi
381 1375 605 1436 respondit
634 1396 643 1421 :
679 1395 699 1418 «
738 1379 1025 1436 Nequaquam
1042 1411 1053 1431 ‚
1091 1376 1301 1431 Domine,
1326 1376 1430 1436 quia

31 1464 52 1488 »
86 1461 316 1507 nunquam
328 1446 588 1492 manducavi
603 1462 733 1491 omne
752 1462 985 1491 commune
1002 1456 1045 1491 ct
1059 1446 1367 1490 immundum2
1385 1465 1423 1491 ι»

29 1525 188 1577 putans
209 1531 258 1560 ea
279 1516 392 1576 ipsa,
413 1532 512 1577 quae
534 1517 579 1560 in
609 1516 728 1561 disco
752 1516 1189 1572 demonstrabantur,
1216 1526 1427 1577 tanquam

30 1603 131 1633 vera
155 1586 370 1631 animalia.
398 1590 503 1631 Haec
519 1586 698 1647 quando
721 1587 845 1631 aliter
868 1588 1044 1632 inventa
1072 1587 1236 1632 fuerint
1251 1623 1262 1643 ,
1291 1603 1428 1647 quam

30 1667 182 1719 putata
210 1667 337 1713 sunt,
363 1673 465 1702 cum
485 1657 741 1703 viderentur
756 1693 767 1714 ,
799 1674 889 1702 non
912 1674 989 1702 nos
1013 1659 1198 1718 poenitet
1219 1659 1284 1703 ita
1305 1658 1429 1702 nobis

29 1730 161 1774 fuisse
181 1729 271 1774 visa
288 1763 298 1784 ,
328 1728 362 1774 si
391 1744 481 1777 non
498 1730 707 1787 arguatur
727 1728 798 1774 vel
826 1729 1058 1774 infidelitas
1076 1729 1186 1774 dura
1203 1765 1214 1785 ,
1236 1729 1305 1774 vel
1329 1730 1426 1789 opi-

30 1799 150 1850 natio
171 1815 285 1844 vana
308 1799 396 1843 sive
419 1798 643 1858 sacrilega.
672 1803 949 1860 Quapropter
971 1809 1014 1844 et
1030 1816 1132 1844 cum
1149 1800 1249 1844 visis
1267 1816 1426 1859 corpo-

32 1870 195 1916 ralibus
213 1869 417 1914 diabolus
433 1869 561 1925 fallit,
579 1870 689 1915 nihil
707 1871 830 1915 obest
845 1871 968 1932 quod
988 1871 1271 1916 ludificantur
1288 1871 1423 1927 oculi,

32 1944 66 1988 si
87 1958 178 1987 non
198 1951 366 1986 erratur
394 1942 439 1993 in
460 1942 641 1987 veritate
664 1941 765 1986 fidei
785 1978 795 1998 ,
826 1952 869 1986 et
894 1942 1195 2001 intelligentiae
1213 1943 1395 1987 sanitate
1409 1978 1422 1998 ,

31 2029 119 2073 qua
148 2012 277 2058 docet
298 2015 412 2057 Deus
445 2013 663 2073 subjectos
696 2014 794 2058 sibi.
819 2017 909 2059 Aut
944 2014 977 2058 si
1005 2013 1202 2059 ludificet
1235 2015 1425 2058 animam

32 2082 214 2144 spiritali
244 2083 408 2128 visione
439 2082 704 2142 imaginibus
742 2100 999 2145 corporum,
1042 2094 1092 2129 ut
1119 2093 1244 2144 putet
1266 2100 1424 2145 corpus

33 2169 123 2200 esse
144 2153 266 2214 quod
298 2169 389 2198 non
419 2162 508 2210 est,
535 2170 626 2200 non
647 2154 815 2216 aliquid
842 2157 966 2202 obest
994 2156 1149 2201 animae
1165 2192 1178 2213 ,
1219 2157 1253 2209 si
1273 2157 1422 2217 perni-

34 2239 161 2270 ciosae
177 2239 365 2277 suaslom
383 2240 474 2269 non
495 2234 753 2271 consentiat.

83 2325 93 2342 ¹
110 2321 183 2355 Act.
203 2329 260 2361 ιιι,
277 2330 310 2362 9.
329 2336 373 2354 ψ».
391 2320 473 2354 ,²1d.
493 2331 527 2362 x,
550 2320 604 2362 14.
