<?xml version="1.0" encoding="UTF-8"?>
<!DOCTYPE html PUBLIC "-//W3C//DTD XHTML 1.0 Transitional//EN"
    "http://www.w3.org/TR/xhtml1/DTD/xhtml1-transitional.dtd">
<html xmlns="http://www.w3.org/1999/xhtml" xml:lang="en" lang="en">
 <head>
  <title>
</title>
<meta http-equiv="Content-Type" content="text/html;charset=utf-8" />
  <meta name='ocr-system' content='tesseract 3.04.00' />
  <meta name='ocr-capabilities' content='ocr_page ocr_carea ocr_par ocr_line ocrx_word'/>
</head>
<body>
  <div class='ocr_page' id='page_1' title='image "./operaomniaaccura05auguuoft_0099.png"; bbox 0 0 1854 3219; ppageno 0'>
   <div class='ocr_carea' id='block_1_1' title="bbox 352 175 1435 217">
    <p class='ocr_par' dir='ltr' id='par_1_1' title="bbox 352 175 1435 217">
     <span class='ocr_line' id='line_1_1' title="bbox 352 175 1435 217; baseline -0.005 0"><span class='ocrx_word' id='word_1_1' title='bbox 352 192 406 217; x_wconf 85' lang='lat' dir='ltr'>DE</span> <span class='ocrx_word' id='word_1_2' title='bbox 438 188 646 217; x_wconf 75' lang='lat' dir='ltr'><strong>DOCTMNA</strong></span> <span class='ocrx_word' id='word_1_3' title='bbox 677 187 929 216; x_wconf 70' lang='lat' dir='ltr'>CHRIsTIANA</span> <span class='ocrx_word' id='word_1_4' title='bbox 964 189 1045 214; x_wconf 74' lang='lat' dir='ltr'>Lm.</span> <span class='ocrx_word' id='word_1_5' title='bbox 1085 189 1140 214; x_wconf 80' lang='lat' dir='ltr'>[v.</span> <span class='ocrx_word' id='word_1_6' title='bbox 1384 175 1435 213; x_wconf 77' lang='lat'>87</span> 
     </span>
    </p>
   </div>
   <div class='ocr_carea' id='block_1_2' title="bbox 48 251 1447 2516">
    <p class='ocr_par' dir='ltr' id='par_1_2' title="bbox 51 251 1447 1372">
     <span class='ocr_line' id='line_1_2' title="bbox 58 251 1440 314; baseline -0.004 -13"><span class='ocrx_word' id='word_1_7' title='bbox 58 265 233 312; x_wconf 67' lang='lat' dir='ltr'>texunt,</span> <span class='ocrx_word' id='word_1_8' title='bbox 257 275 277 299; x_wconf 92' lang='lat'>«</span> <span class='ocrx_word' id='word_1_9' title='bbox 303 255 474 302; x_wconf 82' lang='lat' dir='ltr'>Nemini</span> <span class='ocrx_word' id='word_1_10' title='bbox 496 254 736 314; x_wconf 81' lang='lat' dir='ltr'>quidquam</span> <span class='ocrx_word' id='word_1_11' title='bbox 759 253 952 297; x_wconf 74' lang='lat' dir='ltr'>debeatis</span> <span class='ocrx_word' id='word_1_12' title='bbox 970 289 980 307; x_wconf 83' lang='lat'>,</span> <span class='ocrx_word' id='word_1_13' title='bbox 1007 253 1087 297; x_wconf 86' lang='lat' dir='ltr'>nisi</span> <span class='ocrx_word' id='word_1_14' title='bbox 1104 261 1154 297; x_wconf 83' lang='lat' dir='ltr'>ut</span> <span class='ocrx_word' id='word_1_15' title='bbox 1169 252 1351 297; x_wconf 81' lang='lat' dir='ltr'>invicem</span> <span class='ocrx_word' id='word_1_16' title='bbox 1371 251 1440 295; x_wconf 86' lang='lat' dir='ltr'>di·-</span> 
     </span>
     <span class='ocr_line' id='line_1_3' title="bbox 59 323 1435 386; baseline 0 -19"><span class='ocrx_word' id='word_1_17' title='bbox 59 345 79 368; x_wconf 92' lang='lat'>»</span> <span class='ocrx_word' id='word_1_18' title='bbox 113 326 301 385; x_wconf 65' lang='grc'>11331151.</span> <span class='ocrx_word' id='word_1_19' title='bbox 330 344 350 367; x_wconf 69' lang='grc'>&gt;1</span> <span class='ocrx_word' id='word_1_20' title='bbox 374 329 432 370; x_wconf 90' lang='lat' dir='ltr'>Et</span> <span class='ocrx_word' id='word_1_21' title='bbox 453 334 550 386; x_wconf 86' lang='lat' dir='ltr'>post</span> <span class='ocrx_word' id='word_1_22' title='bbox 570 323 823 384; x_wconf 86' lang='lat' dir='ltr'>paululum,</span> <span class='ocrx_word' id='word_1_23' title='bbox 850 343 870 365; x_wconf 86' lang='lat'>«</span> <span class='ocrx_word' id='word_1_24' title='bbox 890 326 984 368; x_wconf 79' lang='lat' dir='ltr'>Nox</span> <span class='ocrx_word' id='word_1_25' title='bbox 1005 324 1219 383; x_wconf 86' lang='lat' dir='ltr'>praecessit</span> <span class='ocrx_word' id='word_1_26' title='bbox 1234 359 1244 379; x_wconf 77' lang='grc'>,</span> <span class='ocrx_word' id='word_1_27' title='bbox 1269 323 1435 384; x_wconf 82' lang='lat' dir='ltr'>inquit,</span> 
     </span>
     <span class='ocr_line' id='line_1_4' title="bbox 58 394 1442 457; baseline 0.001 -18"><span class='ocrx_word' id='word_1_28' title='bbox 58 416 79 440; x_wconf 83' lang='lat'>»</span> <span class='ocrx_word' id='word_1_29' title='bbox 113 398 203 442; x_wconf 91' lang='lat' dir='ltr'>dies</span> <span class='ocrx_word' id='word_1_30' title='bbox 233 406 378 441; x_wconf 87' lang='lat' dir='ltr'>autem</span> <span class='ocrx_word' id='word_1_31' title='bbox 411 394 791 457; x_wconf 82' lang='lat' dir='ltr'><strong>appropinquavit.</strong></span> <span class='ocrx_word' id='word_1_32' title='bbox 829 394 1093 455; x_wconf 82' lang='lat' dir='ltr'>Abjiciamus</span> <span class='ocrx_word' id='word_1_33' title='bbox 1125 395 1273 455; x_wconf 90' lang='lat' dir='ltr'>itaque</span> <span class='ocrx_word' id='word_1_34' title='bbox 1310 410 1442 455; x_wconf 84' lang='lat' dir='ltr'>opera</span> 
     </span>
     <span class='ocr_line' id='line_1_5' title="bbox 59 463 1441 523; baseline 0.001 -14"><span class='ocrx_word' id='word_1_35' title='bbox 59 487 79 511; x_wconf 87' lang='lat'>»</span> <span class='ocrx_word' id='word_1_36' title='bbox 113 468 395 513; x_wconf 80' lang='lat' dir='ltr'>tenebrarum</span> <span class='ocrx_word' id='word_1_37' title='bbox 409 502 420 523; x_wconf 85' lang='lat'>‚</span> <span class='ocrx_word' id='word_1_38' title='bbox 445 475 490 511; x_wconf 90' lang='lat' dir='ltr'>et</span> <span class='ocrx_word' id='word_1_39' title='bbox 510 465 744 510; x_wconf 86' lang='lat' dir='ltr'>induamus</span> <span class='ocrx_word' id='word_1_40' title='bbox 767 480 885 509; x_wconf 89' lang='lat' dir='ltr'>arma</span> <span class='ocrx_word' id='word_1_41' title='bbox 905 463 1016 509; x_wconf 88' lang='lat' dir='ltr'>lucis</span> <span class='ocrx_word' id='word_1_42' title='bbox 1038 481 1047 507; x_wconf 90' lang='lat'>:</span> <span class='ocrx_word' id='word_1_43' title='bbox 1074 466 1185 510; x_wconf 88' lang='lat' dir='ltr'>sicut</span> <span class='ocrx_word' id='word_1_44' title='bbox 1202 466 1249 510; x_wconf 88' lang='lat' dir='ltr'>in</span> <span class='ocrx_word' id='word_1_45' title='bbox 1266 465 1336 510; x_wconf 90' lang='lat' dir='ltr'>die</span> <span class='ocrx_word' id='word_1_46' title='bbox 1356 466 1441 511; x_wconf 91' lang='lat' dir='ltr'>ho-</span> 
     </span>
     <span class='ocr_line' id='line_1_6' title="bbox 58 536 1443 595; baseline 0.001 -15"><span class='ocrx_word' id='word_1_47' title='bbox 58 557 78 580; x_wconf 88' lang='lat'>»</span> <span class='ocrx_word' id='word_1_48' title='bbox 113 548 234 592; x_wconf 65' lang='lat' dir='ltr'>neste</span> <span class='ocrx_word' id='word_1_49' title='bbox 261 538 558 595; x_wconf 80' lang='lat' dir='ltr'>ambulemus3</span> <span class='ocrx_word' id='word_1_50' title='bbox 585 553 676 582; x_wconf 91' lang='lat' dir='ltr'>non</span> <span class='ocrx_word' id='word_1_51' title='bbox 698 536 745 580; x_wconf 93' lang='lat' dir='ltr'>in</span> <span class='ocrx_word' id='word_1_52' title='bbox 765 536 1150 581; x_wconf 82' lang='lat' dir='ltr'>comessationibus</span> <span class='ocrx_word' id='word_1_53' title='bbox 1187 545 1232 580; x_wconf 88' lang='lat' dir='ltr'>et</span> <span class='ocrx_word' id='word_1_54' title='bbox 1258 536 1443 582; x_wconf 85' lang='lat' dir='ltr'>ebrieta-</span> 
     </span>
     <span class='ocr_line' id='line_1_7' title="bbox 57 605 1444 666; baseline 0.001 -15"><span class='ocrx_word' id='word_1_55' title='bbox 57 627 78 652; x_wconf 85' lang='lat'>»</span> <span class='ocrx_word' id='word_1_56' title='bbox 113 610 231 661; x_wconf 85' lang='lat' dir='ltr'>tibus</span> <span class='ocrx_word' id='word_1_57' title='bbox 247 645 258 666; x_wconf 88' lang='lat'>,</span> <span class='ocrx_word' id='word_1_58' title='bbox 278 625 369 654; x_wconf 89' lang='lat' dir='ltr'>non</span> <span class='ocrx_word' id='word_1_59' title='bbox 390 610 436 653; x_wconf 90' lang='lat' dir='ltr'>in</span> <span class='ocrx_word' id='word_1_60' title='bbox 452 608 670 654; x_wconf 87' lang='lat' dir='ltr'>cubilibus</span> <span class='ocrx_word' id='word_1_61' title='bbox 687 616 732 651; x_wconf 88' lang='lat' dir='ltr'>et</span> <span class='ocrx_word' id='word_1_62' title='bbox 750 605 1031 666; x_wconf 71' lang='lat' dir='ltr'>impudicitiis</span> <span class='ocrx_word' id='word_1_63' title='bbox 1045 643 1055 662; x_wconf 89' lang='lat'>‚</span> <span class='ocrx_word' id='word_1_64' title='bbox 1084 607 1239 652; x_wconf 87' lang='lat' dir='ltr'>nonin</span> <span class='ocrx_word' id='word_1_65' title='bbox 1257 616 1444 652; x_wconf 84' lang='lat' dir='ltr'>conten-</span> 
     </span>
     <span class='ocr_line' id='line_1_8' title="bbox 57 676 1444 737; baseline 0 -16"><span class='ocrx_word' id='word_1_66' title='bbox 57 698 77 722; x_wconf 94' lang='lat'>»</span> <span class='ocrx_word' id='word_1_67' title='bbox 113 681 231 725; x_wconf 86' lang='lat' dir='ltr'>tione</span> <span class='ocrx_word' id='word_1_68' title='bbox 272 689 316 725; x_wconf 87' lang='lat' dir='ltr'>et</span> <span class='ocrx_word' id='word_1_69' title='bbox 355 679 632 726; x_wconf 71' lang='lat' dir='ltr'>aemulatione</span> <span class='ocrx_word' id='word_1_70' title='bbox 650 700 661 737; x_wconf 81' lang='lat'>3</span> <span class='ocrx_word' id='word_1_71' title='bbox 703 677 782 722; x_wconf 90' lang='lat' dir='ltr'>sed</span> <span class='ocrx_word' id='word_1_72' title='bbox 814 676 984 721; x_wconf 82' lang='lat' dir='ltr'>induite</span> <span class='ocrx_word' id='word_1_73' title='bbox 1019 677 1256 723; x_wconf 89' lang='lat' dir='ltr'>Dominum</span> <span class='ocrx_word' id='word_1_74' title='bbox 1294 680 1444 726; x_wconf 88' lang='lat' dir='ltr'>Jesum</span> 
     </span>
     <span class='ocr_line' id='line_1_9' title="bbox 57 747 1446 810; baseline 0.002 -18"><span class='ocrx_word' id='word_1_75' title='bbox 57 769 78 794; x_wconf 88' lang='lat'>»</span> <span class='ocrx_word' id='word_1_76' title='bbox 113 751 335 797; x_wconf 84' lang='lat' dir='ltr'>Christum</span> <span class='ocrx_word' id='word_1_77' title='bbox 357 772 366 797; x_wconf 85' lang='lat'>:</span> <span class='ocrx_word' id='word_1_78' title='bbox 391 761 436 797; x_wconf 87' lang='lat' dir='ltr'>et</span> <span class='ocrx_word' id='word_1_79' title='bbox 462 751 602 797; x_wconf 86' lang='lat' dir='ltr'>carnis</span> <span class='ocrx_word' id='word_1_80' title='bbox 632 748 953 810; x_wconf 86' lang='lat' dir='ltr'>providentiam</span> <span class='ocrx_word' id='word_1_81' title='bbox 975 764 1030 793; x_wconf 91' lang='lat' dir='ltr'>ne</span> <span class='ocrx_word' id='word_1_82' title='bbox 1061 747 1249 794; x_wconf 85' lang='lat' dir='ltr'>feceritis</span> <span class='ocrx_word' id='word_1_83' title='bbox 1268 748 1317 793; x_wconf 88' lang='grc'>111</span> <span class='ocrx_word' id='word_1_84' title='bbox 1336 765 1446 795; x_wconf 88' lang='lat' dir='ltr'>con-</span> 
     </span>
     <span class='ocr_line' id='line_1_10' title="bbox 57 819 1445 883; baseline 0.001 -19"><span class='ocrx_word' id='word_1_85' title='bbox 57 841 78 864; x_wconf 89' lang='lat'>»</span> <span class='ocrx_word' id='word_1_86' title='bbox 112 823 386 883; x_wconf 87' lang='lat' dir='ltr'>cupiscentiis</span> <span class='ocrx_word' id='word_1_87' title='bbox 399 827 431 867; x_wconf 69' lang='lat'>².</span> <span class='ocrx_word' id='word_1_88' title='bbox 455 842 476 865; x_wconf 87' lang='lat'>»</span> <span class='ocrx_word' id='word_1_89' title='bbox 499 821 629 876; x_wconf 86' lang='lat' dir='ltr'>Quod</span> <span class='ocrx_word' id='word_1_90' title='bbox 651 821 685 866; x_wconf 90' lang='lat' dir='ltr'>si</span> <span class='ocrx_word' id='word_1_91' title='bbox 699 822 930 882; x_wconf 85' lang='lat' dir='ltr'>quisquam</span> <span class='ocrx_word' id='word_1_92' title='bbox 943 820 1002 865; x_wconf 88' lang='lat' dir='ltr'>ita</span> <span class='ocrx_word' id='word_1_93' title='bbox 1015 819 1204 866; x_wconf 86' lang='lat' dir='ltr'>diceret:</span> <span class='ocrx_word' id='word_1_94' title='bbox 1227 823 1285 866; x_wconf 90' lang='lat' dir='ltr'>Et</span> <span class='ocrx_word' id='word_1_95' title='bbox 1305 821 1445 866; x_wconf 91' lang='lat' dir='ltr'>carnis</span> 
     </span>
     <span class='ocr_line' id='line_1_11' title="bbox 52 889 1444 954; baseline -0.001 -16"><span class='ocrx_word' id='word_1_96' title='bbox 52 893 373 954; x_wconf 87' lang='lat' dir='ltr'>providentiam</span> <span class='ocrx_word' id='word_1_97' title='bbox 394 909 449 938; x_wconf 88' lang='lat' dir='ltr'>ne</span> <span class='ocrx_word' id='word_1_98' title='bbox 475 894 522 937; x_wconf 88' lang='lat' dir='ltr'>in</span> <span class='ocrx_word' id='word_1_99' title='bbox 550 892 912 953; x_wconf 85' lang='lat' dir='ltr'>concupiscentiis</span> <span class='ocrx_word' id='word_1_100' title='bbox 941 889 1153 943; x_wconf 80' lang='lat' dir='ltr'>feceritis;</span> <span class='ocrx_word' id='word_1_101' title='bbox 1175 892 1269 937; x_wconf 88' lang='lat' dir='ltr'>sine</span> <span class='ocrx_word' id='word_1_102' title='bbox 1304 891 1444 937; x_wconf 88' lang='lat' dir='ltr'>dubio</span> 
     </span>
     <span class='ocr_line' id='line_1_12' title="bbox 54 963 1447 1022; baseline -0.001 -14"><span class='ocrx_word' id='word_1_103' title='bbox 54 979 178 1009; x_wconf 86' lang='lat' dir='ltr'>aures</span> <span class='ocrx_word' id='word_1_104' title='bbox 199 963 392 1014; x_wconf 85' lang='lat' dir='ltr'>clausula</span> <span class='ocrx_word' id='word_1_105' title='bbox 420 963 719 1012; x_wconf 81' lang='lat' dir='ltr'>numerosiore</span> <span class='ocrx_word' id='word_1_106' title='bbox 741 963 953 1008; x_wconf 85' lang='lat' dir='ltr'>mulceret</span> <span class='ocrx_word' id='word_1_107' title='bbox 974 982 984 1008; x_wconf 90' lang='lat'>:</span> <span class='ocrx_word' id='word_1_108' title='bbox 1015 963 1093 1007; x_wconf 90' lang='lat' dir='ltr'>sed</span> <span class='ocrx_word' id='word_1_109' title='bbox 1118 963 1290 1022; x_wconf 84' lang='lat' dir='ltr'>gravior</span> <span class='ocrx_word' id='word_1_110' title='bbox 1310 963 1447 1007; x_wconf 87' lang='lat' dir='ltr'>inter-</span> 
     </span>
     <span class='ocr_line' id='line_1_13' title="bbox 53 1033 1447 1095; baseline 0 -16"><span class='ocrx_word' id='word_1_111' title='bbox 53 1050 150 1095; x_wconf 85' lang='lat' dir='ltr'>pres</span> <span class='ocrx_word' id='word_1_112' title='bbox 177 1034 309 1079; x_wconf 89' lang='lat' dir='ltr'>etiam</span> <span class='ocrx_word' id='word_1_113' title='bbox 338 1034 536 1079; x_wconf 88' lang='lat' dir='ltr'>ordinem</span> <span class='ocrx_word' id='word_1_114' title='bbox 568 1033 724 1079; x_wconf 86' lang='lat' dir='ltr'>maluit</span> <span class='ocrx_word' id='word_1_115' title='bbox 745 1043 893 1078; x_wconf 88' lang='lat' dir='ltr'>tenere</span> <span class='ocrx_word' id='word_1_116' title='bbox 923 1033 1175 1079; x_wconf 87' lang='lat' dir='ltr'>verborum.</span> <span class='ocrx_word' id='word_1_117' title='bbox 1211 1033 1447 1087; x_wconf 85' lang='lat' dir='ltr'>Quomodo</span> 
     </span>
     <span class='ocr_line' id='line_1_14' title="bbox 53 1104 1447 1165; baseline 0 -15"><span class='ocrx_word' id='word_1_118' title='bbox 53 1114 202 1150; x_wconf 88' lang='lat' dir='ltr'>autem</span> <span class='ocrx_word' id='word_1_119' title='bbox 219 1106 303 1154; x_wconf 86' lang='lat' dir='ltr'>hoe</span> <span class='ocrx_word' id='word_1_120' title='bbox 325 1105 372 1153; x_wconf 81' lang='lat' dir='ltr'>in</span> <span class='ocrx_word' id='word_1_121' title='bbox 389 1121 531 1164; x_wconf 84' lang='lat' dir='ltr'>graeco</span> <span class='ocrx_word' id='word_1_122' title='bbox 547 1104 723 1165; x_wconf 87' lang='lat' dir='ltr'>eloquio</span> <span class='ocrx_word' id='word_1_123' title='bbox 744 1113 890 1160; x_wconf 86' lang='lat' dir='ltr'>sonet,</span> <span class='ocrx_word' id='word_1_124' title='bbox 911 1120 1001 1165; x_wconf 89' lang='lat' dir='ltr'>quo</span> <span class='ocrx_word' id='word_1_125' title='bbox 1022 1114 1088 1149; x_wconf 86' lang='lat' dir='ltr'>est</span> <span class='ocrx_word' id='word_1_126' title='bbox 1107 1104 1282 1150; x_wconf 81' lang='lat' dir='ltr'>locutus</span> <span class='ocrx_word' id='word_1_127' title='bbox 1303 1108 1447 1165; x_wconf 84' lang='lat' dir='ltr'>Apos-</span> 
     </span>
     <span class='ocr_line' id='line_1_15' title="bbox 51 1174 1447 1236; baseline 0 -16"><span class='ocrx_word' id='word_1_128' title='bbox 51 1175 188 1232; x_wconf 85' lang='lat' dir='ltr'>tolus,</span> <span class='ocrx_word' id='word_1_129' title='bbox 214 1175 406 1221; x_wconf 88' lang='lat' dir='ltr'>viderint</span> <span class='ocrx_word' id='word_1_130' title='bbox 428 1177 521 1236; x_wconf 87' lang='lat' dir='ltr'>ejus</span> <span class='ocrx_word' id='word_1_131' title='bbox 553 1175 716 1235; x_wconf 88' lang='lat' dir='ltr'>eloquii</span> <span class='ocrx_word' id='word_1_132' title='bbox 741 1190 881 1236; x_wconf 87' lang='lat' dir='ltr'>usque</span> <span class='ocrx_word' id='word_1_133' title='bbox 903 1174 960 1220; x_wconf 89' lang='lat' dir='ltr'>ad</span> <span class='ocrx_word' id='word_1_134' title='bbox 979 1175 1060 1220; x_wconf 87' lang='lat' dir='ltr'>ista</span> <span class='ocrx_word' id='word_1_135' title='bbox 1082 1174 1281 1221; x_wconf 78' lang='lat' dir='ltr'>doctores</span> <span class='ocrx_word' id='word_1_136' title='bbox 1305 1196 1315 1221; x_wconf 74' lang='lat'>1</span> <span class='ocrx_word' id='word_1_137' title='bbox 1339 1176 1447 1220; x_wconf 88' lang='lat' dir='ltr'>mihi</span> 
     </span>
     <span class='ocr_line' id='line_1_16' title="bbox 52 1246 1446 1308; baseline 0.002 -18"><span class='ocrx_word' id='word_1_138' title='bbox 52 1256 199 1292; x_wconf 86' lang='lat' dir='ltr'>tamen</span> <span class='ocrx_word' id='word_1_139' title='bbox 220 1246 342 1307; x_wconf 89' lang='lat' dir='ltr'>quod</span> <span class='ocrx_word' id='word_1_140' title='bbox 362 1247 490 1291; x_wconf 84' lang='lat' dir='ltr'>nobis</span> <span class='ocrx_word' id='word_1_141' title='bbox 509 1246 665 1291; x_wconf 90' lang='lat' dir='ltr'>eodem</span> <span class='ocrx_word' id='word_1_142' title='bbox 681 1246 918 1292; x_wconf 86' lang='lat' dir='ltr'>verborum</span> <span class='ocrx_word' id='word_1_143' title='bbox 937 1246 1089 1292; x_wconf 84' lang='lat' dir='ltr'>ordine</span> <span class='ocrx_word' id='word_1_144' title='bbox 1110 1247 1446 1308; x_wconf 88' lang='lat' dir='ltr'>interpretatum</span> 
     </span>
     <span class='ocr_line' id='line_1_17' title="bbox 51 1316 991 1372; baseline -0.001 -10"><span class='ocrx_word' id='word_1_145' title='bbox 51 1326 115 1362; x_wconf 86' lang='lat' dir='ltr'>est</span> <span class='ocrx_word' id='word_1_146' title='bbox 132 1352 143 1372; x_wconf 85' lang='lat'>,</span> <span class='ocrx_word' id='word_1_147' title='bbox 171 1332 252 1365; x_wconf 81' lang='lat' dir='ltr'>nec</span> <span class='ocrx_word' id='word_1_148' title='bbox 273 1317 336 1361; x_wconf 88' lang='lat' dir='ltr'>ibi</span> <span class='ocrx_word' id='word_1_149' title='bbox 354 1316 529 1362; x_wconf 90' lang='lat' dir='ltr'>videtur</span> <span class='ocrx_word' id='word_1_150' title='bbox 550 1332 724 1363; x_wconf 86' lang='lat' dir='ltr'>currere</span> <span class='ocrx_word' id='word_1_151' title='bbox 745 1332 991 1361; x_wconf 86' lang='lat' dir='ltr'>numerose.</span> 
     </span>
    </p>

    <p class='ocr_par' dir='ltr' id='par_1_3' title="bbox 48 1388 1447 2516">
     <span class='ocr_line' id='line_1_18' title="bbox 108 1388 1446 1449; baseline 0.003 -17"><span class='ocrx_word' id='word_1_152' title='bbox 108 1391 226 1432; x_wconf 91' lang='lat' dir='ltr'>XLI.</span> <span class='ocrx_word' id='word_1_153' title='bbox 255 1390 366 1434; x_wconf 86' lang='lat' dir='ltr'>Sane</span> <span class='ocrx_word' id='word_1_154' title='bbox 398 1389 518 1433; x_wconf 91' lang='lat' dir='ltr'>hunc</span> <span class='ocrx_word' id='word_1_155' title='bbox 549 1388 807 1433; x_wconf 85' lang='lat' dir='ltr'>elocutionis</span> <span class='ocrx_word' id='word_1_156' title='bbox 835 1398 1066 1444; x_wconf 83' lang='lat' dir='ltr'>ornatum,</span> <span class='ocrx_word' id='word_1_157' title='bbox 1097 1389 1174 1449; x_wconf 90' lang='lat' dir='ltr'>qui</span> <span class='ocrx_word' id='word_1_158' title='bbox 1202 1392 1446 1436; x_wconf 87' lang='lat' dir='ltr'>numerosis</span> 
     </span>
     <span class='ocr_line' id='line_1_19' title="bbox 49 1457 1446 1515; baseline 0.001 -11"><span class='ocrx_word' id='word_1_159' title='bbox 49 1460 101 1504; x_wconf 88' lang='lat' dir='ltr'>fit</span> <span class='ocrx_word' id='word_1_160' title='bbox 120 1458 346 1515; x_wconf 80' lang='lat' dir='ltr'>clausulis,</span> <span class='ocrx_word' id='word_1_161' title='bbox 366 1457 512 1507; x_wconf 89' lang='lat' dir='ltr'>deesse</span> <span class='ocrx_word' id='word_1_162' title='bbox 528 1458 760 1504; x_wconf 85' lang='lat' dir='ltr'>fatendum</span> <span class='ocrx_word' id='word_1_163' title='bbox 775 1468 840 1504; x_wconf 84' lang='lat' dir='ltr'>est</span> <span class='ocrx_word' id='word_1_164' title='bbox 857 1459 1108 1504; x_wconf 89' lang='lat' dir='ltr'>auctoribus</span> <span class='ocrx_word' id='word_1_165' title='bbox 1121 1461 1292 1505; x_wconf 89' lang='lat' dir='ltr'>nostris.</span> <span class='ocrx_word' id='word_1_166' title='bbox 1314 1462 1446 1515; x_wconf 88' lang='lat' dir='ltr'>Quod</span> 
     </span>
     <span class='ocr_line' id='line_1_20' title="bbox 49 1528 1445 1592; baseline 0.002 -18"><span class='ocrx_word' id='word_1_167' title='bbox 49 1539 199 1574; x_wconf 88' lang='lat' dir='ltr'>utrum</span> <span class='ocrx_word' id='word_1_168' title='bbox 232 1545 310 1590; x_wconf 86' lang='lat' dir='ltr'>per</span> <span class='ocrx_word' id='word_1_169' title='bbox 331 1529 587 1589; x_wconf 84' lang='lat' dir='ltr'>interpretes</span> <span class='ocrx_word' id='word_1_170' title='bbox 620 1528 787 1575; x_wconf 82' lang='lat' dir='ltr'>factum</span> <span class='ocrx_word' id='word_1_171' title='bbox 808 1530 884 1586; x_wconf 82' lang='lat' dir='ltr'>sit,</span> <span class='ocrx_word' id='word_1_172' title='bbox 913 1546 970 1575; x_wconf 88' lang='lat' dir='ltr'>an</span> <span class='ocrx_word' id='word_1_173' title='bbox 991 1530 1138 1592; x_wconf 87' lang='lat' dir='ltr'>(quod</span> <span class='ocrx_word' id='word_1_174' title='bbox 1159 1532 1295 1591; x_wconf 85' lang='lat' dir='ltr'>magis</span> <span class='ocrx_word' id='word_1_175' title='bbox 1325 1533 1445 1577; x_wconf 86' lang='lat' dir='ltr'>arbi-</span> 
     </span>
     <span class='ocr_line' id='line_1_21' title="bbox 49 1599 1446 1661; baseline 0.002 -15"><span class='ocrx_word' id='word_1_176' title='bbox 49 1603 167 1657; x_wconf 88' lang='lat' dir='ltr'>tror)</span> <span class='ocrx_word' id='word_1_177' title='bbox 188 1599 388 1646; x_wconf 87' lang='lat' dir='ltr'>consulto</span> <span class='ocrx_word' id='word_1_178' title='bbox 416 1600 481 1647; x_wconf 86' lang='lat' dir='ltr'>illi</span> <span class='ocrx_word' id='word_1_179' title='bbox 501 1601 597 1646; x_wconf 84' lang='lat' dir='ltr'>haec</span> <span class='ocrx_word' id='word_1_180' title='bbox 618 1601 867 1661; x_wconf 87' lang='lat' dir='ltr'>plausibilia</span> <span class='ocrx_word' id='word_1_181' title='bbox 889 1602 1201 1659; x_wconf 80' lang='lat' dir='ltr'>devitaverint,</span> <span class='ocrx_word' id='word_1_182' title='bbox 1227 1604 1446 1650; x_wconf 86' lang='lat' dir='ltr'>affirmare</span> 
     </span>
     <span class='ocr_line' id='line_1_22' title="bbox 48 1672 1442 1734; baseline 0.002 -16"><span class='ocrx_word' id='word_1_183' title='bbox 48 1690 140 1719; x_wconf 90' lang='lat' dir='ltr'>non</span> <span class='ocrx_word' id='word_1_184' title='bbox 157 1674 298 1718; x_wconf 89' lang='lat' dir='ltr'>audeo</span> <span class='ocrx_word' id='word_1_185' title='bbox 312 1709 323 1729; x_wconf 87' lang='lat'>‚</span> <span class='ocrx_word' id='word_1_186' title='bbox 343 1673 552 1734; x_wconf 89' lang='lat' dir='ltr'>quoniam</span> <span class='ocrx_word' id='word_1_187' title='bbox 569 1689 639 1718; x_wconf 89' lang='lat' dir='ltr'>me</span> <span class='ocrx_word' id='word_1_188' title='bbox 654 1672 792 1719; x_wconf 89' lang='lat' dir='ltr'>fateor</span> <span class='ocrx_word' id='word_1_189' title='bbox 806 1673 1020 1732; x_wconf 80' lang='lat' dir='ltr'>ignorare.</span> <span class='ocrx_word' id='word_1_190' title='bbox 1044 1674 1163 1719; x_wconf 90' lang='lat' dir='ltr'>Illud</span> <span class='ocrx_word' id='word_1_191' title='bbox 1175 1684 1324 1720; x_wconf 87' lang='lat' dir='ltr'>tamen</span> <span class='ocrx_word' id='word_1_192' title='bbox 1337 1677 1442 1734; x_wconf 85' lang='lat' dir='ltr'>scio,</span> 
     </span>
     <span class='ocr_line' id='line_1_23' title="bbox 49 1743 1446 1806; baseline 0.002 -16"><span class='ocrx_word' id='word_1_193' title='bbox 49 1743 171 1806; x_wconf 87' lang='lat' dir='ltr'>quod</span> <span class='ocrx_word' id='word_1_194' title='bbox 203 1745 238 1789; x_wconf 87' lang='lat' dir='ltr'>si</span> <span class='ocrx_word' id='word_1_195' title='bbox 268 1744 499 1804; x_wconf 88' lang='lat' dir='ltr'>quisquam</span> <span class='ocrx_word' id='word_1_196' title='bbox 531 1745 661 1804; x_wconf 88' lang='lat' dir='ltr'>hujus</span> <span class='ocrx_word' id='word_1_197' title='bbox 689 1745 1012 1790; x_wconf 83' lang='lat' dir='ltr'>numerositatis</span> <span class='ocrx_word' id='word_1_198' title='bbox 1040 1746 1232 1806; x_wconf 77' lang='lat' dir='ltr'>peritus,</span> <span class='ocrx_word' id='word_1_199' title='bbox 1265 1746 1446 1793; x_wconf 89' lang='lat' dir='ltr'>illorum</span> 
     </span>
     <span class='ocr_line' id='line_1_24' title="bbox 49 1814 1447 1880; baseline 0.002 -19"><span class='ocrx_word' id='word_1_200' title='bbox 49 1815 265 1865; x_wconf 85' lang='lat' dir='ltr'>clausulas</span> <span class='ocrx_word' id='word_1_201' title='bbox 293 1814 550 1861; x_wconf 87' lang='lat' dir='ltr'>eorumdem</span> <span class='ocrx_word' id='word_1_202' title='bbox 583 1831 868 1860; x_wconf 89' lang='lat' dir='ltr'>numerorum</span> <span class='ocrx_word' id='word_1_203' title='bbox 899 1817 994 1875; x_wconf 80' lang='lat' dir='ltr'>lege</span> <span class='ocrx_word' id='word_1_204' title='bbox 1029 1827 1288 1878; x_wconf 81' lang='lat' dir='ltr'>componat,</span> <span class='ocrx_word' id='word_1_205' title='bbox 1323 1820 1447 1880; x_wconf 74' lang='lat' dir='ltr'>quod</span> 
     </span>
     <span class='ocr_line' id='line_1_25' title="bbox 49 1885 1445 1949; baseline 0.003 -18"><span class='ocrx_word' id='word_1_206' title='bbox 49 1886 254 1932; x_wconf 66' lang='lat' dir='ltr'>facillime</span> <span class='ocrx_word' id='word_1_207' title='bbox 280 1887 331 1933; x_wconf 83' lang='lat' dir='ltr'>fit</span> <span class='ocrx_word' id='word_1_208' title='bbox 359 1886 538 1930; x_wconf 89' lang='lat' dir='ltr'>mutatis</span> <span class='ocrx_word' id='word_1_209' title='bbox 560 1885 826 1947; x_wconf 87' lang='lat' dir='ltr'>quibusdam</span> <span class='ocrx_word' id='word_1_210' title='bbox 846 1887 1015 1943; x_wconf 78' lang='lat' dir='ltr'>verbis,</span> <span class='ocrx_word' id='word_1_211' title='bbox 1041 1905 1140 1949; x_wconf 86' lang='lat' dir='ltr'>quae</span> <span class='ocrx_word' id='word_1_212' title='bbox 1166 1891 1445 1934; x_wconf 89' lang='lat' dir='ltr'>tantumdem</span> 
     </span>
     <span class='ocr_line' id='line_1_26' title="bbox 49 1956 1445 2020; baseline 0.003 -18"><span class='ocrx_word' id='word_1_213' title='bbox 49 1957 363 2016; x_wconf 82' lang='lat' dir='ltr'>significatione</span> <span class='ocrx_word' id='word_1_214' title='bbox 398 1956 545 2002; x_wconf 88' lang='lat' dir='ltr'>valent</span> <span class='ocrx_word' id='word_1_215' title='bbox 561 1992 572 2012; x_wconf 86' lang='lat'><strong>‚</strong></span> <span class='ocrx_word' id='word_1_216' title='bbox 605 1956 674 2001; x_wconf 88' lang='lat' dir='ltr'>vel</span> <span class='ocrx_word' id='word_1_217' title='bbox 705 1967 876 2002; x_wconf 86' lang='lat' dir='ltr'>mutato</span> <span class='ocrx_word' id='word_1_218' title='bbox 912 1974 1064 2003; x_wconf 91' lang='lat' dir='ltr'>eorum</span> <span class='ocrx_word' id='word_1_219' title='bbox 1099 1975 1199 2020; x_wconf 83' lang='lat' dir='ltr'>quae</span> <span class='ocrx_word' id='word_1_220' title='bbox 1229 1961 1445 2007; x_wconf 84' lang='lat' dir='ltr'>invenerit</span> 
     </span>
     <span class='ocr_line' id='line_1_27' title="bbox 49 2025 1443 2090; baseline 0.002 -17"><span class='ocrx_word' id='word_1_221' title='bbox 49 2027 229 2075; x_wconf 69' lang='lat' dir='ltr'>ordine:</span> <span class='ocrx_word' id='word_1_222' title='bbox 254 2026 363 2078; x_wconf 72' lang='lat' dir='ltr'>nihil</span> <span class='ocrx_word' id='word_1_223' title='bbox 384 2025 562 2071; x_wconf 81' lang='lat' dir='ltr'>illorum</span> <span class='ocrx_word' id='word_1_224' title='bbox 578 2062 589 2083; x_wconf 86' lang='lat'>‚</span> <span class='ocrx_word' id='word_1_225' title='bbox 616 2043 715 2088; x_wconf 83' lang='lat' dir='ltr'>quae</span> <span class='ocrx_word' id='word_1_226' title='bbox 732 2028 855 2073; x_wconf 86' lang='lat' dir='ltr'>velut</span> <span class='ocrx_word' id='word_1_227' title='bbox 877 2044 1033 2088; x_wconf 82' lang='lat' dir='ltr'>magna</span> <span class='ocrx_word' id='word_1_228' title='bbox 1056 2029 1101 2073; x_wconf 91' lang='lat' dir='ltr'>in</span> <span class='ocrx_word' id='word_1_229' title='bbox 1118 2031 1275 2075; x_wconf 90' lang='lat' dir='ltr'>scholis</span> <span class='ocrx_word' id='word_1_230' title='bbox 1298 2047 1443 2090; x_wconf 81' lang='lat' dir='ltr'>gram-</span> 
     </span>
     <span class='ocr_line' id='line_1_28' title="bbox 48 2098 1443 2156; baseline 0.004 -13"><span class='ocrx_word' id='word_1_231' title='bbox 48 2099 308 2144; x_wconf 89' lang='lat' dir='ltr'>maticorum</span> <span class='ocrx_word' id='word_1_232' title='bbox 331 2108 407 2143; x_wconf 91' lang='lat' dir='ltr'>aut</span> <span class='ocrx_word' id='word_1_233' title='bbox 429 2099 656 2143; x_wconf 88' lang='lat' dir='ltr'>rhetorum</span> <span class='ocrx_word' id='word_1_234' title='bbox 668 2098 843 2156; x_wconf 80' lang='lat' dir='ltr'>didicit,</span> <span class='ocrx_word' id='word_1_235' title='bbox 861 2100 944 2145; x_wconf 87' lang='lat' dir='ltr'>illis</span> <span class='ocrx_word' id='word_1_236' title='bbox 962 2101 1118 2146; x_wconf 87' lang='lat' dir='ltr'>divinis</span> <span class='ocrx_word' id='word_1_237' title='bbox 1134 2103 1235 2147; x_wconf 91' lang='lat' dir='ltr'>viris</span> <span class='ocrx_word' id='word_1_238' title='bbox 1254 2102 1443 2150; x_wconf 88' lang='lat' dir='ltr'>defuisse</span> 
     </span>
     <span class='ocr_line' id='line_1_29' title="bbox 49 2170 1440 2234; baseline 0.004 -20"><span class='ocrx_word' id='word_1_239' title='bbox 49 2179 296 2228; x_wconf 85' lang='lat' dir='ltr'>cognoscet.</span> <span class='ocrx_word' id='word_1_240' title='bbox 324 2173 382 2214; x_wconf 91' lang='lat' dir='ltr'>Et</span> <span class='ocrx_word' id='word_1_241' title='bbox 404 2170 545 2215; x_wconf 86' lang='lat' dir='ltr'>multa</span> <span class='ocrx_word' id='word_1_242' title='bbox 568 2171 754 2230; x_wconf 88' lang='lat' dir='ltr'>reperiet</span> <span class='ocrx_word' id='word_1_243' title='bbox 774 2170 1008 2234; x_wconf 80' lang='lat' dir='ltr'>locutionis</span> <span class='ocrx_word' id='word_1_244' title='bbox 1037 2189 1196 2232; x_wconf 81' lang='lat' dir='ltr'>genera</span> <span class='ocrx_word' id='word_1_245' title='bbox 1219 2175 1331 2220; x_wconf 87' lang='lat' dir='ltr'>tanti</span> <span class='ocrx_word' id='word_1_246' title='bbox 1360 2175 1440 2220; x_wconf 90' lang='lat' dir='ltr'>de-</span> 
     </span>
     <span class='ocr_line' id='line_1_30' title="bbox 49 2240 1442 2305; baseline 0.004 -20"><span class='ocrx_word' id='word_1_247' title='bbox 49 2241 158 2285; x_wconf 91' lang='lat' dir='ltr'>coris</span> <span class='ocrx_word' id='word_1_248' title='bbox 174 2275 185 2295; x_wconf 91' lang='lat'>,</span> <span class='ocrx_word' id='word_1_249' title='bbox 210 2257 310 2301; x_wconf 86' lang='lat' dir='ltr'>quae</span> <span class='ocrx_word' id='word_1_250' title='bbox 332 2240 513 2301; x_wconf 83' lang='lat' dir='ltr'>quidem</span> <span class='ocrx_word' id='word_1_251' title='bbox 527 2250 571 2286; x_wconf 88' lang='lat' dir='ltr'>et</span> <span class='ocrx_word' id='word_1_252' title='bbox 592 2241 638 2286; x_wconf 90' lang='lat' dir='ltr'>in</span> <span class='ocrx_word' id='word_1_253' title='bbox 655 2251 800 2287; x_wconf 90' lang='lat' dir='ltr'>nostra</span> <span class='ocrx_word' id='word_1_254' title='bbox 813 2278 824 2298; x_wconf 78' lang='lat'><strong>‚</strong></span> <span class='ocrx_word' id='word_1_255' title='bbox 845 2243 921 2288; x_wconf 89' lang='lat' dir='ltr'>sed</span> <span class='ocrx_word' id='word_1_256' title='bbox 937 2244 1123 2288; x_wconf 79' lang='lat' dir='ltr'>maxime</span> <span class='ocrx_word' id='word_1_257' title='bbox 1139 2245 1186 2288; x_wconf 90' lang='lat' dir='ltr'>in</span> <span class='ocrx_word' id='word_1_258' title='bbox 1201 2261 1277 2290; x_wconf 89' lang='lat' dir='ltr'>sua</span> <span class='ocrx_word' id='word_1_259' title='bbox 1292 2246 1442 2305; x_wconf 86' lang='lat' dir='ltr'>lingua</span> 
     </span>
     <span class='ocr_line' id='line_1_31' title="bbox 49 2310 1436 2375; baseline 0.004 -21"><span class='ocrx_word' id='word_1_260' title='bbox 49 2310 206 2355; x_wconf 87' lang='lat' dir='ltr'>decora</span> <span class='ocrx_word' id='word_1_261' title='bbox 227 2321 343 2367; x_wconf 88' lang='lat' dir='ltr'>sunt,</span> <span class='ocrx_word' id='word_1_262' title='bbox 369 2328 559 2372; x_wconf 87' lang='lat' dir='ltr'>quorum</span> <span class='ocrx_word' id='word_1_263' title='bbox 582 2312 756 2357; x_wconf 91' lang='lat' dir='ltr'>nullum</span> <span class='ocrx_word' id='word_1_264' title='bbox 777 2313 823 2358; x_wconf 91' lang='lat' dir='ltr'>in</span> <span class='ocrx_word' id='word_1_265' title='bbox 840 2315 916 2369; x_wconf 72' lang='lat' dir='ltr'>eis,</span> <span class='ocrx_word' id='word_1_266' title='bbox 943 2315 1103 2375; x_wconf 89' lang='lat' dir='ltr'>quibus</span> <span class='ocrx_word' id='word_1_267' title='bbox 1124 2316 1194 2360; x_wconf 89' lang='lat' dir='ltr'>isti</span> <span class='ocrx_word' id='word_1_268' title='bbox 1211 2317 1436 2374; x_wconf 73' lang='lat' dir='ltr'>inflantur,</span> 
     </span>
     <span class='ocr_line' id='line_1_32' title="bbox 49 2380 1440 2447; baseline 0.006 -23"><span class='ocrx_word' id='word_1_269' title='bbox 49 2380 203 2425; x_wconf 86' lang='lat' dir='ltr'>litteris</span> <span class='ocrx_word' id='word_1_270' title='bbox 224 2382 459 2429; x_wconf 85' lang='lat' dir='ltr'>invenitur.</span> <span class='ocrx_word' id='word_1_271' title='bbox 489 2382 574 2428; x_wconf 86' lang='lat' dir='ltr'>Sed</span> <span class='ocrx_word' id='word_1_272' title='bbox 595 2383 840 2430; x_wconf 86' lang='lat' dir='ltr'>cavendum</span> <span class='ocrx_word' id='word_1_273' title='bbox 862 2394 926 2429; x_wconf 88' lang='lat' dir='ltr'>est</span> <span class='ocrx_word' id='word_1_274' title='bbox 946 2401 1002 2430; x_wconf 91' lang='lat' dir='ltr'>ne</span> <span class='ocrx_word' id='word_1_275' title='bbox 1024 2385 1180 2431; x_wconf 83' lang='lat' dir='ltr'>divinis</span> <span class='ocrx_word' id='word_1_276' title='bbox 1210 2389 1440 2447; x_wconf 83' lang='lat' dir='ltr'>gravibus-</span> 
     </span>
     <span class='ocr_line' id='line_1_33' title="bbox 49 2452 1440 2516; baseline 0.008 -22"><span class='ocrx_word' id='word_1_277' title='bbox 49 2467 137 2511; x_wconf 89' lang='lat' dir='ltr'>que</span> <span class='ocrx_word' id='word_1_278' title='bbox 166 2453 389 2497; x_wconf 87' lang='lat' dir='ltr'>sententiis</span> <span class='ocrx_word' id='word_1_279' title='bbox 404 2488 415 2508; x_wconf 85' lang='lat'>,</span> <span class='ocrx_word' id='word_1_280' title='bbox 451 2452 559 2498; x_wconf 91' lang='lat' dir='ltr'>dum</span> <span class='ocrx_word' id='word_1_281' title='bbox 581 2453 758 2499; x_wconf 82' lang='lat' dir='ltr'>additur</span> <span class='ocrx_word' id='word_1_282' title='bbox 780 2471 988 2500; x_wconf 89' lang='lat' dir='ltr'>numerus</span> <span class='ocrx_word' id='word_1_283' title='bbox 1005 2492 1016 2511; x_wconf 73' lang='lat'><strong>‚</strong></span> <span class='ocrx_word' id='word_1_284' title='bbox 1040 2458 1214 2516; x_wconf 89' lang='lat' dir='ltr'>pondus</span> <span class='ocrx_word' id='word_1_285' title='bbox 1236 2459 1440 2504; x_wconf 85' lang='lat' dir='ltr'>detraha-</span> 
     </span>
    </p>
   </div>
   <div class='ocr_carea' id='block_1_3' title="bbox 102 2538 693 2581">
    <p class='ocr_par' dir='ltr' id='par_1_4' title="bbox 102 2538 693 2581">
     <span class='ocr_line' id='line_1_34' title="bbox 102 2538 693 2581; baseline 0.003 -13"><span class='ocrx_word' id='word_1_286' title='bbox 102 2543 111 2558; x_wconf 84' lang='lat'>¹</span> <span class='ocrx_word' id='word_1_287' title='bbox 131 2539 219 2569; x_wconf 82' lang='lat' dir='ltr'>Rom.</span> <span class='ocrx_word' id='word_1_288' title='bbox 244 2549 311 2577; x_wconf 69' lang='lat' dir='ltr'>uu,</span> <span class='ocrx_word' id='word_1_289' title='bbox 329 2538 360 2569; x_wconf 90' lang='lat'>8.</span> <span class='ocrx_word' id='word_1_290' title='bbox 376 2556 416 2560; x_wconf 92' lang='lat'>—</span> <span class='ocrx_word' id='word_1_291' title='bbox 437 2546 449 2562; x_wconf 82' lang='lat'>²</span> <span class='ocrx_word' id='word_1_292' title='bbox 468 2540 549 2571; x_wconf 85' lang='lat' dir='ltr'>Ibid.</span> <span class='ocrx_word' id='word_1_293' title='bbox 580 2540 693 2581; x_wconf 56' lang='lat' dir='ltr'>19—1j.</span> 
     </span>
    </p>
   </div>
  </div>
 </body>
</html>
