1854 3219
407 165 488 202 100
836 176 870 202 s.
907 173 1138 204 Atetsnm
1172 176 1354 205 EPlscorl

403 325 750 344 msmmmss
1338 326 1787 345 mmmm

950 327 1136 345 mm

862 447 1079 498 CAPUT
1120 450 1304 499 XXIV.

605 601 822 650 Sublime
846 601 1042 650 dicendi
1062 620 1213 667 genus
1244 602 1364 663 qnid
1389 604 1580 665 efficiat.

457 741 575 783 LIII.
596 741 693 785 Nox
716 755 818 785 sane
840 740 874 785 si
887 739 1050 785 dicenti
1071 739 1266 784 crebrius
1283 748 1327 784 et
1342 739 1644 785 vehementius
1656 738 1792 784 accla-

396 819 561 864 metur,
586 810 685 855 ideo
709 811 932 870 granditer
953 810 1176 871 putandus
1212 819 1274 854 est
1301 809 1444 854 dicere
1474 829 1482 854 :
1507 810 1591 855 hoc
1610 810 1727 854 enim
1749 819 1793 855 et

394 882 593 926 acumina
621 882 824 927 submissi
847 883 1014 942 generis
1032 918 1042 937 ,
1080 891 1123 926 et
1150 892 1406 926 ornamenta
1430 880 1599 926 faciunt
1623 891 1792 942 tempe-

393 953 488 997 rati.
516 953 690 997 Grande
710 963 857 998 autem
880 970 1015 1013 genus
1038 952 1298 1013 plerumque
1321 952 1520 1012 pondere
1551 968 1630 996 suo
1663 967 1793 997 voces

395 1025 553 1084 premit
566 1060 576 1079 ,
598 1024 673 1069 sed
692 1024 906 1084 lacrymas
926 1025 1141 1085 exprimit.
1171 1025 1368 1085 Denique
1390 1040 1491 1068 eum
1511 1023 1630 1084 apud
1647 1026 1793 1069 Caesa-

394 1111 511 1140 ream
534 1097 808 1141 Mauritaniae
839 1097 1003 1157 populo
1042 1096 1338 1141 dissuaderem
1369 1111 1566 1156 pugnam
1595 1095 1789 1151 civilem,

392 1165 463 1210 vel
485 1167 630 1226 potius
643 1167 741 1227 plus
754 1183 886 1227 quam
902 1167 1072 1212 civilem
1088 1203 1097 1221 ,
1117 1183 1251 1228 quam
1270 1166 1312 1211 C
1311 1176 1528 1211 atervam
1549 1165 1790 1221 vocabant,

395 1252 542 1298 neque
563 1238 680 1281 enim
702 1238 816 1282 cives
855 1238 1186 1289 tantummodo,
1218 1238 1505 1282 verumetiam
1527 1237 1763 1298 propinqui
1778 1272 1791 1293 ,

391 1307 563 1362 fratres,
600 1317 818 1367 postremo
852 1318 1052 1368 parentes
1096 1324 1144 1353 ac
1179 1308 1257 1352 filii
1290 1307 1511 1368 lapidibus
1535 1308 1650 1353 inter
1671 1324 1716 1352 se
1748 1308 1795 1353 in

392 1377 500 1423 duas
523 1388 666 1438 partes
685 1379 833 1434 divisi,
861 1395 938 1439 per
956 1379 1124 1439 aliquot
1145 1378 1235 1423 dies
1257 1378 1492 1423 continuos
1507 1414 1517 1433 ,
1540 1388 1659 1423 certo
1677 1388 1794 1423 tem-

391 1465 497 1510 pore
520 1451 622 1495 anni
657 1451 908 1496 solemniter
925 1451 1214 1505 dimicabant,
1237 1461 1280 1496 et
1298 1452 1482 1512 quisque
1504 1461 1554 1496 ut
1571 1467 1794 1513 quemque

394 1530 563 1581 poterat
586 1521 827 1566 occidebat.
856 1522 937 1581 Egi
951 1521 1130 1582 quidem
1145 1522 1381 1581 granditer,
1408 1532 1626 1583 quantum
1646 1521 1795 1578 valui,

391 1602 442 1637 ut
467 1602 556 1637 tam
580 1591 757 1637 crudele
779 1602 911 1654 atque
930 1593 1224 1637 inveteratum
1253 1591 1418 1637 malum
1442 1594 1496 1637 de
1518 1592 1724 1638 cordibus
1745 1602 1792 1638 et

393 1663 587 1708 moribus
619 1679 771 1708 eorum
803 1662 1058 1718 avellerem,
1097 1663 1393 1725 pelleremque
1424 1663 1612 1709 dicendo
1654 1684 1662 1708 :
1703 1679 1794 1708 non

392 1744 539 1779 tamen
560 1735 696 1794 egisse
720 1733 889 1795 aliquid
920 1750 992 1779 me
1014 1735 1189 1794 putavi,
1215 1750 1317 1779 cum
1341 1750 1412 1779 eos
1434 1735 1631 1779 audirem
1654 1734 1793 1780 accla-

390 1815 582 1860 mantes,
604 1805 680 1850 sed
693 1820 795 1849 eum
809 1805 961 1849 flentes
975 1804 1184 1849 viderem.
1202 1804 1600 1850 Acclamationibus
1622 1806 1789 1867 quippe

390 1893 433 1922 se
467 1876 613 1922 doceri
646 1885 688 1921 et
723 1874 947 1930 delectari,
985 1877 1103 1921 flecti
1124 1886 1270 1920 autem
1294 1876 1495 1934 lacrymis
1516 1876 1788 1922 indicabant.

391 1951 507 2001 Quas
542 1947 620 1992 ubi
646 1947 815 2007 aspexi,
847 1947 1082 1991 immanem
1114 1945 1231 1990 illam
1271 1947 1634 1991 consuetudinem
1665 1964 1688 1992 a
1711 1963 1790 2008 pa·

390 2018 530 2062 tribus
561 2028 605 2062 et
626 2018 736 2072 avis,
763 2016 980 2077 longeque
1007 2033 1030 2061 a
1048 2017 1284 2077 majoribus
1307 2016 1533 2072 traditam,
1560 2034 1661 2078 quae
1684 2033 1791 2078 pec-

388 2099 483 2133 tora
515 2105 667 2133 eorum
700 2087 918 2133 hostiliter
951 2087 1204 2142 obsidebat,
1237 2087 1307 2131 vel
1336 2088 1481 2148 potius
1509 2087 1785 2148 possidebat,

389 2158 602 2204 devictam
616 2195 627 2215 ,
650 2170 886 2221 antequam
905 2158 1042 2218 reipsa
1071 2158 1114 2201 id
1137 2158 1442 2213 ostenderent,
1461 2157 1642 2203 credidi.
1669 2162 1791 2203 Mox-

388 2246 475 2292 que
511 2246 711 2275 sermone
742 2231 866 2274 fmito
889 2229 945 2273 ad
977 2227 1163 2286 agendas
1187 2231 1277 2273 Deo
1306 2229 1460 2287 gratias
1489 2228 1622 2274 corda
1655 2238 1789 2290 atque

387 2303 596 2347 converti.
619 2305 674 2346 Et
688 2303 885 2361 eecejam
901 2300 1035 2343 ferme
1050 2310 1150 2344 octo
1167 2298 1238 2344 vel
1258 2299 1445 2359 amplius
1463 2300 1567 2343 anni
1585 2309 1691 2344 sunt
1701 2303 1782 2357 (2),

389 2373 576 2434 propitio
594 2373 786 2426 Christo,
812 2387 862 2415 ex
879 2387 968 2432 quo
990 2370 1076 2416 illic
1097 2370 1207 2414 nihil
1229 2370 1313 2415 tale
1330 2380 1547 2416 tentatum
1566 2381 1645 2416 est.
1675 2374 1789 2416 Sunt
1852 2383 1854 2436 j

390 2453 432 2488 et
464 2443 544 2487 alia
583 2441 717 2486 multa
750 2442 1066 2501 experimenti,
1101 2442 1261 2502 quibus
1295 2441 1552 2495 didicimus,
1590 2441 1788 2486 homines
1852 2437 1854 2481 s

390 2514 497 2576 quid
522 2515 564 2559 in
587 2515 646 2558 eis
683 2512 828 2558 feeerit
851 2512 1052 2572 sapientis
1078 2512 1298 2571 granditas
1323 2511 1555 2567 dictionis,
1584 2528 1672 2556 non
1698 2511 1789 2556 cla-
