1854 3219
299 217 353 242 DE
385 214 536 243 GENEsr
570 211 624 238 AD
657 208 898 245 LITTERAM7
934 209 1016 235 Lux.
1054 208 1112 233 vi.
1334 192 1416 231 353

36 293 154 339 sunt,
189 283 300 327 sicut
327 296 406 342 per
433 280 656 325 hominem
686 275 938 321 hominibus
963 274 1048 319 dici
1080 272 1225 333 potuit
1260 269 1419 325 verbis,

35 371 136 417 quae
166 342 463 415 temporaliter
498 350 760 410 cogitantur,
793 356 836 391 et
862 362 968 392 voce
994 344 1295 406 proteruntur.
1325 344 1426 388 Non

36 427 95 471 sic
117 435 264 470 autem
285 423 481 485 loquitur
509 425 642 476 Deus,
668 419 751 463 nisi
774 433 874 463 cum
904 432 981 477 per
1009 413 1279 475 corporalem
1306 428 1426 458 crea-

36 507 181 542 turam
202 495 414 556 loquitur‚
431 494 543 538 sicut
564 491 771 546 Abrahae,
793 489 904 533 sicut
923 487 1089 546 Moysi,
1110 486 1221 530 sicut
1240 500 1320 544 per
1344 499 1430 528 nu-

36 569 140 614 bem
162 569 217 613 de
242 566 354 612 Filio
381 582 476 611 suo.
497 568 611 611 Ante
633 578 737 610 vero
761 577 936 607 omnem
958 569 1225 613 creaturam,
1253 566 1305 601 ut
1321 565 1432 601 esset

37 641 130 700 ipsa
151 647 364 695 creatura,
389 654 441 683 eo
453 637 601 682 Verbo
620 635 788 681 dictum
806 642 885 689 est,
911 631 1032 693 quod
1048 633 1094 676 in
1106 629 1322 691 principio
1340 637 1433 672 erat

39 715 154 756 Deus
177 709 296 771 apud
316 713 458 755 Deum
477 728 486 754 :
515 717 559 752 et
579 706 682 768 quia
705 705 852 751 omnia
868 720 947 764 per
961 704 1105 764 ipsum
1122 700 1236 746 facta
1255 709 1372 755 sunt,
1392 708 1436 743 et

40 782 131 828 sine
152 781 247 841 ipso
268 780 438 825 factum
470 788 534 824 est
555 777 667 823 nihil
685 780 724 835 13
760 776 916 836 utique
944 784 987 819 et
1017 775 1150 819 homo
1181 788 1258 832 per
1289 771 1435 831 ipsum

40 852 181 897 factus
199 860 277 896 est.
305 854 434 898 Certe
456 850 572 894 enim
597 848 762 894 coelum
791 847 928 892 verbo
951 844 1077 901 fecit,
1105 844 1207 905 quia
1233 842 1342 887 dixit
1358 877 1369 897 ,
1394 849 1439 886 et

42 925 208 970 tactum
239 932 333 968 est:
369 922 580 982 scriptum
613 930 677 966 est
705 930 874 978 tamen3
913 938 934 962 «
967 921 1025 963 Et
1058 933 1189 977 opera
1225 929 1440 960 manuum

46 1014 66 1037 n
101 1004 278 1040 tuarum
299 1003 402 1038 sunt
422 992 565 1038 eoeli2.
586 1011 607 1034 »
628 995 686 1037 Et
702 992 757 1036 de
774 993 858 1036 hoc
878 991 966 1036 imo
979 989 1105 1051 quasi
1126 987 1267 1032 fundo
1285 985 1441 1030 mundi

43 1066 253 1125 scriptum
281 1073 367 1115 est;
402 1082 423 1106 «
457 1062 676 1116 Quoniam
703 1061 836 1121 ipsius
865 1070 929 1106 est
960 1076 1100 1116 mare,
1138 1069 1182 1105 et
1216 1058 1309 1121 ipse
1338 1056 1444 1102 fecit

46 1155 67 1179 ³>
102 1135 229 1192 illud,
250 1144 294 1179 et
306 1133 472 1179 aridam
490 1149 646 1178 manus
664 1134 754 1193 ejus
770 1133 1033 1177 finxerunt3.
1055 1151 1074 1173 »
1092 1135 1191 1178 Non
1208 1133 1341 1192 igitur
1356 1130 1445 1179 hoc

44 1208 90 1252 in
106 1207 320 1252 honorem
339 1204 528 1250 hominis
545 1204 796 1264 deputetur,
821 1203 941 1248 velut
958 1213 1115 1248 caetera
1134 1207 1249 1249 Deus
1266 1205 1400 1250 dixeri
1408 1209 1447 1262 t,-

45 1286 90 1322 et
101 1275 217 1321 sacta
227 1276 329 1330 sint,
339 1275 459 1319 hunc
470 1284 616 1319 autem
624 1275 714 1334 ipse
725 1273 894 1332 fecerit3
905 1283 980 1318 aut
990 1274 1126 1319 verbo
1137 1284 1289 1320 caetera
1298 1312 1308 1331 ,
1320 1277 1442 1324 hunc

47 1356 194 1391 autem
217 1345 417 1390 manibus
440 1343 605 1390 fecerit.
634 1344 719 1390 Sed
739 1345 824 1389 hoc
848 1344 1017 1390 excellit
1045 1345 1091 1388 in
1117 1345 1310 1404 homine,
1337 1350 1442 1409 quia

48 1421 164 1463 Deus
186 1416 242 1460 ad
253 1416 489 1475 imaginem
510 1430 633 1459 suam
655 1415 880 1459 hominem
894 1414 1012 1472 fecit,
1029 1427 1207 1477 propter
1223 1419 1307 1464 hoc
1317 1424 1441 1481 quod

48 1488 89 1533 ei
111 1486 234 1532 dedit
253 1496 447 1531 mentem
472 1485 836 1541 intellectualem,
865 1503 951 1547 qua
978 1498 1153 1546 praestat
1182 1491 1437 1550 pecoribus,

49 1560 167 1606 unde
178 1561 270 1621 jam
291 1560 511 1620 superiore
528 1559 626 1604 loco
648 1558 943 1605 disseruimus.
963 1564 1015 1606 In
1033 1578 1122 1622 quo
1139 1563 1307 1610 honore
1324 1569 1442 1627 posi-

51 1642 141 1687 tus,
170 1631 204 1675 si
236 1647 325 1675 non
356 1629 631 1685 intellexerit,
667 1639 717 1676 ut
738 1630 852 1675 bene
882 1642 1003 1691 agat,
1040 1629 1203 1678 eisdem
1228 1636 1329 1697 ipsis
1361 1654 1443 1698 pe·-

52 1702 225 1748 coribus
257 1701 417 1762 quibus
457 1700 664 1761 praelatus
698 1710 761 1745 est
798 1703 1137 1762 comparabitur.
1182 1707 1250 1751 Sic
1280 1710 1441 1753 etenim

52 1774 262 1834 scriptum
290 1781 376 1831 est3
398 1775 581 1817 «Homo
613 1772 659 1816 in
695 1772 861 1816 honore
883 1773 1047 1832 positus
1076 1791 1167 1820 non
1199 1777 1439 1836 intellexit,

56 1862 78 1887 »
112 1852 387 1903 comparatus
418 1851 482 1887 est
506 1841 736 1902 pecoribus
762 1842 1011 1900 insensatis,
1046 1855 1089 1890 et
1119 1847 1267 1892 similis
1301 1848 1442 1894 factus

56 1933 79 1957 »
114 1923 178 1959 est
195 1913 254 1958 eis
268 1915 300 1957 4.
329 1932 351 1956 »
375 1915 486 1960 Nam
506 1921 550 1958 et
570 1927 727 1973 pecora
750 1915 865 1958 Deus
882 1911 1011 1971 fecit,
1037 1915 1114 1961 sed
1139 1933 1228 1963 non
1256 1919 1311 1963 ad
1332 1920 1443 1965 ima-

56 2001 201 2046 ginem
215 2000 354 2030 suam.

79 2076 83 2079 ·
112 2059 258 2101 XXII.
283 2059 371 2103 Nec
394 2055 631 2102 dicendum
659 2065 744 2113 est,
770 2057 993 2102 hominem
1016 2058 1106 2119 ipsc
1127 2059 1255 2118 fecit,
1286 2079 1445 2123 pecora

56 2144 160 2175 vero
173 2129 322 2190 jussit,
350 2137 394 2173 et
424 2127 538 2174 facta
566 2137 668 2174 sunt
694 2149 703 2174 ;
729 2138 772 2173 et
793 2128 913 2174 hunc
936 2131 1052 2174 enim
1074 2141 1117 2176 et
1138 2131 1211 2177 illa
1234 2150 1311 2194 per
1333 2138 1445 2180 Ver-

58 2200 167 2244 bum
189 2216 316 2245 suum
338 2199 466 2256 fecit,
492 2216 568 2261 per
589 2199 710 2261 quod
732 2198 845 2246 sacta
874 2211 975 2246 sunt
1004 2203 1147 2247 omnia
1174 2207 1205 2248 5.
1237 2206 1321 2251 Sed
1343 2209 1447 2268 quia

58 2269 177 2316 idem
196 2271 393 2316 Verbum
423 2280 466 2316 et
498 2271 717 2331 Sapientia
744 2281 788 2315 et
818 2272 967 2317 Virtus
996 2274 1086 2333 ejus
1109 2285 1197 2334 est3
1222 2276 1381 2322 dicitur
1404 2289 1447 2324 ct

61 2349 216 2388 manus
233 2343 339 2403 ejus,
355 2357 446 2387 non
456 2342 624 2388 visibile
637 2342 902 2399 membrum,
914 2344 991 2389 sed
1001 2345 1219 2391 efficiendi
1232 2351 1444 2408 potentia.

61 2415 172 2461 Nam
193 2414 289 2458 haec
316 2412 467 2459 eadem
492 2413 713 2474 Scriptura
734 2430 833 2474 quae
860 2414 986 2472 dicit,
1019 2417 1140 2477 quod
1165 2422 1279 2465 Deus
1303 2421 1446 2467 homi-

111 2513 228 2591 ¹5Joan.
250 2523 281 2554 ι,
298 2511 328 2544 3.
348 2528 391 2534 ·-·
410 2504 423 2535 Ξ
442 2511 522 2545 Psal.
541 2523 586 2553 ct,
606 2511 650 2544 26
681 2528 724 2534 -—-
738 2508 906 2545 31d.x‹21v
923 2537 932 2554 ‚
953 2511 985 2545 5.
1006 2530 1047 2537 -·
1065 2512 1141 2547 41d.
1157 2527 1262 2558 vam,
1282 2519 1319 2551 13
1339 2525 1373 2552 ct
1391 2529 1445 2553 21.

66 2584 107 2591 -—
152 2570 245 2601 Joan.
263 2579 287 2610 1,
308 2568 340 2600 3.

279 2633 384 2664 exn.
1185 2628 1236 2667 23
