1854 3219
409 195 488 233 140
842 204 874 231 s.
914 204 1144 233 AUGUSTINI
1178 206 1359 233 muscom

401 289 507 316 num
532 271 680 315 secisse
710 269 817 314 illud
849 270 969 332 quod
995 271 1127 327 dixit,
1173 291 1192 314 «
1219 274 1275 317 Et
1301 273 1345 316 in
1369 272 1666 332 temporibus3
1694 291 1712 313 »
1739 288 1793 316 ne

401 343 518 386 aliud
554 342 854 401 acciperentur
881 342 1027 401 signa,
1064 352 1108 387 et
1141 341 1261 387 aliud
1302 352 1512 402 tempora.
1545 346 1649 387 Haee
1678 344 1793 387 enim

399 429 516 457 nune
540 412 646 456 dixit
668 421 863 471 tempora
880 448 890 467 ,
911 429 1010 473 quse
1029 413 1358 458 intervallorum
1378 413 1794 458 distinctioneaeter-

399 484 579 527 nitatem
604 484 1009 528 incommutabilem
1033 500 1161 544 supra
1179 501 1222 528 se
1251 501 1427 529 manere
1450 485 1697 544 significant
1712 520 1722 539 ,
1744 493 1794 529 ut

396 555 568 613 signum
583 590 593 609 ,
620 555 664 598 id
685 564 763 610 est,
780 555 902 616 quasi
924 556 1154 614 vestigium
1178 556 1431 599 aeternitatis
1465 565 1636 615 tempus
1665 571 1794 615 appa-

397 636 501 669 reat.
526 630 635 670 Item
658 642 758 670 eum
777 626 995 687 adjungit,
1027 647 1047 669 «
1064 630 1119 671 Et
1137 628 1179 671 in
1199 627 1354 671 diebus
1372 637 1415 671 et
1442 627 1488 671 in
1512 628 1657 682 annis,
1677 645 1696 669 »
1724 643 1794 672 os-

398 697 537 742 tendit
564 714 663 758 quae
686 697 840 742 dixerit
864 707 1080 759 tempora,
1116 708 1165 743 ut
1188 698 1277 743 dics
1302 699 1407 742 fiant
1436 700 1718 743 conversione
1745 699 1794 742 fi-

394 786 547 813 xorum
571 769 760 814 siderum
778 792 788 828 3
807 772 907 814 anni
930 787 1033 815 vcro
1055 769 1297 823 manifesti,
1326 786 1427 814 cum
1449 770 1510 815 sol
1535 770 1793 829 signiferum

395 842 607 885 circulum
627 843 794 901 peragit
813 864 823 900 3
853 842 1123 887 obscuriores
1147 851 1292 886 autem
1312 858 1412 886 cum
1435 842 1481 886 id
1504 841 1792 903 unumquod-

394 928 480 972 que
510 929 721 971 vagorum
755 914 945 958 siderum
981 914 1025 957 in
1057 914 1142 957 suis
1173 914 1353 957 orbibus
1385 912 1503 958 facit.
1545 916 1643 959 Non
1677 914 1792 957 enim

393 983 527 1040 dixit,
554 994 596 1028 ct
617 985 862 1040 mensibus,
891 986 993 1047 quia
1016 986 1195 1030 fortasse
1218 985 1376 1029 mensis
1400 1001 1539 1029 annus
1557 995 1621 1029 est
1644 984 1789 1043 lunse3

391 1055 502 1098 sieut
534 1054 767 1099 duodecim
798 1055 916 1099 lunae
944 1056 1072 1111 anni,
1115 1072 1253 1099 annus
1285 1065 1349 1100 est
1371 1057 1462 1116 ejus
1492 1054 1641 1099 sideris
1671 1055 1793 1116 quod

390 1135 542 1177 φαέθοντα.
564 1127 703 1170 Graeci
726 1137 884 1171 vocant
899 1163 909 1181 ,
928 1137 971 1171 et
993 1128 1168 1184 triginta
1191 1126 1290 1171 solis
1313 1127 1415 1170 anni
1435 1142 1575 1170 annus
1603 1135 1666 1170 est
1695 1128 1787 1186 ejus

388 1196 537 1240 sideris
560 1196 680 1257 quod
703 1206 818 1249 φαίνων
841 1196 1015 1243 dieitur.
1042 1200 1099 1241 Et
1133 1197 1313 1241 fortasse
1344 1197 1403 1241 ita
1426 1213 1526 1241 eum
1560 1197 1706 1241 omnia
1735 1198 1787 1241 si-

387 1267 489 1312 dera
513 1268 568 1312 ad
585 1268 701 1311 idem
724 1267 931 1311 redierint
946 1303 956 1323 ,
983 1284 1122 1313 annus
1145 1285 1328 1327 magnus
1346 1269 1593 1328 peragitur,
1621 1268 1676 1312 de
1698 1284 1787 1329 quo

385 1339 513 1383 multi
530 1339 669 1383 multa
690 1339 908 1383 dixerunt.
933 1342 1002 1383 An
1029 1359 1048 1381 «
1064 1340 1110 1383 in
1134 1340 1264 1397 signis
1285 1358 1305 1381 ³>
1333 1339 1462 1395 dixit,
1497 1339 1659 1399 quibus
1698 1355 1788 1383 cer-

384 1421 479 1455 tum
493 1411 574 1455 iter
590 1410 856 1468 significatur
878 1410 1110 1468 navigandi
1129 1431 1136 1455 :
1168 1430 1184 1451 «
1211 1411 1257 1454 in
1279 1410 1551 1470 temporibus
1572 1427 1592 1451 »
1610 1419 1783 1467 autem,

384 1482 505 1528 velut
535 1491 599 1526 est
633 1497 817 1526 vernum
845 1491 1040 1541 tempus,
1082 1491 1126 1526 et
1151 1492 1303 1537 aestas,
1350 1492 1394 1526 et
1436 1491 1694 1537 autumnus,
1743 1491 1787 1527 et

386 1556 565 1611 hyems3
590 1553 692 1614 quia
715 1562 757 1596 et
778 1552 856 1596 ista
879 1553 1143 1596 circumactu
1171 1553 1363 1596 siderum
1386 1553 1637 1607 variantur,
1664 1568 1785 1596 suas-

382 1640 469 1685 que
502 1625 616 1669 vices
641 1633 773 1685 atque
801 1622 1000 1668 ordinem
1035 1633 1208 1669 servant
1229 1643 1238 1668 ;
1283 1643 1303 1665 «
1333 1623 1379 1666 in
1401 1622 1576 1678 diebus,
1597 1642 1616 1664 »
1638 1632 1784 1667 autem

387 1714 405 1735 «
433 1704 475 1739 et
499 1695 543 1738 in
563 1695 684 1738 annis
703 1729 713 1749 ,
736 1712 756 1735 »
782 1694 891 1738 sicut
909 1695 1153 1753 expositum
1170 1696 1260 1754 jam
1283 1703 1346 1738 est
1369 1692 1673 1752 accipiendum
1692 1695 1710 1737 P

441 1768 650 1810 XXXIX.
692 1786 711 1807 «
732 1769 790 1809 Et
807 1765 891 1809 sint
908 1766 952 1808 in
976 1765 1254 1825 splendorem
1277 1766 1322 1808 in
1355 1765 1632 1808 firmamento
1655 1763 1779 1820 coeli,

387 1856 406 1878 »
423 1836 795 1895 utlueeantsuper
805 1845 964 1879 terram
977 1838 1004 1879 ¹.
1021 1855 1041 1876 »
1061 1839 1198 1895 Supra
1204 1837 1295 1896 jam
1310 1834 1477 1879 dictum
1489 1844 1602 1879 erat:
1619 1854 1639 1877 (ι
1655 1835 1782 1879 Fiant

388 1927 407 1949 »
430 1908 663 1951 luminaria
678 1907 723 1950 in
737 1908 961 1951 firmamen
972 1917 1012 1951 to
1027 1905 1142 1962 coeli,
1161 1906 1395 1950 utlueeant
1408 1921 1538 1966 super
1552 1915 1710 1950 terram
1730 1926 1738 1951 ε
1757 1924 1778 1948 »

383 1995 461 2027 eur
478 1988 682 2038 putamus
716 1993 805 2022 esse
824 1979 1089 2037 repetitum?
1111 1982 1180 2021 An
1202 1976 1578 2037 quemadmodum
1613 1976 1781 2021 dietum

383 2059 447 2094 est
469 2050 524 2093 de
546 2049 775 2109 stirpibus,
797 2059 848 2093 ut
869 2049 1012 2093 ferant
1029 2064 1197 2103 semen,
1225 2057 1269 2092 et
1291 2048 1345 2092 sit
1366 2048 1412 2091 in
1435 2048 1494 2091 eis
1516 2064 1687 2103 semen,
1713 2063 1781 2092 se-

382 2120 497 2165 eund
506 2136 578 2164 um
603 2136 738 2179 genus
760 2136 910 2176 suum,
931 2129 974 2164 et
995 2118 1326 2163 similitudinem
1346 2138 1355 2163 ι
1381 2119 1439 2162 ita
1461 2119 1533 2162 hie
1556 2134 1579 2161 e
1602 2128 1779 2163 contra-

382 2193 445 2237 rio
479 2192 645 2236 dietum
679 2201 743 2236 est
772 2192 827 2236 de
850 2191 1164 2236 luminaribus:
1191 2191 1382 2245 «Fiant,
1407 2199 1450 2233 et
1472 2189 1578 2245 sint,
1602 2207 1622 2231 »
1648 2190 1694 2233 id
1716 2199 1780 2235 est

382 2266 489 2308 fiant
506 2274 549 2308 et
568 2280 656 2309 non
681 2264 885 2323 gignant,
907 2263 982 2308 sed
1003 2263 1091 2323 ipsa
1119 2263 1218 2307 sint.
1249 2281 1270 2304 «
1294 2264 1352 2306 Et
1373 2262 1432 2305 sie
1454 2260 1621 2306 factum
1646 2269 1724 2305 est.
1754 2279 1774 2302 »

384 2335 502 2378 Ordo
525 2334 597 2378 ille
619 2343 827 2379 servatur.

438 2408 487 2448 L.
543 2424 562 2446 «
599 2407 656 2448 Et
696 2403 800 2448 feeit
833 2407 946 2447 Deus
983 2403 1072 2447 duo
1100 2402 1355 2457 luminaria,
1386 2401 1602 2446 luminare
1636 2402 1775 2461 majus

381 2494 400 2515 »
427 2475 599 2520 initium
617 2474 724 2529 diei,
756 2484 799 2520 et
816 2474 1031 2520 luminare
1053 2475 1195 2520 minus
1217 2474 1391 2518 initium
1408 2473 1545 2518 noetis
1561 2507 1572 2527 ,
1609 2481 1651 2517 et
1663 2471 1769 2517 stel-

428 2568 435 2582 ¹
458 2563 536 2592 Gen.
558 2573 581 2597 i,
607 2561 656 2592 15.
