1854 3219
345 210 399 235 DE
431 209 581 237 GENEsi
614 208 668 236 AD
701 208 941 244 L11·'‡'ERAM‚
977 209 1059 235 Lus.
1096 209 1160 233 111.
1371 198 1452 239 223

67 272 172 317 nino
193 273 417 333 proprium
436 271 612 332 singulis
630 272 862 332 perhibent
883 273 1124 327 elementis,
1145 270 1266 332 quod
1282 272 1328 315 in
1350 271 1455 316 altc-

65 342 153 388 rius
175 342 379 388 elementi
395 342 653 404 qualitatem
673 341 797 387 nullo
819 342 951 387 modo
977 351 1186 388 vertatur.
1214 342 1340 387 Unde
1363 341 1454 387 for-

65 413 185 458 tassis
208 429 287 459 suo
302 413 416 470 loco,
437 413 471 458 si
488 413 702 458 Dominus
719 413 922 469 voluerit,
945 412 1197 473 diligentius
1214 413 1455 473 disputabi-

64 497 181 528 mus:
208 499 326 529 nunc
344 492 492 529 autem
515 484 636 545 quod
659 482 714 529 ad
725 493 987 545 praesentem
1009 499 1253 529 sermonem
1274 484 1451 541 attinet,

64 553 159 599 haec
184 553 566 600 commemoranda
581 554 841 611 existimavi,
858 562 908 599 ut
923 554 1217 614 intelligamus
1235 564 1455 600 servatum

66 639 156 669 esse
172 624 370 671 ordinem
385 641 532 672 rerum
542 660 553 682 ‚
569 640 658 687 quo
677 625 796 686 prius
812 625 1007 686 oportuit
1021 640 1232 687 aquarum
1249 624 1453 671 animalia

64 711 198 756 quam
214 705 430 741 terrarum
450 696 616 741 narrari
638 705 796 742 creata.

122 768 176 812 V.
201 769 290 814 Nec
317 766 410 813 ullo
434 766 567 813 modo
591 766 891 812 arbitrandum
912 776 976 812 est
995 766 1335 828 praetermissum
1361 782 1452 812 esse

64 835 110 882 in
138 836 220 883 hac
254 839 474 899 Scriptura
505 837 648 885 ullum
680 837 835 884 mundi
865 838 994 899 hujus
1027 837 1318 894 clementum,
1351 853 1454 883 cum

63 917 251 969 quatuor
262 909 494 956 notissimis
507 925 610 955 eum
631 919 830 956 constare
851 925 1105 970 persuasum
1126 909 1194 965 sit,
1216 909 1318 970 quia
1335 907 1455 955 vide-

63 987 135 1032 tur
154 980 225 1030 hic
246 978 409 1026 coelum
424 991 468 1026 et
489 997 602 1042 aqua
614 990 659 1026 et
680 990 794 1026 terra
811 980 1160 1036 commemorari,
1175 979 1230 1024 de
1252 983 1350 1024 a'e‘re
1371 995 1453 1025 au-

64 1057 152 1095 tem
177 1051 324 1096 taceri.
350 1051 634 1098 Consuetudo
656 1052 819 1114 quippe
847 1061 1094 1097 nostrarum
1127 1050 1453 1111 Scripturarum

60 1131 125 1167 est
150 1133 226 1169 aut
244 1123 345 1169 coeli
367 1133 411 1169 et
432 1133 558 1169 terrae
577 1125 755 1170 nomine
781 1125 1000 1169 mundum
1023 1122 1264 1184 appellare,
1286 1131 1363 1167 aut
1385 1122 1454 1166 in-

61 1193 236 1238 terdum
268 1194 429 1240 addere
451 1206 495 1242 et
516 1211 650 1241 mare.
683 1198 769 1240 Aer
800 1195 949 1257 itaque
975 1194 1046 1240 vel
1074 1193 1132 1239 ad
1159 1192 1321 1239 coelum
1348 1208 1453 1253 per-

60 1264 198 1313 tinere
215 1266 489 1326 intelligitur,
503 1267 539 1311 si
565 1283 653 1327 qua
677 1276 780 1312 sunt
795 1266 842 1310 in
867 1267 958 1327 ejus
984 1266 1282 1327 superioribus
1306 1264 1450 1325 parti-

62 1335 144 1381 bus
167 1337 522 1399 tranquillissima
543 1348 588 1383 et
617 1338 889 1399 pacatissima
917 1338 1080 1399 spatia3
1114 1337 1185 1385 vel
1214 1336 1270 1382 ad
1293 1346 1452 1397 terram

60 1417 238 1469 propter
258 1409 379 1456 hunc
398 1409 707 1455 turbulentum
726 1420 769 1455 et
783 1409 1069 1469 caliginosum
1084 1408 1248 1465 locum,
1270 1408 1346 1469 qui
1366 1408 1453 1452 hu-

61 1478 179 1529 mida
202 1480 473 1526 exhalatione
494 1482 753 1542 pinguescit,
774 1482 972 1542 quamvis
995 1491 1038 1526 et
1061 1482 1151 1542 ipse
1173 1480 1328 1541 saepius
1350 1478 1453 1525 coeli

60 1552 236 1597 nomine
252 1562 533 1614 nuncupetur
551 1572 560 1599 z
579 1570 628 1599 ac
638 1569 715 1615 per
733 1554 818 1600 hoc
836 1570 927 1600 non
947 1554 1157 1615 scriptum
1178 1562 1264 1598 est:
1291 1572 1312 1596 «
1337 1556 1446 1598 Pro-

61 1621 225 1670 ducant
243 1640 369 1686 aquae
385 1624 555 1686 reptilia
566 1625 810 1671 animarum
823 1626 1038 1682 vivarum,
1052 1634 1120 1671 et:
1136 1624 1358 1670 Producat
1376 1627 1452 1669 a'e'r

61 1692 253 1740 volatilia
274 1694 467 1742 volantia
489 1712 619 1757 super
640 1705 826 1742 terram:
854 1714 875 1738 )›
897 1695 974 1742 sed
992 1705 1233 1757 utrumque
1248 1696 1333 1741 hoc
1355 1695 1453 1740 ani-

59 1765 274 1810 mantium
296 1781 431 1826 genus
453 1782 504 1811 ex
521 1767 644 1828 aquis
668 1767 934 1828 productum
955 1782 1046 1812 esse
1067 1776 1283 1812 narratur.
1310 1764 1450 1820 Quid-

59 1835 168 1896 quid
201 1852 304 1897 ergo
339 1853 553 1899 aquarum
583 1838 673 1884 sive
697 1836 887 1884 labiliter
931 1838 1151 1883 undosum
1183 1847 1227 1882 et
1259 1837 1449 1882 fluidum

59 1915 145 1963 est,
169 1908 258 1955 sive
278 1908 538 1969 vaporaliter
560 1917 791 1955 tenuatum
813 1918 945 1971 atque
967 1924 1242 1970 suspensum,
1266 1918 1318 1954 ut
1338 1906 1450 1952 illud

63 1977 291 2038 reptilibus
314 1979 558 2026 animarum
583 1980 804 2037 vivarum,
838 1981 923 2026 hoc
955 1979 1207 2026 volatilibus
1246 1987 1451 2040 appareat

64 2048 369 2108 distributum,
392 2061 631 2113 utrumque
658 2061 805 2098 tamen
834 2050 1029 2099 humidae
1060 2060 1229 2097 naturae
1261 2050 1448 2111 deputa-

65 2129 150 2167 tul*-
