<?xml version="1.0" encoding="UTF-8"?>
<!DOCTYPE html PUBLIC "-//W3C//DTD XHTML 1.0 Transitional//EN"
    "http://www.w3.org/TR/xhtml1/DTD/xhtml1-transitional.dtd">
<html xmlns="http://www.w3.org/1999/xhtml" xml:lang="en" lang="en">
 <head>
  <title>
</title>
<meta http-equiv="Content-Type" content="text/html;charset=utf-8" />
  <meta name='ocr-system' content='tesseract 3.04.00' />
  <meta name='ocr-capabilities' content='ocr_page ocr_carea ocr_par ocr_line ocrx_word'/>
</head>
<body>
  <div class='ocr_page' id='page_1' title='image "./operaomniaaccura05auguuoft_0061.png"; bbox 0 0 1854 3219; ppageno 0'>
   <div class='ocr_carea' id='block_1_1' title="bbox 362 167 1448 210">
    <p class='ocr_par' dir='ltr' id='par_1_1' title="bbox 362 167 1448 210">
     <span class='ocr_line' id='line_1_1' title="bbox 362 167 1448 210; baseline -0.005 0"><span class='ocrx_word' id='word_1_1' title='bbox 362 183 416 210; x_wconf 88' lang='lat' dir='ltr'>DE</span> <span class='ocrx_word' id='word_1_2' title='bbox 448 180 658 209; x_wconf 78' lang='lat' dir='ltr'><strong>DOCTRINA</strong></span> <span class='ocrx_word' id='word_1_3' title='bbox 690 177 945 208; x_wconf 78' lang='lat' dir='ltr'>CHRISTIANA</span> <span class='ocrx_word' id='word_1_4' title='bbox 979 180 1061 207; x_wconf 87' lang='lat' dir='ltr'><strong>LIB.</strong></span> <span class='ocrx_word' id='word_1_5' title='bbox 1098 179 1158 205; x_wconf 86' lang='lat' dir='ltr'>lv.</span> <span class='ocrx_word' id='word_1_6' title='bbox 1394 167 1448 205; x_wconf 80' lang='grc'>53</span> 
     </span>
    </p>
   </div>
   <div class='ocr_carea' id='block_1_2' title="bbox 57 244 1449 800">
    <p class='ocr_par' dir='ltr' id='par_1_2' title="bbox 57 244 1449 800">
     <span class='ocr_line' id='line_1_2' title="bbox 62 244 1449 307; baseline -0.004 -15"><span class='ocrx_word' id='word_1_7' title='bbox 62 256 212 293; x_wconf 84' lang='lat' dir='ltr'><strong>ventes</strong></span> <span class='ocrx_word' id='word_1_8' title='bbox 234 246 593 307; x_wconf 80' lang='lat' dir='ltr'>impellentesque</span> <span class='ocrx_word' id='word_1_9' title='bbox 616 245 803 290; x_wconf 90' lang='lat' dir='ltr'>dicendo</span> <span class='ocrx_word' id='word_1_10' title='bbox 827 254 1034 301; x_wconf 86' lang='lat' dir='ltr'>terreant,</span> <span class='ocrx_word' id='word_1_11' title='bbox 1066 244 1322 289; x_wconf 79' lang='lat' dir='ltr'>contristent</span> <span class='ocrx_word' id='word_1_12' title='bbox 1337 279 1348 299; x_wconf 91' lang='lat'>,</span> <span class='ocrx_word' id='word_1_13' title='bbox 1373 258 1449 287; x_wconf 85' lang='lat' dir='ltr'>ex-</span> 
     </span>
     <span class='ocr_line' id='line_1_3' title="bbox 62 312 1449 375; baseline -0.004 -13"><span class='ocrx_word' id='word_1_14' title='bbox 62 318 270 373; x_wconf 82' lang='lat' dir='ltr'>hilarent,</span> <span class='ocrx_word' id='word_1_15' title='bbox 311 317 594 361; x_wconf 86' lang='lat' dir='ltr'>exhortentur</span> <span class='ocrx_word' id='word_1_16' title='bbox 623 315 851 373; x_wconf 77' lang='lat' dir='ltr'>ardenter3</span> <span class='ocrx_word' id='word_1_17' title='bbox 887 315 956 359; x_wconf 90' lang='lat' dir='ltr'>isti</span> <span class='ocrx_word' id='word_1_18' title='bbox 984 330 1063 375; x_wconf 88' lang='lat' dir='ltr'>pro</span> <span class='ocrx_word' id='word_1_19' title='bbox 1095 315 1303 370; x_wconf 85' lang='lat' dir='ltr'>veritate,</span> <span class='ocrx_word' id='word_1_20' title='bbox 1341 312 1449 358; x_wconf 87' lang='lat' dir='ltr'>lenti</span> 
     </span>
     <span class='ocr_line' id='line_1_4' title="bbox 60 385 1449 448; baseline -0.001 -16"><span class='ocrx_word' id='word_1_21' title='bbox 60 388 295 448; x_wconf 83' lang='lat' dir='ltr'><strong>frigidique</strong></span> <span class='ocrx_word' id='word_1_22' title='bbox 327 387 592 432; x_wconf 74' lang='lat' dir='ltr'>dormitent?</span> <span class='ocrx_word' id='word_1_23' title='bbox 620 387 725 440; x_wconf 88' lang='lat' dir='ltr'>Quis</span> <span class='ocrx_word' id='word_1_24' title='bbox 753 386 813 430; x_wconf 87' lang='lat' dir='ltr'>ita</span> <span class='ocrx_word' id='word_1_25' title='bbox 849 385 1052 445; x_wconf 80' lang='lat' dir='ltr'>desipiat,</span> <span class='ocrx_word' id='word_1_26' title='bbox 1086 394 1136 429; x_wconf 92' lang='lat' dir='ltr'>ut</span> <span class='ocrx_word' id='word_1_27' title='bbox 1157 386 1242 430; x_wconf 89' lang='lat' dir='ltr'>hoc</span> <span class='ocrx_word' id='word_1_28' title='bbox 1279 385 1449 445; x_wconf 76' lang='lat' dir='ltr'>sapiat?</span> 
     </span>
     <span class='ocr_line' id='line_1_5' title="bbox 60 455 1448 517; baseline -0.002 -14"><span class='ocrx_word' id='word_1_29' title='bbox 60 461 172 504; x_wconf 88' lang='lat' dir='ltr'>Cum</span> <span class='ocrx_word' id='word_1_30' title='bbox 201 473 303 517; x_wconf 82' lang='lat' dir='ltr'>ergo</span> <span class='ocrx_word' id='word_1_31' title='bbox 334 459 388 502; x_wconf 90' lang='lat' dir='ltr'>sit</span> <span class='ocrx_word' id='word_1_32' title='bbox 418 458 464 501; x_wconf 87' lang='lat' dir='ltr'>in</span> <span class='ocrx_word' id='word_1_33' title='bbox 501 457 646 501; x_wconf 84' lang='lat' dir='ltr'>medio</span> <span class='ocrx_word' id='word_1_34' title='bbox 680 456 819 516; x_wconf 88' lang='lat' dir='ltr'>posita</span> <span class='ocrx_word' id='word_1_35' title='bbox 841 455 1023 501; x_wconf 82' lang='lat' dir='ltr'>facultas</span> <span class='ocrx_word' id='word_1_36' title='bbox 1056 455 1245 515; x_wconf 82' lang='lat' dir='ltr'>eloquii,</span> <span class='ocrx_word' id='word_1_37' title='bbox 1271 472 1370 516; x_wconf 81' lang='lat' dir='ltr'>quae</span> <span class='ocrx_word' id='word_1_38' title='bbox 1392 456 1448 500; x_wconf 90' lang='lat' dir='ltr'>ad</span> 
     </span>
     <span class='ocr_line' id='line_1_6' title="bbox 58 526 1449 588; baseline -0.001 -15"><span class='ocrx_word' id='word_1_39' title='bbox 58 527 358 588; x_wconf 86' lang='lat' dir='ltr'>persuadenda</span> <span class='ocrx_word' id='word_1_40' title='bbox 396 543 472 572; x_wconf 89' lang='lat' dir='ltr'>seu</span> <span class='ocrx_word' id='word_1_41' title='bbox 510 543 663 587; x_wconf 81' lang='lat' dir='ltr'>prava,</span> <span class='ocrx_word' id='word_1_42' title='bbox 696 542 771 570; x_wconf 92' lang='lat' dir='ltr'>seu</span> <span class='ocrx_word' id='word_1_43' title='bbox 796 535 912 571; x_wconf 87' lang='lat' dir='ltr'>recta</span> <span class='ocrx_word' id='word_1_44' title='bbox 933 526 1047 571; x_wconf 82' lang='lat' dir='ltr'>valet</span> <span class='ocrx_word' id='word_1_45' title='bbox 1068 526 1333 586; x_wconf 82' lang='lat' dir='ltr'>plurimum,</span> <span class='ocrx_word' id='word_1_46' title='bbox 1370 543 1449 571; x_wconf 85' lang='lat' dir='ltr'>cur</span> 
     </span>
     <span class='ocr_line' id='line_1_7' title="bbox 58 598 1447 657; baseline -0.001 -15"><span class='ocrx_word' id='word_1_47' title='bbox 58 615 148 644; x_wconf 89' lang='lat' dir='ltr'>non</span> <span class='ocrx_word' id='word_1_48' title='bbox 171 600 389 643; x_wconf 87' lang='lat' dir='ltr'>bonorum</span> <span class='ocrx_word' id='word_1_49' title='bbox 419 598 563 643; x_wconf 91' lang='lat' dir='ltr'>studio</span> <span class='ocrx_word' id='word_1_50' title='bbox 595 607 888 657; x_wconf 85' lang='lat' dir='ltr'>comparatur,</span> <span class='ocrx_word' id='word_1_51' title='bbox 925 608 975 642; x_wconf 90' lang='lat' dir='ltr'>ut</span> <span class='ocrx_word' id='word_1_52' title='bbox 998 598 1157 642; x_wconf 89' lang='lat' dir='ltr'>militet</span> <span class='ocrx_word' id='word_1_53' title='bbox 1188 598 1380 653; x_wconf 79' lang='lat' dir='ltr'>veritati,</span> <span class='ocrx_word' id='word_1_54' title='bbox 1413 599 1447 642; x_wconf 91' lang='lat' dir='ltr'>si</span> 
     </span>
     <span class='ocr_line' id='line_1_8' title="bbox 58 668 1447 730; baseline 0 -18"><span class='ocrx_word' id='word_1_55' title='bbox 58 684 152 713; x_wconf 90' lang='lat' dir='ltr'>eam</span> <span class='ocrx_word' id='word_1_56' title='bbox 169 669 274 712; x_wconf 89' lang='lat' dir='ltr'>mali</span> <span class='ocrx_word' id='word_1_57' title='bbox 290 668 342 713; x_wconf 88' lang='lat' dir='ltr'>ad</span> <span class='ocrx_word' id='word_1_58' title='bbox 366 668 624 713; x_wconf 85' lang='lat' dir='ltr'>obtinendas</span> <span class='ocrx_word' id='word_1_59' title='bbox 642 684 861 728; x_wconf 89' lang='lat' dir='ltr'>perversas</span> <span class='ocrx_word' id='word_1_60' title='bbox 877 684 1098 730; x_wconf 87' lang='lat' dir='ltr'>vanasque</span> <span class='ocrx_word' id='word_1_61' title='bbox 1116 684 1264 713; x_wconf 84' lang='lat' dir='ltr'>causas</span> <span class='ocrx_word' id='word_1_62' title='bbox 1280 668 1326 712; x_wconf 90' lang='lat' dir='ltr'>in</span> <span class='ocrx_word' id='word_1_63' title='bbox 1342 684 1447 713; x_wconf 89' lang='lat' dir='ltr'>usus</span> 
     </span>
     <span class='ocr_line' id='line_1_9' title="bbox 57 739 794 800; baseline 0 -17"><span class='ocrx_word' id='word_1_64' title='bbox 57 740 295 800; x_wconf 83' lang='lat' dir='ltr'>iniquitatis</span> <span class='ocrx_word' id='word_1_65' title='bbox 317 749 361 784; x_wconf 91' lang='lat' dir='ltr'>et</span> <span class='ocrx_word' id='word_1_66' title='bbox 377 739 531 784; x_wconf 86' lang='lat' dir='ltr'>erroris</span> <span class='ocrx_word' id='word_1_67' title='bbox 553 742 794 799; x_wconf 72' lang='lat' dir='ltr'>usurpant?</span> 
     </span>
    </p>
   </div>
   <div class='ocr_carea' id='block_1_3' title="bbox 58 895 1446 914">
    <p class='ocr_par' dir='ltr' id='par_1_3' title="bbox 58 895 1446 914">
     <span class='ocr_line' id='line_1_10' title="bbox 58 895 1446 914; baseline 0 -2"><span class='ocrx_word' id='word_1_68' title='bbox 58 895 1015 912; x_wconf 50' lang='lat' dir='ltr'>W‘WWWWWMUMOENWWQNWWWMVWWS</span> <span class='ocrx_word' id='word_1_69' title='bbox 1020 896 1446 914; x_wconf 55' lang='lat' dir='ltr'>UMWWNssA-WWMNWNJ</span> 
     </span>
    </p>
   </div>
   <div class='ocr_carea' id='block_1_4' title="bbox 549 1017 904 1067">
    <p class='ocr_par' dir='ltr' id='par_1_4' title="bbox 549 1017 904 1067">
     <span class='ocr_line' id='line_1_11' title="bbox 549 1017 904 1067; baseline -0.003 -1"><span class='ocrx_word' id='word_1_70' title='bbox 549 1017 767 1067; x_wconf 74' lang='lat' dir='ltr'>CAPUT</span> <span class='ocrx_word' id='word_1_71' title='bbox 814 1020 904 1065; x_wconf 86' lang='lat' dir='ltr'>III.</span> 
     </span>
    </p>
   </div>
   <div class='ocr_carea' id='block_1_5' title="bbox 53 1148 1448 1282">
    <p class='ocr_par' dir='ltr' id='par_1_5' title="bbox 53 1148 1448 1282">
     <span class='ocr_line' id='line_1_12' title="bbox 53 1148 1448 1212; baseline -0.001 -18"><span class='ocrx_word' id='word_1_72' title='bbox 53 1148 324 1197; x_wconf 68' lang='lat' dir='ltr'>Rhetoricae</span> <span class='ocrx_word' id='word_1_73' title='bbox 342 1161 591 1212; x_wconf 63' lang='lat' dir='ltr'>praecepta</span> <span class='ocrx_word' id='word_1_74' title='bbox 614 1168 712 1211; x_wconf 79' lang='lat' dir='ltr'>qua</span> <span class='ocrx_word' id='word_1_75' title='bbox 740 1161 884 1197; x_wconf 72' lang='lat' dir='ltr'>(etate</span> <span class='ocrx_word' id='word_1_76' title='bbox 901 1188 911 1205; x_wconf 89' lang='lat'>,</span> <span class='ocrx_word' id='word_1_77' title='bbox 942 1168 1094 1211; x_wconf 70' lang='lat' dir='ltr'>quave</span> <span class='ocrx_word' id='word_1_78' title='bbox 1117 1152 1304 1197; x_wconf 76' lang='lat' dir='ltr'>ratione</span> <span class='ocrx_word' id='word_1_79' title='bbox 1324 1149 1448 1195; x_wconf 72' lang='lat' dir='ltr'>disci</span> 
     </span>
     <span class='ocr_line' id='line_1_13' title="bbox 639 1233 854 1282; baseline -0.005 -14"><span class='ocrx_word' id='word_1_80' title='bbox 639 1233 854 1282; x_wconf 74' lang='lat' dir='ltr'>possunt.</span> 
     </span>
    </p>
   </div>
   <div class='ocr_carea' id='block_1_6' title="bbox 45 1357 1443 2477">
    <p class='ocr_par' dir='ltr' id='par_1_6' title="bbox 45 1357 1443 2477">
     <span class='ocr_line' id='line_1_14' title="bbox 111 1357 1443 1417; baseline 0.001 -17"><span class='ocrx_word' id='word_1_81' title='bbox 111 1358 187 1401; x_wconf 88' lang='lat' dir='ltr'>IV.</span> <span class='ocrx_word' id='word_1_82' title='bbox 213 1358 298 1401; x_wconf 85' lang='lat' dir='ltr'>SED</span> <span class='ocrx_word' id='word_1_83' title='bbox 313 1371 607 1417; x_wconf 83' lang='lat' dir='ltr'>quaecumque</span> <span class='ocrx_word' id='word_1_84' title='bbox 623 1367 726 1402; x_wconf 91' lang='lat' dir='ltr'>sunt</span> <span class='ocrx_word' id='word_1_85' title='bbox 741 1357 890 1402; x_wconf 88' lang='lat' dir='ltr'>dehac</span> <span class='ocrx_word' id='word_1_86' title='bbox 908 1373 954 1401; x_wconf 90' lang='lat' dir='ltr'>re</span> <span class='ocrx_word' id='word_1_87' title='bbox 971 1358 1293 1402; x_wconf 85' lang='lat' dir='ltr'>observationes</span> <span class='ocrx_word' id='word_1_88' title='bbox 1310 1367 1443 1417; x_wconf 85' lang='lat' dir='ltr'>atque</span> 
     </span>
     <span class='ocr_line' id='line_1_15' title="bbox 50 1426 1442 1488; baseline 0.001 -18"><span class='ocrx_word' id='word_1_89' title='bbox 50 1436 294 1487; x_wconf 75' lang='lat' dir='ltr'>praecepta,</span> <span class='ocrx_word' id='word_1_90' title='bbox 327 1428 488 1488; x_wconf 89' lang='lat' dir='ltr'>quibus</span> <span class='ocrx_word' id='word_1_91' title='bbox 519 1444 617 1473; x_wconf 89' lang='lat' dir='ltr'>cum</span> <span class='ocrx_word' id='word_1_92' title='bbox 643 1426 811 1472; x_wconf 89' lang='lat' dir='ltr'>accedit</span> <span class='ocrx_word' id='word_1_93' title='bbox 840 1428 886 1472; x_wconf 91' lang='lat' dir='ltr'>in</span> <span class='ocrx_word' id='word_1_94' title='bbox 914 1428 1056 1472; x_wconf 86' lang='lat' dir='ltr'>verbis</span> <span class='ocrx_word' id='word_1_95' title='bbox 1079 1428 1277 1488; x_wconf 84' lang='lat' dir='ltr'>plurimis</span> <span class='ocrx_word' id='word_1_96' title='bbox 1310 1444 1442 1472; x_wconf 88' lang='lat' dir='ltr'>orna-</span> 
     </span>
     <span class='ocr_line' id='line_1_16' title="bbox 49 1498 1443 1558; baseline 0.001 -17"><span class='ocrx_word' id='word_1_97' title='bbox 49 1498 294 1558; x_wconf 90' lang='lat' dir='ltr'>mentisque</span> <span class='ocrx_word' id='word_1_98' title='bbox 306 1499 543 1543; x_wconf 89' lang='lat' dir='ltr'>verborum</span> <span class='ocrx_word' id='word_1_99' title='bbox 554 1499 863 1544; x_wconf 80' lang='lat' dir='ltr'>exercitatioris</span> <span class='ocrx_word' id='word_1_100' title='bbox 875 1498 1037 1557; x_wconf 83' lang='lat' dir='ltr'>linguae</span> <span class='ocrx_word' id='word_1_101' title='bbox 1051 1499 1325 1544; x_wconf 89' lang='lat' dir='ltr'>solertissima</span> <span class='ocrx_word' id='word_1_102' title='bbox 1340 1516 1443 1544; x_wconf 90' lang='lat' dir='ltr'>con-</span> 
     </span>
     <span class='ocr_line' id='line_1_17' title="bbox 49 1569 1438 1630; baseline 0.001 -17"><span class='ocrx_word' id='word_1_103' title='bbox 49 1569 258 1626; x_wconf 86' lang='lat' dir='ltr'>suetudo,</span> <span class='ocrx_word' id='word_1_104' title='bbox 289 1570 340 1615; x_wconf 89' lang='lat' dir='ltr'>fit</span> <span class='ocrx_word' id='word_1_105' title='bbox 356 1569 429 1614; x_wconf 87' lang='lat' dir='ltr'>illa</span> <span class='ocrx_word' id='word_1_106' title='bbox 454 1586 554 1630; x_wconf 86' lang='lat' dir='ltr'>quae</span> <span class='ocrx_word' id='word_1_107' title='bbox 578 1569 783 1614; x_wconf 84' lang='lat' dir='ltr'>facundia</span> <span class='ocrx_word' id='word_1_108' title='bbox 804 1570 874 1614; x_wconf 91' lang='lat' dir='ltr'>vel</span> <span class='ocrx_word' id='word_1_109' title='bbox 898 1570 1148 1630; x_wconf 82' lang='lat' dir='ltr'>eloquentia</span> <span class='ocrx_word' id='word_1_110' title='bbox 1168 1570 1438 1627; x_wconf 82' lang='lat' dir='ltr'>nominatur,</span> 
     </span>
     <span class='ocr_line' id='line_1_18' title="bbox 48 1639 1440 1700; baseline 0.002 -17"><span class='ocrx_word' id='word_1_111' title='bbox 48 1649 168 1684; x_wconf 82' lang='lat' dir='ltr'>extra</span> <span class='ocrx_word' id='word_1_112' title='bbox 189 1640 290 1684; x_wconf 86' lang='lat' dir='ltr'>istas</span> <span class='ocrx_word' id='word_1_113' title='bbox 311 1639 476 1685; x_wconf 87' lang='lat' dir='ltr'>litteras</span> <span class='ocrx_word' id='word_1_114' title='bbox 493 1649 658 1685; x_wconf 87' lang='lat' dir='ltr'>nostras</span> <span class='ocrx_word' id='word_1_115' title='bbox 674 1676 684 1696; x_wconf 90' lang='lat'>,</span> <span class='ocrx_word' id='word_1_116' title='bbox 707 1640 894 1700; x_wconf 87' lang='lat' dir='ltr'>seposito</span> <span class='ocrx_word' id='word_1_117' title='bbox 917 1640 973 1684; x_wconf 85' lang='lat' dir='ltr'>ad</span> <span class='ocrx_word' id='word_1_118' title='bbox 996 1641 1079 1685; x_wconf 92' lang='lat' dir='ltr'>hoc</span> <span class='ocrx_word' id='word_1_119' title='bbox 1106 1656 1302 1700; x_wconf 82' lang='lat' dir='ltr'>congruo</span> <span class='ocrx_word' id='word_1_120' title='bbox 1327 1651 1440 1686; x_wconf 88' lang='lat' dir='ltr'>tem-</span> 
     </span>
     <span class='ocr_line' id='line_1_19' title="bbox 47 1709 1435 1770; baseline 0.001 -16"><span class='ocrx_word' id='word_1_121' title='bbox 47 1709 162 1770; x_wconf 87' lang='lat' dir='ltr'>poris</span> <span class='ocrx_word' id='word_1_122' title='bbox 179 1710 342 1770; x_wconf 85' lang='lat' dir='ltr'>spatio,</span> <span class='ocrx_word' id='word_1_123' title='bbox 363 1722 462 1770; x_wconf 82' lang='lat' dir='ltr'>apta</span> <span class='ocrx_word' id='word_1_124' title='bbox 485 1720 528 1755; x_wconf 88' lang='lat' dir='ltr'>et</span> <span class='ocrx_word' id='word_1_125' title='bbox 549 1711 828 1755; x_wconf 89' lang='lat' dir='ltr'>convenienti</span> <span class='ocrx_word' id='word_1_126' title='bbox 850 1719 977 1754; x_wconf 84' lang='lat' dir='ltr'>aetate</span> <span class='ocrx_word' id='word_1_127' title='bbox 999 1710 1206 1755; x_wconf 88' lang='lat' dir='ltr'>discenda</span> <span class='ocrx_word' id='word_1_128' title='bbox 1224 1721 1326 1755; x_wconf 90' lang='lat' dir='ltr'>sunt</span> <span class='ocrx_word' id='word_1_129' title='bbox 1347 1712 1407 1756; x_wconf 88' lang='lat' dir='ltr'>eis</span> <span class='ocrx_word' id='word_1_130' title='bbox 1424 1748 1435 1768; x_wconf 91' lang='lat'>‚</span> 
     </span>
     <span class='ocr_line' id='line_1_20' title="bbox 47 1779 1439 1841; baseline 0.002 -18"><span class='ocrx_word' id='word_1_131' title='bbox 47 1779 124 1840; x_wconf 93' lang='lat' dir='ltr'>qui</span> <span class='ocrx_word' id='word_1_132' title='bbox 146 1780 230 1823; x_wconf 88' lang='lat' dir='ltr'>hoc</span> <span class='ocrx_word' id='word_1_133' title='bbox 253 1779 450 1824; x_wconf 86' lang='lat' dir='ltr'>celeriter</span> <span class='ocrx_word' id='word_1_134' title='bbox 461 1788 660 1840; x_wconf 87' lang='lat' dir='ltr'>possunt.</span> <span class='ocrx_word' id='word_1_135' title='bbox 686 1783 797 1824; x_wconf 80' lang='lat' dir='ltr'>Nam</span> <span class='ocrx_word' id='word_1_136' title='bbox 812 1789 853 1823; x_wconf 91' lang='lat' dir='ltr'>et</span> <span class='ocrx_word' id='word_1_137' title='bbox 877 1780 990 1839; x_wconf 90' lang='lat' dir='ltr'>ipsos</span> <span class='ocrx_word' id='word_1_138' title='bbox 1009 1795 1200 1825; x_wconf 82' lang='lat' dir='ltr'>romanae</span> <span class='ocrx_word' id='word_1_139' title='bbox 1221 1781 1439 1841; x_wconf 83' lang='lat' dir='ltr'>principes</span> 
     </span>
     <span class='ocr_line' id='line_1_21' title="bbox 47 1849 1439 1912; baseline 0.002 -19"><span class='ocrx_word' id='word_1_140' title='bbox 47 1849 308 1910; x_wconf 73' lang='lat' dir='ltr'>eloquentiae</span> <span class='ocrx_word' id='word_1_141' title='bbox 330 1864 421 1894; x_wconf 89' lang='lat' dir='ltr'>non</span> <span class='ocrx_word' id='word_1_142' title='bbox 437 1850 579 1910; x_wconf 82' lang='lat' dir='ltr'>piguit</span> <span class='ocrx_word' id='word_1_143' title='bbox 602 1849 746 1893; x_wconf 89' lang='lat' dir='ltr'>dicere</span> <span class='ocrx_word' id='word_1_144' title='bbox 761 1852 791 1905; x_wconf 83' lang='lat'>¹,</span> <span class='ocrx_word' id='word_1_145' title='bbox 813 1850 934 1910; x_wconf 91' lang='lat' dir='ltr'>quod</span> <span class='ocrx_word' id='word_1_146' title='bbox 950 1851 1063 1895; x_wconf 89' lang='lat' dir='ltr'>hanc</span> <span class='ocrx_word' id='word_1_147' title='bbox 1081 1860 1218 1895; x_wconf 87' lang='lat' dir='ltr'>artem</span> <span class='ocrx_word' id='word_1_148' title='bbox 1243 1851 1324 1896; x_wconf 89' lang='lat' dir='ltr'>nisi</span> <span class='ocrx_word' id='word_1_149' title='bbox 1342 1853 1439 1912; x_wconf 89' lang='lat' dir='ltr'>quis</span> 
     </span>
     <span class='ocr_line' id='line_1_22' title="bbox 46 1919 1440 1980; baseline 0.002 -16"><span class='ocrx_word' id='word_1_150' title='bbox 46 1919 133 1965; x_wconf 90' lang='lat' dir='ltr'>cito</span> <span class='ocrx_word' id='word_1_151' title='bbox 172 1920 330 1980; x_wconf 81' lang='lat' dir='ltr'>possit,</span> <span class='ocrx_word' id='word_1_152' title='bbox 366 1935 596 1980; x_wconf 84' lang='lat' dir='ltr'>nunquam</span> <span class='ocrx_word' id='word_1_153' title='bbox 635 1920 813 1965; x_wconf 91' lang='lat' dir='ltr'>omnino</span> <span class='ocrx_word' id='word_1_154' title='bbox 845 1921 979 1979; x_wconf 88' lang='lat' dir='ltr'>possit</span> <span class='ocrx_word' id='word_1_155' title='bbox 1010 1920 1271 1979; x_wconf 84' lang='lat' dir='ltr'>perdiscere.</span> <span class='ocrx_word' id='word_1_156' title='bbox 1308 1922 1440 1975; x_wconf 87' lang='lat' dir='ltr'>Quod</span> 
     </span>
     <span class='ocr_line' id='line_1_23' title="bbox 46 1989 1439 2050; baseline 0.001 -16"><span class='ocrx_word' id='word_1_157' title='bbox 46 1999 195 2034; x_wconf 90' lang='lat' dir='ltr'>utrum</span> <span class='ocrx_word' id='word_1_158' title='bbox 213 2005 366 2035; x_wconf 89' lang='lat' dir='ltr'>verum</span> <span class='ocrx_word' id='word_1_159' title='bbox 379 1990 447 2045; x_wconf 75' lang='lat' dir='ltr'>sit,</span> <span class='ocrx_word' id='word_1_160' title='bbox 459 1989 568 2049; x_wconf 89' lang='lat' dir='ltr'>quid</span> <span class='ocrx_word' id='word_1_161' title='bbox 584 2005 692 2049; x_wconf 92' lang='lat' dir='ltr'>opus</span> <span class='ocrx_word' id='word_1_162' title='bbox 711 1999 774 2034; x_wconf 89' lang='lat' dir='ltr'>est</span> <span class='ocrx_word' id='word_1_163' title='bbox 792 2005 988 2050; x_wconf 82' lang='lat' dir='ltr'>quaerere</span> <span class='ocrx_word' id='word_1_164' title='bbox 1001 1992 1019 2035; x_wconf 78' lang='lat' dir='ltr'>P</span> <span class='ocrx_word' id='word_1_165' title='bbox 1031 1993 1128 2035; x_wconf 91' lang='lat' dir='ltr'>Non</span> <span class='ocrx_word' id='word_1_166' title='bbox 1142 1991 1258 2035; x_wconf 82' lang='lat' dir='ltr'>enim</span> <span class='ocrx_word' id='word_1_167' title='bbox 1271 1992 1439 2036; x_wconf 90' lang='lat' dir='ltr'>etiamsi</span> 
     </span>
     <span class='ocr_line' id='line_1_24' title="bbox 46 2060 1435 2123; baseline 0 -17"><span class='ocrx_word' id='word_1_168' title='bbox 46 2060 212 2121; x_wconf 86' lang='lat' dir='ltr'>possint</span> <span class='ocrx_word' id='word_1_169' title='bbox 243 2061 338 2105; x_wconf 85' lang='lat' dir='ltr'>haec</span> <span class='ocrx_word' id='word_1_170' title='bbox 376 2077 401 2106; x_wconf 85' lang='lat' dir='ltr'>a</span> <span class='ocrx_word' id='word_1_171' title='bbox 437 2060 701 2105; x_wconf 84' lang='lat' dir='ltr'>tardioribus</span> <span class='ocrx_word' id='word_1_172' title='bbox 739 2060 917 2105; x_wconf 89' lang='lat' dir='ltr'>tandem</span> <span class='ocrx_word' id='word_1_173' title='bbox 950 2061 1188 2123; x_wconf 88' lang='lat' dir='ltr'>aliquando</span> <span class='ocrx_word' id='word_1_174' title='bbox 1222 2063 1435 2122; x_wconf 88' lang='lat' dir='ltr'>perdisci,</span> 
     </span>
     <span class='ocr_line' id='line_1_25' title="bbox 46 2130 1436 2193; baseline 0.002 -17"><span class='ocrx_word' id='word_1_175' title='bbox 46 2147 124 2176; x_wconf 91' lang='lat' dir='ltr'>nos</span> <span class='ocrx_word' id='word_1_176' title='bbox 145 2147 196 2175; x_wconf 89' lang='lat' dir='ltr'>ea</span> <span class='ocrx_word' id='word_1_177' title='bbox 218 2131 328 2175; x_wconf 83' lang='lat' dir='ltr'>tanti</span> <span class='ocrx_word' id='word_1_178' title='bbox 349 2131 603 2191; x_wconf 85' lang='lat' dir='ltr'>pendimus,</span> <span class='ocrx_word' id='word_1_179' title='bbox 634 2140 684 2176; x_wconf 91' lang='lat' dir='ltr'>ut</span> <span class='ocrx_word' id='word_1_180' title='bbox 715 2131 774 2176; x_wconf 89' lang='lat' dir='ltr'>eis</span> <span class='ocrx_word' id='word_1_181' title='bbox 796 2130 1012 2177; x_wconf 88' lang='lat' dir='ltr'>discendis</span> <span class='ocrx_word' id='word_1_182' title='bbox 1029 2134 1121 2193; x_wconf 86' lang='lat' dir='ltr'>jam</span> <span class='ocrx_word' id='word_1_183' title='bbox 1151 2143 1344 2178; x_wconf 85' lang='lat' dir='ltr'>maturas</span> <span class='ocrx_word' id='word_1_184' title='bbox 1365 2134 1436 2179; x_wconf 91' lang='lat' dir='ltr'>vel</span> 
     </span>
     <span class='ocr_line' id='line_1_26' title="bbox 46 2202 1438 2265; baseline 0.002 -18"><span class='ocrx_word' id='word_1_185' title='bbox 46 2202 177 2247; x_wconf 87' lang='lat' dir='ltr'>etiam</span> <span class='ocrx_word' id='word_1_186' title='bbox 202 2217 352 2261; x_wconf 84' lang='lat' dir='ltr'>graves</span> <span class='ocrx_word' id='word_1_187' title='bbox 376 2202 607 2247; x_wconf 89' lang='lat' dir='ltr'>hominum</span> <span class='ocrx_word' id='word_1_188' title='bbox 628 2211 775 2247; x_wconf 81' lang='lat' dir='ltr'>aetates</span> <span class='ocrx_word' id='word_1_189' title='bbox 795 2202 981 2248; x_wconf 88' lang='lat' dir='ltr'>velimus</span> <span class='ocrx_word' id='word_1_190' title='bbox 1002 2204 1213 2265; x_wconf 88' lang='lat' dir='ltr'>impendi.</span> <span class='ocrx_word' id='word_1_191' title='bbox 1242 2206 1351 2250; x_wconf 89' lang='lat' dir='ltr'>Satis</span> <span class='ocrx_word' id='word_1_192' title='bbox 1373 2216 1438 2250; x_wconf 90' lang='lat' dir='ltr'>est</span> 
     </span>
     <span class='ocr_line' id='line_1_27' title="bbox 45 2272 1436 2335; baseline 0.002 -18"><span class='ocrx_word' id='word_1_193' title='bbox 45 2282 97 2317; x_wconf 91' lang='lat' dir='ltr'>ut</span> <span class='ocrx_word' id='word_1_194' title='bbox 125 2272 551 2318; x_wconf 85' lang='lat' dir='ltr'>adolescentulorum</span> <span class='ocrx_word' id='word_1_195' title='bbox 581 2273 662 2317; x_wconf 88' lang='lat' dir='ltr'>ista</span> <span class='ocrx_word' id='word_1_196' title='bbox 685 2274 739 2317; x_wconf 91' lang='lat' dir='ltr'>sit</span> <span class='ocrx_word' id='word_1_197' title='bbox 765 2289 890 2329; x_wconf 84' lang='lat' dir='ltr'>cura,</span> <span class='ocrx_word' id='word_1_198' title='bbox 919 2290 1000 2319; x_wconf 92' lang='lat' dir='ltr'>nec</span> <span class='ocrx_word' id='word_1_199' title='bbox 1021 2276 1215 2335; x_wconf 89' lang='lat' dir='ltr'>ipsorum</span> <span class='ocrx_word' id='word_1_200' title='bbox 1237 2277 1436 2321; x_wconf 86' lang='lat' dir='ltr'>omnium</span> 
     </span>
     <span class='ocr_line' id='line_1_28' title="bbox 46 2342 1436 2404; baseline 0.002 -17"><span class='ocrx_word' id='word_1_201' title='bbox 46 2358 156 2403; x_wconf 89' lang='lat' dir='ltr'>quos</span> <span class='ocrx_word' id='word_1_202' title='bbox 187 2342 366 2387; x_wconf 91' lang='lat' dir='ltr'>utilitati</span> <span class='ocrx_word' id='word_1_203' title='bbox 398 2343 699 2388; x_wconf 79' lang='lat' dir='ltr'>ecclesiasticae</span> <span class='ocrx_word' id='word_1_204' title='bbox 728 2345 928 2404; x_wconf 84' lang='lat' dir='ltr'>cupimus</span> <span class='ocrx_word' id='word_1_205' title='bbox 957 2345 1140 2402; x_wconf 77' lang='lat' dir='ltr'>erudiri3</span> <span class='ocrx_word' id='word_1_206' title='bbox 1177 2344 1252 2390; x_wconf 88' lang='lat' dir='ltr'>sed</span> <span class='ocrx_word' id='word_1_207' title='bbox 1282 2361 1436 2391; x_wconf 89' lang='lat' dir='ltr'>eorum</span> 
     </span>
     <span class='ocr_line' id='line_1_29' title="bbox 46 2413 1434 2477; baseline 0.002 -19"><span class='ocrx_word' id='word_1_208' title='bbox 46 2429 155 2474; x_wconf 84' lang='lat' dir='ltr'>quos</span> <span class='ocrx_word' id='word_1_209' title='bbox 177 2413 375 2459; x_wconf 90' lang='lat' dir='ltr'>nondum</span> <span class='ocrx_word' id='word_1_210' title='bbox 396 2415 532 2474; x_wconf 82' lang='lat' dir='ltr'>magis</span> <span class='ocrx_word' id='word_1_211' title='bbox 554 2431 713 2474; x_wconf 81' lang='lat' dir='ltr'>urgens</span> <span class='ocrx_word' id='word_1_212' title='bbox 728 2451 739 2471; x_wconf 90' lang='lat'>‚</span> <span class='ocrx_word' id='word_1_213' title='bbox 775 2425 818 2460; x_wconf 88' lang='lat' dir='ltr'>et</span> <span class='ocrx_word' id='word_1_214' title='bbox 840 2416 942 2461; x_wconf 86' lang='lat' dir='ltr'>huic</span> <span class='ocrx_word' id='word_1_215' title='bbox 964 2417 1025 2461; x_wconf 87' lang='lat' dir='ltr'>rei</span> <span class='ocrx_word' id='word_1_216' title='bbox 1043 2417 1134 2461; x_wconf 90' lang='lat' dir='ltr'>sine</span> <span class='ocrx_word' id='word_1_217' title='bbox 1155 2416 1291 2462; x_wconf 86' lang='lat' dir='ltr'>dubio</span> <span class='ocrx_word' id='word_1_218' title='bbox 1319 2433 1434 2477; x_wconf 81' lang='lat' dir='ltr'>prae-</span> 
     </span>
    </p>
   </div>
   <div class='ocr_carea' id='block_1_7' title="bbox 71 2510 465 2555">
    <p class='ocr_par' dir='ltr' id='par_1_7' title="bbox 71 2510 465 2555">
     <span class='ocr_line' id='line_1_30' title="bbox 71 2510 465 2555; baseline 0.005 -14"><span class='ocrx_word' id='word_1_219' title='bbox 71 2532 74 2535; x_wconf 33' lang='lat'>*</span> <span class='ocrx_word' id='word_1_220' title='bbox 95 2510 237 2555; x_wconf 45' lang='lat' dir='ltr'>{Cicero</span> <span class='ocrx_word' id='word_1_221' title='bbox 259 2511 300 2543; x_wconf 87' lang='lat' dir='ltr'>de</span> <span class='ocrx_word' id='word_1_222' title='bbox 317 2513 465 2544; x_wconf 86' lang='lat' dir='ltr'>Oratore.</span> 
     </span>
    </p>
   </div>
  </div>
 </body>
</html>
