1854 3219
375 199 461 240 586
811 209 844 235 s.
882 204 1116 236 Aususnm
1147 209 1332 237 muscom

373 287 438 322 est
459 296 468 321 :
503 274 582 319 Dei
611 273 728 317 enim
751 287 912 318 munus
934 282 1012 318 est.
1039 274 1249 319 Discretio
1272 289 1374 319 sane
1396 274 1656 322 difficillima
1685 288 1771 336 est,

371 361 476 393 cum
491 344 666 405 spiritus
684 342 900 401 malignus
919 344 1043 404 quasi
1063 344 1323 406 tranquillus
1346 346 1457 405 agit,
1494 362 1543 392 ac
1575 348 1667 392 sine
1701 349 1776 394 ali-

372 433 462 478 qua
498 415 726 461 vexatione
758 414 953 474 corporis
985 424 1208 475 assumpto
1240 416 1436 461 humano
1469 417 1627 478 spiritu
1671 417 1776 464 dicit

372 486 496 550 quod
517 495 686 547 potest3
706 484 885 546 quando
907 485 1040 530 etiam
1061 502 1163 531 vera
1181 485 1310 541 dicit,
1336 496 1381 531 et
1401 487 1524 533 utilia
1543 488 1773 548 praedicat,

373 557 689 619 transfigurans
707 571 751 600 se
763 591 774 611 ,
791 556 904 600 sicut
916 556 1127 616 scriptum
1143 566 1230 612 est,
1247 556 1369 601 velut
1387 557 1604 616 Angelum
1620 559 1774 616 lucis1,

374 629 428 675 ad
464 630 549 673 hoc
585 637 635 672 ut
666 643 769 672 c-um
805 626 867 671 illi
896 627 941 671 in
975 627 1216 672 manifestis
1238 627 1365 671 bonis
1387 628 1602 675 creditum
1619 628 1775 687 fuerit,

373 699 554 746 seducat
575 700 631 743 ad
648 715 739 744 sua.
760 701 887 743 Hunc
905 697 1090 743 discerni
1107 714 1199 743 non
1214 698 1401 743 arbitror
1414 735 1425 754 ‚
1446 700 1528 744 nisi
1547 701 1666 746 dono
1684 701 1775 758 illo,

372 771 428 816 de
449 787 538 832 quo
558 770 618 815 ait
636 769 892 830 Apostolus,
924 786 1025 814 cum
1053 769 1107 813 de
1130 769 1309 814 diversis
1332 770 1407 819 Dei
1434 772 1691 817 muneribus
1710 772 1779 818 lo-

372 851 583 903 queretur
601 861 610 886 :
654 860 674 884 «
713 840 798 885 Alii
839 840 1094 901 dijudicatio
1125 840 1384 900 spirituum²
1398 876 1407 885 .
1450 861 1470 884 »
1525 845 1621 888 Non
1664 843 1781 888 enim

374 929 586 973 magnum
604 922 669 958 est
708 922 815 956 tune
854 928 953 956 eum
979 911 1257 971 dignoscere,
1288 927 1389 957 cum
1413 911 1468 958 ad
1497 913 1642 975 aliqua
1679 930 1780 975 per—

373 985 543 1030 venerit
563 983 634 1029 vel
652 983 925 1044 perduxerit,
952 999 1052 1043 quae
1074 992 1176 1027 sunt
1208 993 1360 1029 contra
1383 984 1523 1030 bonos
1546 1001 1686 1030 mores
1711 986 1782 1031 vel

373 1055 570 1115 regulam
589 1055 716 1101 fidei:
739 1065 845 1099 tune
867 1055 985 1098 enim
1009 1071 1032 1098 a
1058 1054 1206 1099 multis
1228 1054 1519 1101 discernituri.
1542 1055 1623 1101 Illo
1636 1066 1782 1101 autem

376 1127 495 1179 dono
510 1161 521 1181 ‚
547 1127 594 1170 in
615 1127 708 1185 ipso
727 1125 967 1186 primordio
991 1141 1080 1186 quo
1096 1124 1244 1169 multis
1263 1125 1407 1172 adhuc
1420 1128 1563 1172 bonus
1579 1136 1778 1188 apparet,

375 1198 587 1244 continuo
609 1197 874 1258 dijudicatur
896 1213 953 1242 an
974 1197 1113 1242 malus
1136 1197 1205 1242 sit.

376 1344 1242 1362 mmmmmmmmmmmmmm
1245 1344 1781 1364 mmmmmwmnmwmmu

878 1466 1096 1516 CAPUT
1136 1468 1247 1515 ΧΠ
1261 1468 1295 1514 ³.

378 1633 733 1682 Intellectaalis
756 1635 878 1678 visio
905 1649 1002 1678 non
1019 1631 1183 1696 fallit.
1211 1631 1277 1678 In
1294 1631 1407 1678 aliis
1411 1632 1541 1696 falli
1558 1648 1652 1678 non
1670 1649 1786 1679 sem-

825 1720 918 1765 per
940 1713 1009 1749 est
1029 1719 1368 1764 pernzczosum.

439 1845 606 1889 XXIX.
646 1845 804 1887 TAMEN
827 1852 869 1887 et
891 1857 969 1902 per
991 1840 1264 1902 corporalem
1275 1842 1484 1886 visionem
1499 1878 1509 1898 ,
1527 1852 1571 1887 et
1581 1858 1658 1903 per
1676 1843 1786 1888 ima-

380 1917 500 1976 gines
523 1915 818 1975 corporalium
840 1931 940 1974 quse
964 1913 1324 1959 demonstrantur
1347 1915 1392 1957 in
1414 1914 1569 1974 spiritu
1584 1950 1595 1968 ,
1621 1924 1664 1959 et
1684 1916 1786 1959 boni

379 1989 626 2042 instruunt,
654 1996 697 2031 et
717 1985 821 2030 mali
846 1984 1020 2029 fallunt.
1049 1984 1366 2029 Intellectualis
1390 1995 1538 2030 autem
1559 1986 1666 2031 visio
1698 2002 1787 2031 non

380 2058 561 2103 fallitur.
589 2063 678 2103 Aut
697 2059 815 2102 enim
832 2073 921 2102 non
940 2056 1145 2116 intelligit
1160 2092 1170 2111 ‚
1204 2056 1281 2117 qui
1295 2055 1415 2100 aliud
1429 2058 1634 2117 opinatur
1653 2073 1787 2118 quam

380 2142 446 2176 est
459 2153 469 2188 ς
483 2141 557 2176 aut
571 2130 822 2189 siintelligit
837 2130 1063 2186 ⁷continuo
1091 2144 1244 2174 verum
1257 2139 1335 2173 est.
1354 2129 1470 2183 Quid
1497 2130 1612 2174 enim
1627 2129 1789 2175 saciant

381 2203 498 2249 oculi
539 2219 629 2248 non
681 2202 847 2246 habent
862 2238 872 2257 ‚
897 2217 997 2246 cum
1034 2201 1173 2245 simile
1217 2216 1374 2261 corpus
1416 2201 1626 2256 viderint,
1667 2200 1788 2262 quod

381 2276 437 2320 ab
469 2274 555 2318 alio
589 2273 833 2318 discernere
856 2289 947 2318 non
968 2273 1155 2333 possint:
1182 2282 1259 2317 aut
1275 2271 1385 2333 quid
1409 2270 1538 2317 faciat
1561 2273 1694 2317 animi
1715 2273 1786 2316 in-

378 2346 538 2402 tentio,
573 2361 675 2390 eum
700 2346 747 2389 in
781 2345 938 2405 spiritu
968 2342 1082 2389 faeta
1118 2343 1250 2389 luerit
1287 2344 1481 2404 corporis
1513 2343 1782 2400 similitudo,

380 2433 515 2479 quam
545 2432 636 2461 non
662 2416 806 2462 valeat
836 2415 1105 2475 distinguere
1127 2431 1152 2460 a
1183 2416 1397 2476 corpore?
1432 2413 1517 2469 Sed
1551 2415 1786 2459 adhibetur

431 2521 441 2537 ¹
465 2525 484 2546 2
502 2516 574 2546 Cor.
601 2525 648 2555 xx,
671 2511 721 2555 14.
744 2529 785 2536 -—-
802 2519 815 2536 2
841 2524 853 2544 1
875 2516 947 2545 (lor.
967 2523 1021 2554 xu,
1046 2524 1096 2545 10.
1130 2530 1170 2535 —
1206 2510 1218 2536 3
1241 2511 1347 2555 Caput
1375 2523 1428 2545 xlv
1444 2512 1476 2544 in
1489 2511 1587 2545 Editis
1617 2510 1727 2553 incipit
1745 2511 1784 2542 ad

381 2571 450 2604 haee
467 2571 566 2604 verba
583 2583 590 2602 :
618 2571 697 2603 Non
711 2571 798 2602 enim
817 2581 974 2613 magnum
992 2577 1042 2602 est
1056 2595 1064 2611 ,
1088 2573 1154 2602 etc.
