<?xml version="1.0" encoding="UTF-8"?>
<!DOCTYPE html PUBLIC "-//W3C//DTD XHTML 1.0 Transitional//EN"
    "http://www.w3.org/TR/xhtml1/DTD/xhtml1-transitional.dtd">
<html xmlns="http://www.w3.org/1999/xhtml" xml:lang="en" lang="en">
 <head>
  <title>
</title>
<meta http-equiv="Content-Type" content="text/html;charset=utf-8" />
  <meta name='ocr-system' content='tesseract 3.04.00' />
  <meta name='ocr-capabilities' content='ocr_page ocr_carea ocr_par ocr_line ocrx_word'/>
</head>
<body>
  <div class='ocr_page' id='page_1' title='image "./operaomniaaccura05auguuoft_0194.png"; bbox 0 0 1854 3219; ppageno 0'>
   <div class='ocr_carea' id='block_1_1' title="bbox 300 205 1774 1917">
    <p class='ocr_par' dir='ltr' id='par_1_1' title="bbox 375 205 1329 243">
     <span class='ocr_line' id='line_1_1' title="bbox 375 205 1329 243; baseline -0.004 0"><span class='ocrx_word' id='word_1_1' title='bbox 375 205 454 243; x_wconf 79' lang='lat'>178</span> <span class='ocrx_word' id='word_1_2' title='bbox 810 213 842 240; x_wconf 79' lang='lat' dir='ltr'>S.</span> <span class='ocrx_word' id='word_1_3' title='bbox 880 214 1113 241; x_wconf 68' lang='lat' dir='ltr'>Aucusnm</span> <span class='ocrx_word' id='word_1_4' title='bbox 1149 215 1329 242; x_wconf 82' lang='lat' dir='ltr'>EPISCOP1</span> 
     </span>
    </p>

    <p class='ocr_par' dir='ltr' id='par_1_2' title="bbox 300 278 1774 967">
     <span class='ocr_line' id='line_1_2' title="bbox 365 278 1770 340; baseline -0.001 -15"><span class='ocrx_word' id='word_1_5' title='bbox 365 282 500 325; x_wconf 88' lang='lat' dir='ltr'>rimus</span> <span class='ocrx_word' id='word_1_6' title='bbox 518 316 528 335; x_wconf 91' lang='grc'>,</span> <span class='ocrx_word' id='word_1_7' title='bbox 557 289 607 324; x_wconf 92' lang='lat' dir='ltr'>ut</span> <span class='ocrx_word' id='word_1_8' title='bbox 634 278 824 323; x_wconf 86' lang='lat' dir='ltr'>alterum</span> <span class='ocrx_word' id='word_1_9' title='bbox 850 288 951 323; x_wconf 84' lang='lat' dir='ltr'>ante</span> <span class='ocrx_word' id='word_1_10' title='bbox 973 279 1159 324; x_wconf 88' lang='lat' dir='ltr'>alterum</span> <span class='ocrx_word' id='word_1_11' title='bbox 1181 279 1480 340; x_wconf 79' lang='lat' dir='ltr'>proferamus:</span> <span class='ocrx_word' id='word_1_12' title='bbox 1513 281 1571 323; x_wconf 89' lang='lat' dir='ltr'>ita</span> <span class='ocrx_word' id='word_1_13' title='bbox 1606 280 1651 324; x_wconf 90' lang='lat' dir='ltr'>in</span> <span class='ocrx_word' id='word_1_14' title='bbox 1671 295 1770 340; x_wconf 87' lang='lat' dir='ltr'>pro-</span> 
     </span>
     <span class='ocr_line' id='line_1_3' title="bbox 362 349 1772 411; baseline 0 -16"><span class='ocrx_word' id='word_1_15' title='bbox 362 352 525 395; x_wconf 83' lang='lat' dir='ltr'>lixitate</span> <span class='ocrx_word' id='word_1_16' title='bbox 542 350 802 394; x_wconf 80' lang='lat' dir='ltr'>narrationis</span> <span class='ocrx_word' id='word_1_17' title='bbox 818 349 1003 394; x_wconf 87' lang='lat' dir='ltr'>alterum</span> <span class='ocrx_word' id='word_1_18' title='bbox 1016 351 1134 410; x_wconf 89' lang='lat' dir='ltr'>prius</span> <span class='ocrx_word' id='word_1_19' title='bbox 1152 366 1284 411; x_wconf 87' lang='lat' dir='ltr'>quam</span> <span class='ocrx_word' id='word_1_20' title='bbox 1299 350 1485 394; x_wconf 86' lang='lat' dir='ltr'>alterum</span> <span class='ocrx_word' id='word_1_21' title='bbox 1501 351 1772 395; x_wconf 89' lang='lat' dir='ltr'>narrandum</span> 
     </span>
     <span class='ocr_line' id='line_1_4' title="bbox 362 421 1774 483; baseline 0 -16"><span class='ocrx_word' id='word_1_22' title='bbox 362 423 470 477; x_wconf 78' lang='lat' dir='ltr'>fuit,</span> <span class='ocrx_word' id='word_1_23' title='bbox 512 422 714 483; x_wconf 86' lang='lat' dir='ltr'>quamvis</span> <span class='ocrx_word' id='word_1_24' title='bbox 744 431 982 483; x_wconf 85' lang='lat' dir='ltr'>utrumque</span> <span class='ocrx_word' id='word_1_25' title='bbox 999 458 1009 478; x_wconf 89' lang='grc'>,</span> <span class='ocrx_word' id='word_1_26' title='bbox 1047 432 1096 467; x_wconf 88' lang='lat' dir='ltr'>ut</span> <span class='ocrx_word' id='word_1_27' title='bbox 1130 422 1298 467; x_wconf 86' lang='lat' dir='ltr'>dictum</span> <span class='ocrx_word' id='word_1_28' title='bbox 1335 432 1399 467; x_wconf 88' lang='lat' dir='ltr'>est</span> <span class='ocrx_word' id='word_1_29' title='bbox 1413 459 1424 478; x_wconf 89' lang='grc'>,</span> <span class='ocrx_word' id='word_1_30' title='bbox 1461 422 1592 466; x_wconf 88' lang='lat' dir='ltr'>simul</span> <span class='ocrx_word' id='word_1_31' title='bbox 1620 421 1774 467; x_wconf 83' lang='lat' dir='ltr'>fecerit</span> 
     </span>
     <span class='ocr_line' id='line_1_5' title="bbox 363 491 1772 554; baseline -0.001 -16"><span class='ocrx_word' id='word_1_32' title='bbox 363 497 508 552; x_wconf 82' lang='lat' dir='ltr'>Deus3</span> <span class='ocrx_word' id='word_1_33' title='bbox 533 503 583 537; x_wconf 92' lang='lat' dir='ltr'>ut</span> <span class='ocrx_word' id='word_1_34' title='bbox 604 493 725 554; x_wconf 90' lang='lat' dir='ltr'>quod</span> <span class='ocrx_word' id='word_1_35' title='bbox 747 491 837 537; x_wconf 85' lang='lat' dir='ltr'>sola</span> <span class='ocrx_word' id='word_1_36' title='bbox 870 493 1039 552; x_wconf 84' lang='lat' dir='ltr'>origine</span> <span class='ocrx_word' id='word_1_37' title='bbox 1068 493 1188 553; x_wconf 88' lang='lat' dir='ltr'>prius</span> <span class='ocrx_word' id='word_1_38' title='bbox 1211 503 1275 538; x_wconf 89' lang='lat' dir='ltr'>est</span> <span class='ocrx_word' id='word_1_39' title='bbox 1304 493 1350 536; x_wconf 93' lang='lat' dir='ltr'>in</span> <span class='ocrx_word' id='word_1_40' title='bbox 1377 493 1580 537; x_wconf 76' lang='lat' dir='ltr'>faciendo</span> <span class='ocrx_word' id='word_1_41' title='bbox 1597 528 1608 548; x_wconf 91' lang='grc'>,</span> <span class='ocrx_word' id='word_1_42' title='bbox 1642 494 1772 537; x_wconf 86' lang='grc'>6113111</span> 
     </span>
     <span class='ocr_line' id='line_1_6' title="bbox 367 563 1772 625; baseline -0.001 -16"><span class='ocrx_word' id='word_1_43' title='bbox 367 574 565 625; x_wconf 88' lang='lat' dir='ltr'>tempore</span> <span class='ocrx_word' id='word_1_44' title='bbox 577 564 696 625; x_wconf 87' lang='lat' dir='ltr'>prius</span> <span class='ocrx_word' id='word_1_45' title='bbox 711 564 825 608; x_wconf 88' lang='lat' dir='ltr'>sitin</span> <span class='ocrx_word' id='word_1_46' title='bbox 839 564 1059 609; x_wconf 85' lang='lat' dir='ltr'>narrando</span> <span class='ocrx_word' id='word_1_47' title='bbox 1077 584 1085 610; x_wconf 89' lang='lat'>:</span> <span class='ocrx_word' id='word_1_48' title='bbox 1104 564 1205 625; x_wconf 83' lang='lat' dir='ltr'>quia</span> <span class='ocrx_word' id='word_1_49' title='bbox 1220 563 1319 608; x_wconf 66' lang='lat' dir='ltr'>duaa</span> <span class='ocrx_word' id='word_1_50' title='bbox 1333 579 1415 619; x_wconf 80' lang='lat' dir='ltr'>res,</span> <span class='ocrx_word' id='word_1_51' title='bbox 1433 579 1621 625; x_wconf 87' lang='lat' dir='ltr'>quarum</span> <span class='ocrx_word' id='word_1_52' title='bbox 1640 564 1772 609; x_wconf 87' lang='lat' dir='ltr'>etiam</span> 
     </span>
     <span class='ocr_line' id='line_1_7' title="bbox 365 634 1765 696; baseline -0.001 -15"><span class='ocrx_word' id='word_1_53' title='bbox 365 635 505 681; x_wconf 86' lang='lat' dir='ltr'>altera</span> <span class='ocrx_word' id='word_1_54' title='bbox 522 635 647 680; x_wconf 90' lang='lat' dir='ltr'>nullo</span> <span class='ocrx_word' id='word_1_55' title='bbox 666 635 799 680; x_wconf 91' lang='lat' dir='ltr'>modo</span> <span class='ocrx_word' id='word_1_56' title='bbox 821 636 940 696; x_wconf 90' lang='lat' dir='ltr'>prior</span> <span class='ocrx_word' id='word_1_57' title='bbox 957 645 1043 691; x_wconf 85' lang='lat' dir='ltr'>est,</span> <span class='ocrx_word' id='word_1_58' title='bbox 1065 635 1281 681; x_wconf 87' lang='lat' dir='ltr'>nominari</span> <span class='ocrx_word' id='word_1_59' title='bbox 1304 634 1433 679; x_wconf 88' lang='lat' dir='ltr'>simul</span> <span class='ocrx_word' id='word_1_60' title='bbox 1456 651 1547 680; x_wconf 90' lang='lat' dir='ltr'>non</span> <span class='ocrx_word' id='word_1_61' title='bbox 1564 644 1765 693; x_wconf 77' lang='lat' dir='ltr'>possunt3</span> 
     </span>
     <span class='ocr_line' id='line_1_8' title="bbox 363 705 1770 769; baseline -0.001 -17"><span class='ocrx_word' id='word_1_62' title='bbox 363 717 531 769; x_wconf 90' lang='lat' dir='ltr'>quanto</span> <span class='ocrx_word' id='word_1_63' title='bbox 555 707 701 751; x_wconf 89' lang='lat' dir='ltr'>minus</span> <span class='ocrx_word' id='word_1_64' title='bbox 728 707 858 752; x_wconf 90' lang='lat' dir='ltr'>simul</span> <span class='ocrx_word' id='word_1_65' title='bbox 880 708 1069 752; x_wconf 76' lang='lat' dir='ltr'>narrari?</span> <span class='ocrx_word' id='word_1_66' title='bbox 1091 710 1190 753; x_wconf 90' lang='lat' dir='ltr'>Non</span> <span class='ocrx_word' id='word_1_67' title='bbox 1211 707 1360 768; x_wconf 85' lang='lat' dir='ltr'>itaque</span> <span class='ocrx_word' id='word_1_68' title='bbox 1385 705 1683 751; x_wconf 82' lang='lat' dir='ltr'>dubitandum</span> <span class='ocrx_word' id='word_1_69' title='bbox 1706 715 1770 751; x_wconf 86' lang='lat' dir='ltr'>est</span> 
     </span>
     <span class='ocr_line' id='line_1_9' title="bbox 300 777 1765 840; baseline -0.003 -14"><span class='ocrx_word' id='word_1_70' title='bbox 300 820 306 827; x_wconf 89' lang='lat'>.</span> <span class='ocrx_word' id='word_1_71' title='bbox 365 779 426 824; x_wconf 89' lang='lat' dir='ltr'>ita</span> <span class='ocrx_word' id='word_1_72' title='bbox 448 795 538 824; x_wconf 87' lang='lat' dir='ltr'>esse</span> <span class='ocrx_word' id='word_1_73' title='bbox 556 788 800 840; x_wconf 88' lang='lat' dir='ltr'>utcumque</span> <span class='ocrx_word' id='word_1_74' title='bbox 817 780 944 824; x_wconf 87' lang='lat' dir='ltr'>istam</span> <span class='ocrx_word' id='word_1_75' title='bbox 968 780 1203 824; x_wconf 85' lang='lat' dir='ltr'>informem</span> <span class='ocrx_word' id='word_1_76' title='bbox 1224 778 1451 823; x_wconf 83' lang='lat' dir='ltr'>materiam</span> <span class='ocrx_word' id='word_1_77' title='bbox 1477 794 1614 838; x_wconf 81' lang='lat' dir='ltr'>prope</span> <span class='ocrx_word' id='word_1_78' title='bbox 1632 777 1765 834; x_wconf 80' lang='lat' dir='ltr'>nihil,</span> 
     </span>
     <span class='ocr_line' id='line_1_10' title="bbox 359 848 1772 912; baseline -0.001 -17"><span class='ocrx_word' id='word_1_79' title='bbox 359 860 411 895; x_wconf 89' lang='lat' dir='ltr'>ut</span> <span class='ocrx_word' id='word_1_80' title='bbox 427 867 517 896; x_wconf 91' lang='grc'>11011</span> <span class='ocrx_word' id='word_1_81' title='bbox 539 851 596 895; x_wconf 84' lang='lat' dir='ltr'>sit</span> <span class='ocrx_word' id='word_1_82' title='bbox 613 849 728 895; x_wconf 84' lang='lat' dir='ltr'>facta</span> <span class='ocrx_word' id='word_1_83' title='bbox 750 851 833 895; x_wconf 88' lang='lat' dir='ltr'>nisi</span> <span class='ocrx_word' id='word_1_84' title='bbox 846 867 869 895; x_wconf 92' lang='lat' dir='ltr'>a</span> <span class='ocrx_word' id='word_1_85' title='bbox 888 854 978 896; x_wconf 89' lang='lat' dir='ltr'>Deo</span> <span class='ocrx_word' id='word_1_86' title='bbox 993 887 1004 907; x_wconf 91' lang='grc'>,</span> <span class='ocrx_word' id='word_1_87' title='bbox 1030 860 1074 896; x_wconf 89' lang='grc'>61</span> <span class='ocrx_word' id='word_1_88' title='bbox 1091 851 1222 896; x_wconf 87' lang='lat' dir='ltr'>rebus</span> <span class='ocrx_word' id='word_1_89' title='bbox 1239 866 1341 912; x_wconf 86' lang='lat' dir='ltr'>quae</span> <span class='ocrx_word' id='word_1_90' title='bbox 1358 849 1413 895; x_wconf 88' lang='lat' dir='ltr'>de</span> <span class='ocrx_word' id='word_1_91' title='bbox 1432 848 1507 894; x_wconf 85' lang='lat' dir='ltr'>illa</span> <span class='ocrx_word' id='word_1_92' title='bbox 1522 848 1651 894; x_wconf 82' lang='lat' dir='ltr'>factae</span> <span class='ocrx_word' id='word_1_93' title='bbox 1668 858 1772 894; x_wconf 90' lang='lat' dir='ltr'>sunt</span> 
     </span>
     <span class='ocr_line' id='line_1_11' title="bbox 361 921 834 967; baseline -0.002 0"><span class='ocrx_word' id='word_1_94' title='bbox 361 921 492 967; x_wconf 85' lang='lat' dir='ltr'>simul</span> <span class='ocrx_word' id='word_1_95' title='bbox 513 931 749 967; x_wconf 82' lang='lat' dir='ltr'>concreata</span> <span class='ocrx_word' id='word_1_96' title='bbox 766 922 834 966; x_wconf 85' lang='lat' dir='ltr'>sit.</span> 
     </span>
    </p>

    <p class='ocr_par' dir='ltr' id='par_1_3' title="bbox 361 990 1770 1917">
     <span class='ocr_line' id='line_1_12' title="bbox 424 990 1768 1052; baseline -0.001 -14"><span class='ocrx_word' id='word_1_97' title='bbox 424 996 566 1038; x_wconf 85' lang='lat' dir='ltr'>XXX.</span> <span class='ocrx_word' id='word_1_98' title='bbox 602 994 688 1039; x_wconf 89' lang='lat' dir='ltr'>Sed</span> <span class='ocrx_word' id='word_1_99' title='bbox 721 994 754 1038; x_wconf 88' lang='lat' dir='ltr'>si</span> <span class='ocrx_word' id='word_1_100' title='bbox 793 992 1063 1039; x_wconf 82' lang='lat' dir='ltr'>credibiliter</span> <span class='ocrx_word' id='word_1_101' title='bbox 1094 992 1256 1038; x_wconf 88' lang='lat' dir='ltr'>dicitur</span> <span class='ocrx_word' id='word_1_102' title='bbox 1285 1008 1381 1038; x_wconf 87' lang='grc'>63111</span> <span class='ocrx_word' id='word_1_103' title='bbox 1414 992 1648 1052; x_wconf 81' lang='lat' dir='ltr'>significari</span> <span class='ocrx_word' id='word_1_104' title='bbox 1683 990 1768 1037; x_wconf 90' lang='lat' dir='ltr'>illis</span> 
     </span>
     <span class='ocr_line' id='line_1_13' title="bbox 364 1065 1770 1127; baseline 0 -16"><span class='ocrx_word' id='word_1_105' title='bbox 364 1065 508 1111; x_wconf 87' lang='lat' dir='ltr'>verbis</span> <span class='ocrx_word' id='word_1_106' title='bbox 523 1101 534 1122; x_wconf 83' lang='lat'>‚</span> <span class='ocrx_word' id='word_1_107' title='bbox 575 1086 596 1109; x_wconf 90' lang='lat'>«</span> <span class='ocrx_word' id='word_1_108' title='bbox 627 1069 759 1111; x_wconf 91' lang='lat' dir='ltr'>Terra</span> <span class='ocrx_word' id='word_1_109' title='bbox 780 1076 928 1111; x_wconf 88' lang='lat' dir='ltr'>autem</span> <span class='ocrx_word' id='word_1_110' title='bbox 950 1076 1042 1111; x_wconf 88' lang='lat' dir='ltr'>erat</span> <span class='ocrx_word' id='word_1_111' title='bbox 1064 1066 1293 1112; x_wconf 89' lang='lat' dir='ltr'>invisibilis</span> <span class='ocrx_word' id='word_1_112' title='bbox 1316 1076 1360 1111; x_wconf 90' lang='lat' dir='ltr'>et</span> <span class='ocrx_word' id='word_1_113' title='bbox 1380 1066 1669 1127; x_wconf 85' lang='lat' dir='ltr'>incomposita</span> <span class='ocrx_word' id='word_1_114' title='bbox 1687 1101 1698 1122; x_wconf 96' lang='grc'>,</span> <span class='ocrx_word' id='word_1_115' title='bbox 1725 1075 1770 1111; x_wconf 86' lang='grc'>61</span> 
     </span>
     <span class='ocr_line' id='line_1_14' title="bbox 367 1136 1768 1199; baseline 0.001 -18"><span class='ocrx_word' id='word_1_116' title='bbox 367 1156 388 1179; x_wconf 91' lang='lat'>»</span> <span class='ocrx_word' id='word_1_117' title='bbox 422 1138 618 1182; x_wconf 83' lang='lat' dir='ltr'>tenebrae</span> <span class='ocrx_word' id='word_1_118' title='bbox 639 1148 766 1183; x_wconf 87' lang='lat' dir='ltr'>erant</span> <span class='ocrx_word' id='word_1_119' title='bbox 785 1154 916 1199; x_wconf 88' lang='lat' dir='ltr'>super</span> <span class='ocrx_word' id='word_1_120' title='bbox 935 1139 1143 1198; x_wconf 84' lang='lat' dir='ltr'>abyssum</span> <span class='ocrx_word' id='word_1_121' title='bbox 1162 1159 1174 1197; x_wconf 90' lang='grc'>·,</span> <span class='ocrx_word' id='word_1_122' title='bbox 1198 1148 1242 1183; x_wconf 90' lang='grc'>61</span> <span class='ocrx_word' id='word_1_123' title='bbox 1266 1138 1449 1199; x_wconf 83' lang='lat' dir='ltr'>Spiritus</span> <span class='ocrx_word' id='word_1_124' title='bbox 1468 1139 1545 1183; x_wconf 88' lang='lat' dir='ltr'>Dei</span> <span class='ocrx_word' id='word_1_125' title='bbox 1567 1136 1768 1199; x_wconf 88' lang='lat' dir='ltr'>superfe-</span> 
     </span>
     <span class='ocr_line' id='line_1_15' title="bbox 366 1209 1770 1271; baseline 0.003 -21"><span class='ocrx_word' id='word_1_126' title='bbox 366 1227 388 1250; x_wconf 86' lang='lat'>»</span> <span class='ocrx_word' id='word_1_127' title='bbox 423 1209 604 1255; x_wconf 88' lang='lat' dir='ltr'>rebatur</span> <span class='ocrx_word' id='word_1_128' title='bbox 626 1226 756 1271; x_wconf 86' lang='lat' dir='ltr'>super</span> <span class='ocrx_word' id='word_1_129' title='bbox 777 1225 941 1271; x_wconf 87' lang='lat' dir='ltr'>aquam</span> <span class='ocrx_word' id='word_1_130' title='bbox 958 1213 969 1235; x_wconf 86' lang='lat'>¹</span> <span class='ocrx_word' id='word_1_131' title='bbox 987 1231 998 1269; x_wconf 74' lang='lat'>3</span> <span class='ocrx_word' id='word_1_132' title='bbox 1026 1229 1047 1252; x_wconf 85' lang='lat'>»</span> <span class='ocrx_word' id='word_1_133' title='bbox 1074 1220 1124 1254; x_wconf 91' lang='lat' dir='ltr'>ut</span> <span class='ocrx_word' id='word_1_134' title='bbox 1140 1219 1322 1271; x_wconf 82' lang='lat' dir='ltr'>excepto</span> <span class='ocrx_word' id='word_1_135' title='bbox 1344 1210 1467 1271; x_wconf 85' lang='lat' dir='ltr'>quod</span> <span class='ocrx_word' id='word_1_136' title='bbox 1487 1210 1549 1254; x_wconf 89' lang='lat' dir='ltr'>ibi</span> <span class='ocrx_word' id='word_1_137' title='bbox 1577 1211 1770 1270; x_wconf 89' lang='lat' dir='ltr'>positum</span> 
     </span>
     <span class='ocr_line' id='line_1_16' title="bbox 364 1281 1770 1345; baseline 0.001 -19"><span class='ocrx_word' id='word_1_138' title='bbox 364 1290 428 1326; x_wconf 86' lang='lat' dir='ltr'>cst</span> <span class='ocrx_word' id='word_1_139' title='bbox 455 1282 511 1327; x_wconf 87' lang='lat' dir='ltr'>de</span> <span class='ocrx_word' id='word_1_140' title='bbox 532 1283 696 1343; x_wconf 87' lang='lat' dir='ltr'>Spiritu</span> <span class='ocrx_word' id='word_1_141' title='bbox 713 1283 808 1339; x_wconf 82' lang='lat' dir='ltr'>Dei,</span> <span class='ocrx_word' id='word_1_142' title='bbox 826 1292 983 1328; x_wconf 82' lang='lat' dir='ltr'>caetera</span> <span class='ocrx_word' id='word_1_143' title='bbox 1007 1299 1155 1327; x_wconf 90' lang='lat' dir='ltr'>rerum</span> <span class='ocrx_word' id='word_1_144' title='bbox 1173 1282 1353 1345; x_wconf 88' lang='lat' dir='ltr'>quidem</span> <span class='ocrx_word' id='word_1_145' title='bbox 1375 1281 1615 1329; x_wconf 86' lang='lat' dir='ltr'>visibilium</span> <span class='ocrx_word' id='word_1_146' title='bbox 1642 1297 1770 1327; x_wconf 89' lang='lat' dir='ltr'>voca-</span> 
     </span>
     <span class='ocr_line' id='line_1_17' title="bbox 362 1353 1766 1415; baseline 0.001 -18"><span class='ocrx_word' id='word_1_147' title='bbox 362 1353 491 1410; x_wconf 75' lang='lat' dir='ltr'>bula,</span> <span class='ocrx_word' id='word_1_148' title='bbox 518 1355 594 1399; x_wconf 89' lang='lat' dir='ltr'>sed</span> <span class='ocrx_word' id='word_1_149' title='bbox 617 1355 672 1400; x_wconf 87' lang='lat' dir='ltr'>ad</span> <span class='ocrx_word' id='word_1_150' title='bbox 698 1354 819 1400; x_wconf 90' lang='lat' dir='ltr'>illam</span> <span class='ocrx_word' id='word_1_151' title='bbox 841 1355 1183 1412; x_wconf 76' lang='lat' dir='ltr'>informitatem,</span> <span class='ocrx_word' id='word_1_152' title='bbox 1209 1364 1261 1399; x_wconf 92' lang='lat' dir='ltr'>ut</span> <span class='ocrx_word' id='word_1_153' title='bbox 1284 1354 1549 1400; x_wconf 83' lang='lat' dir='ltr'>tardioribus</span> <span class='ocrx_word' id='word_1_154' title='bbox 1572 1363 1766 1415; x_wconf 83' lang='lat' dir='ltr'>poterat,</span> 
     </span>
     <span class='ocr_line' id='line_1_18' title="bbox 362 1426 1766 1489; baseline 0.001 -19"><span class='ocrx_word' id='word_1_155' title='bbox 362 1426 674 1472; x_wconf 83' lang='lat' dir='ltr'>insinuandam</span> <span class='ocrx_word' id='word_1_156' title='bbox 692 1428 810 1473; x_wconf 88' lang='lat' dir='ltr'>dicta</span> <span class='ocrx_word' id='word_1_157' title='bbox 830 1428 1153 1489; x_wconf 84' lang='lat' dir='ltr'>intelligamus:</span> <span class='ocrx_word' id='word_1_158' title='bbox 1179 1428 1281 1489; x_wconf 85' lang='lat' dir='ltr'>quia</span> <span class='ocrx_word' id='word_1_159' title='bbox 1308 1428 1402 1472; x_wconf 85' lang='lat' dir='ltr'>haec</span> <span class='ocrx_word' id='word_1_160' title='bbox 1425 1427 1515 1472; x_wconf 89' lang='lat' dir='ltr'>duo</span> <span class='ocrx_word' id='word_1_161' title='bbox 1533 1426 1766 1483; x_wconf 81' lang='lat' dir='ltr'>elementa,</span> 
     </span>
     <span class='ocr_line' id='line_1_19' title="bbox 362 1497 1769 1562; baseline 0 -20"><span class='ocrx_word' id='word_1_162' title='bbox 362 1497 408 1542; x_wconf 90' lang='lat' dir='ltr'>id</span> <span class='ocrx_word' id='word_1_163' title='bbox 429 1508 517 1555; x_wconf 81' lang='lat' dir='ltr'>est,</span> <span class='ocrx_word' id='word_1_164' title='bbox 554 1508 667 1544; x_wconf 85' lang='lat' dir='ltr'>terra</span> <span class='ocrx_word' id='word_1_165' title='bbox 695 1508 753 1544; x_wconf 72' lang='lat' dir='ltr'>et·</span> <span class='ocrx_word' id='word_1_166' title='bbox 770 1517 883 1561; x_wconf 86' lang='lat' dir='ltr'>aqua</span> <span class='ocrx_word' id='word_1_167' title='bbox 900 1536 911 1556; x_wconf 75' lang='grc'>,</span> <span class='ocrx_word' id='word_1_168' title='bbox 942 1500 997 1544; x_wconf 88' lang='lat' dir='ltr'>ad</span> <span class='ocrx_word' id='word_1_169' title='bbox 1020 1500 1187 1562; x_wconf 89' lang='lat' dir='ltr'>aliquid</span> <span class='ocrx_word' id='word_1_170' title='bbox 1208 1499 1462 1545; x_wconf 89' lang='lat' dir='ltr'>faciendum</span> <span class='ocrx_word' id='word_1_171' title='bbox 1491 1499 1769 1560; x_wconf 80' lang='lat' dir='ltr'>operantium</span> 
     </span>
     <span class='ocr_line' id='line_1_20' title="bbox 361 1570 1769 1630; baseline 0 -17"><span class='ocrx_word' id='word_1_172' title='bbox 361 1570 566 1614; x_wconf 88' lang='lat' dir='ltr'>manibus</span> <span class='ocrx_word' id='word_1_173' title='bbox 588 1570 882 1616; x_wconf 87' lang='lat' dir='ltr'>tractabiliora</span> <span class='ocrx_word' id='word_1_174' title='bbox 912 1580 1015 1616; x_wconf 86' lang='lat' dir='ltr'>sunt</span> <span class='ocrx_word' id='word_1_175' title='bbox 1039 1571 1229 1627; x_wconf 59' lang='lat' dir='ltr'>caeteris,</span> <span class='ocrx_word' id='word_1_176' title='bbox 1267 1580 1311 1615; x_wconf 87' lang='lat' dir='ltr'>et</span> <span class='ocrx_word' id='word_1_177' title='bbox 1331 1570 1430 1616; x_wconf 89' lang='lat' dir='ltr'>ideo</span> <span class='ocrx_word' id='word_1_178' title='bbox 1455 1570 1769 1630; x_wconf 82' lang='lat' dir='ltr'>congruentius</span> 
     </span>
     <span class='ocr_line' id='line_1_21' title="bbox 362 1640 1768 1699; baseline 0 -15"><span class='ocrx_word' id='word_1_179' title='bbox 362 1641 452 1685; x_wconf 89' lang='lat' dir='ltr'>istis</span> <span class='ocrx_word' id='word_1_180' title='bbox 480 1641 733 1686; x_wconf 89' lang='lat' dir='ltr'>nominibus</span> <span class='ocrx_word' id='word_1_181' title='bbox 756 1641 830 1686; x_wconf 88' lang='lat' dir='ltr'>illa</span> <span class='ocrx_word' id='word_1_182' title='bbox 854 1642 1160 1687; x_wconf 85' lang='lat' dir='ltr'>insinuabatur</span> <span class='ocrx_word' id='word_1_183' title='bbox 1186 1640 1445 1687; x_wconf 86' lang='lat' dir='ltr'>informitas.</span> <span class='ocrx_word' id='word_1_184' title='bbox 1481 1641 1523 1686; x_wconf 89' lang='lat' dir='ltr'>Si</span> <span class='ocrx_word' id='word_1_185' title='bbox 1551 1642 1635 1685; x_wconf 91' lang='lat' dir='ltr'>hoc</span> <span class='ocrx_word' id='word_1_186' title='bbox 1667 1654 1768 1699; x_wconf 83' lang='lat' dir='ltr'>ergo</span> 
     </span>
     <span class='ocr_line' id='line_1_22' title="bbox 361 1712 1768 1774; baseline -0.001 -17"><span class='ocrx_word' id='word_1_187' title='bbox 361 1712 650 1772; x_wconf 84' lang='lat' dir='ltr'>probabiliter</span> <span class='ocrx_word' id='word_1_188' title='bbox 672 1714 849 1769; x_wconf 78' lang='lat' dir='ltr'>dicitur,</span> <span class='ocrx_word' id='word_1_189' title='bbox 871 1729 963 1758; x_wconf 87' lang='lat' dir='ltr'>non</span> <span class='ocrx_word' id='word_1_190' title='bbox 981 1723 1072 1758; x_wconf 88' lang='lat' dir='ltr'>erat</span> <span class='ocrx_word' id='word_1_191' title='bbox 1090 1713 1237 1774; x_wconf 83' lang='lat' dir='ltr'>aliqua</span> <span class='ocrx_word' id='word_1_192' title='bbox 1256 1714 1442 1758; x_wconf 71' lang='lat' dir='ltr'>formata</span> <span class='ocrx_word' id='word_1_193' title='bbox 1459 1712 1613 1768; x_wconf 83' lang='lat' dir='ltr'>moles,</span> <span class='ocrx_word' id='word_1_194' title='bbox 1634 1728 1768 1774; x_wconf 88' lang='lat' dir='ltr'>quam</span> 
     </span>
     <span class='ocr_line' id='line_1_23' title="bbox 362 1783 1763 1845; baseline 0 -16"><span class='ocrx_word' id='word_1_195' title='bbox 362 1783 439 1829; x_wconf 86' lang='lat' dir='ltr'>lux</span> <span class='ocrx_word' id='word_1_196' title='bbox 460 1801 511 1829; x_wconf 85' lang='lat' dir='ltr'>ex</span> <span class='ocrx_word' id='word_1_197' title='bbox 541 1801 630 1830; x_wconf 86' lang='lat' dir='ltr'>una</span> <span class='ocrx_word' id='word_1_198' title='bbox 659 1795 783 1845; x_wconf 91' lang='lat' dir='ltr'>parte</span> <span class='ocrx_word' id='word_1_199' title='bbox 810 1784 1059 1842; x_wconf 79' lang='lat' dir='ltr'>illustrans,</span> <span class='ocrx_word' id='word_1_200' title='bbox 1096 1802 1147 1830; x_wconf 86' lang='lat' dir='ltr'>ex</span> <span class='ocrx_word' id='word_1_201' title='bbox 1179 1785 1314 1830; x_wconf 88' lang='lat' dir='ltr'>altera</span> <span class='ocrx_word' id='word_1_202' title='bbox 1348 1784 1511 1830; x_wconf 85' lang='lat' dir='ltr'>faceret</span> <span class='ocrx_word' id='word_1_203' title='bbox 1537 1785 1763 1842; x_wconf 80' lang='lat' dir='ltr'>tenebras,</span> 
     </span>
     <span class='ocr_line' id='line_1_24' title="bbox 361 1854 1385 1917; baseline 0 -16"><span class='ocrx_word' id='word_1_204' title='bbox 361 1856 482 1902; x_wconf 86' lang='lat' dir='ltr'>unde</span> <span class='ocrx_word' id='word_1_205' title='bbox 502 1865 648 1917; x_wconf 86' lang='lat' dir='ltr'>posset</span> <span class='ocrx_word' id='word_1_206' title='bbox 663 1872 749 1902; x_wconf 85' lang='lat' dir='ltr'>nox</span> <span class='ocrx_word' id='word_1_207' title='bbox 771 1854 843 1901; x_wconf 91' lang='lat' dir='ltr'>die</span> <span class='ocrx_word' id='word_1_208' title='bbox 864 1855 1115 1902; x_wconf 84' lang='lat' dir='ltr'>discedente</span> <span class='ocrx_word' id='word_1_209' title='bbox 1137 1856 1385 1902; x_wconf 87' lang='lat' dir='ltr'>succedere.</span> 
     </span>
    </p>
   </div>
   <div class='ocr_carea' id='block_1_2' title="bbox 414 1956 630 1996">
    <p class='ocr_par' dir='ltr' id='par_1_4' title="bbox 414 1956 630 1996">
     <span class='ocr_line' id='line_1_25' title="bbox 414 1956 630 1996; baseline -0.009 -9"><span class='ocrx_word' id='word_1_210' title='bbox 414 1961 422 1977; x_wconf 94' lang='lat'>¹</span> <span class='ocrx_word' id='word_1_211' title='bbox 445 1956 525 1987; x_wconf 84' lang='lat' dir='ltr'>Gen.</span> <span class='ocrx_word' id='word_1_212' title='bbox 546 1965 579 1996; x_wconf 87' lang='lat'>1,</span> <span class='ocrx_word' id='word_1_213' title='bbox 599 1961 630 1986; x_wconf 86' lang='lat'>2.</span> 
     </span>
    </p>
   </div>
  </div>
 </body>
</html>
