1854 3219
363 170 447 209 600
796 182 830 210 S.
871 184 1100 210 Atous’rmt
1133 183 1313 209 EmsCOPI

363 247 479 290 enim
502 245 585 289 dici
618 256 779 304 potest,
806 263 904 291 cum
933 263 1058 292 eausa
1086 248 1132 290 in
1163 261 1344 307 corpore
1369 258 1453 301 est,
1477 256 1580 291 tunc
1603 247 1742 290 anima

362 317 452 360 sine
481 315 568 360 ulla
592 318 882 375 praesensione
912 316 1158 363 futurorum
1186 334 1236 362 ex
1257 333 1300 362 se
1329 318 1418 377 ipsa
1444 331 1612 361 versare
1633 316 1744 360 ima-

363 387 482 445 gines
510 402 745 446 corporum
763 423 773 443 ‚
811 388 922 433 sicut
951 389 1081 433 etiam
1109 388 1341 448 cogitando
1376 404 1444 433 eas
1477 386 1610 445 solet,
1645 401 1747 431 cum

364 471 464 500 vero
499 457 543 500 in
571 473 621 501 ea
644 457 832 502 videnda
860 459 1013 518 spiritu
1039 460 1291 513 assumitur,
1323 457 1529 502 divinitus
1552 458 1646 502 haee
1670 456 1750 501 de-

362 528 592 572 monstrari
618 548 626 572 :
653 528 1009 589 quandoquidem
1032 540 1177 590 aperte
1203 530 1424 589 Scriptura
1446 530 1550 573 dicit
1571 549 1579 574 :
1619 549 1637 572 «
1670 527 1749 573 Ef-

368 616 387 641 ›.›
426 597 608 643 fundam
639 599 693 642 de
711 600 867 659 spiritu
897 615 995 645 meo
1017 616 1146 661 super
1177 615 1352 645 omnem
1387 616 1584 655 carnem,
1617 610 1661 644 et
1675 601 1750 660 ju-

365 688 387 712 »
422 686 551 715 venes
578 671 667 715 visa
693 671 930 727 videbunt,
956 682 999 716 et
1021 688 1141 717 senes
1161 672 1328 716 somnia
1350 671 1630 716 somniabunt
1656 674 1668 697 ¹
1686 706 1696 726 ,
1727 690 1747 712 »

364 740 524 785 divinae
547 743 788 801 operationi
810 752 1046 803 utrumque
1068 743 1284 798 tribuens,
1305 751 1348 786 et
1364 741 1557 801 Angelus
1577 742 1753 786 Domini

365 813 565 871 apparuit
593 814 754 873 Joseph
781 813 827 857 in
852 814 1010 858 somnis
1027 849 1038 869 ,
1078 813 1225 858 dicens
1252 833 1261 859 :
1291 833 1312 855 «
1340 812 1439 858 Noli
1462 813 1613 857 timere
1641 813 1753 856 acei-

367 899 388 923 »
423 898 526 942 pere
560 883 741 928 Mariam
767 885 998 945 conjugem
1028 893 1165 928 tuam.
1204 902 1225 926 »
1260 886 1319 930 Et
1345 884 1532 942 iterum,
1573 903 1594 926 α
1632 881 1754 929 Tolle

368 970 389 993 »
423 968 610 1013 puerum
627 963 672 998 et
687 953 796 1000 vade
813 956 859 999 in
879 957 1125 1017 AEgyptum
1138 957 1171 1000 ².
1197 972 1217 996 n

365 1119 796 1138 mmmmssmmx

1008 1120 1753 1139 ΜΜΜΜΜΜΜΜἊΜΜΜΜᾺὫ

847 1256 1066 1307 CAPUT
1100 1258 1266 1305 XXII.

405 1410 662 1473 Quomodo
685 1413 972 1474 contingant
998 1413 1105 1456 visa
1133 1409 1241 1467 illa,
1266 1426 1329 1455 esc
1356 1408 1525 1469 quibus
1547 1408 1731 1455 divina-

548 1483 700 1528 tiones
715 1482 902 1529 occulto
925 1483 1152 1528 instincta
1172 1498 1255 1527 seu
1277 1481 1580 1546 caschactoe.

426 1632 560 1674 XLV.
589 1630 885 1684 ITAQUEbono
907 1629 1086 1690 quidem
1107 1630 1261 1690 spiritu
1277 1630 1436 1675 assumi
1458 1631 1660 1691 spiritum
1676 1632 1761 1676 ho-

368 1701 497 1744 minis
520 1699 571 1744 ad
602 1701 678 1744 has
702 1699 913 1745 videndas
935 1700 1165 1759 imagines,
1197 1700 1278 1745 nisi
1303 1700 1470 1762 aliquid
1493 1701 1758 1761 significent,

368 1788 459 1816 non
486 1781 620 1831 puto:
647 1787 747 1815 cum
768 1787 872 1816 vero
894 1771 939 1814 in
962 1787 1142 1831 corpore
1171 1788 1299 1817 causa
1330 1782 1420 1827 est,
1450 1782 1501 1817 ut
1529 1773 1576 1816 in
1603 1788 1673 1817 eas
1692 1789 1762 1817 ex-

366 1843 552 1902 pressius
568 1842 798 1887 intuendas
818 1843 1037 1887 humanus
1052 1842 1305 1887 intendatur
1325 1843 1517 1902 spiritus,
1539 1859 1629 1889 non
1646 1860 1762 1889 sem-

367 1929 446 1972 per
462 1912 626 1974 aliquid
643 1913 883 1971 significare
894 1912 1163 1957 credendum
1179 1923 1266 1958 est:
1285 1912 1361 1957 sed
1374 1923 1480 1958 tune
1495 1914 1758 1973 significant,
1797 1941 1802 1944 -

369 1999 470 2028 cum
502 1984 768 2043 inspirantur
793 1999 815 2027 a
845 1983 1170 2027 demonstrante
1194 1983 1371 2043 spiritu,
1397 1984 1483 2028 sive
1507 1985 1758 2041 dormienti,

369 2055 459 2098 sive
487 2054 654 2115 aliquid
679 2054 798 2099 aliud
826 2071 878 2099 ex
901 2071 1103 2114 corpore,
1135 2065 1184 2099 ut
1210 2072 1233 2099 a
1263 2056 1403 2100 carnis
1431 2056 1626 2101 sensibus
1658 2055 1762 2101 alie-

370 2135 574 2181 naretur,
601 2127 797 2186 patienti.
840 2125 1132 2185 Vigilantibus
1160 2126 1290 2170 etiam
1314 2142 1458 2187 neque
1490 2127 1582 2172 ullo
1606 2129 1762 2174 morbo

371 2196 566 2251 afflictis,
590 2212 671 2240 nec
701 2195 848 2240 furore
872 2197 1109 2256 exagitatis,
1142 2197 1315 2242 occulto
1338 2198 1529 2258 quodam
1551 2198 1762 2244 instinctu

370 2267 555 2326 ingestas
572 2283 661 2310 esse
684 2267 979 2325 cogitationes,
999 2283 1105 2327 quas
1127 2268 1370 2327 promendo
1393 2267 1653 2324 divinarent,
1671 2285 1761 2314 non

368 2336 510 2382 solum
534 2336 654 2380 aliud
674 2347 864 2396 agentes,
886 2339 997 2382 sicut
1018 2339 1206 2398 Cai'phas
1222 2338 1418 2399 pontifex
1437 2340 1756 2399 prophetavit³‚

367 2422 469 2452 cum
496 2409 586 2468 ejus
607 2408 790 2452 intentio
819 2424 909 2452 non
931 2408 1112 2453 haberet
1131 2408 1405 2454 voluntatem
1427 2409 1718 2470 prophetandi
1735 2445 1749 2466 ‚

417 2524 425 2540 ¹
446 2516 651 2558 1051.u,28.
674 2535 716 2540 —
736 2525 749 2540 ²
771 2517 883 2551 natth.
906 2529 928 2560 ι,
951 2527 1007 2559 20,
1029 2523 1061 2551 et
1080 2530 1113 2559 n,
1132 2518 1183 2551 13.
1204 2534 1245 2541 -
1266 2515 1280 2541 3
1300 2520 1392 2550 Joan.
1416 2529 1461 2556 n,
1487 2518 1543 2551 51.
