1854 3219
380 184 461 221 258
817 198 849 222 s.
888 195 1119 224 AUGUS'MNI
1154 199 1332 224 Episcopi

376 259 481 319 poni
503 259 657 318 possit,
675 274 774 319 quae
792 259 975 319 singulae
997 262 1150 306 senarii
1172 271 1317 322 partes
1347 270 1451 305 sunt
1476 261 1636 321 quibus
1665 277 1772 306 con-

376 339 480 385 stat,
507 346 647 374 unum
679 340 818 387 sexta,
845 330 934 376 duo
971 332 1117 388 tertia,
1144 334 1224 378 tria
1255 332 1461 377 dimidia:
1493 332 1553 377 ita
1581 349 1670 378 uno
1701 333 1772 378 die

374 401 489 446 facta
524 411 588 447 est
611 401 709 457 lux,
737 401 912 448 duobus
946 413 1092 448 autem
1121 404 1406 465 sequentibus
1428 403 1592 448 l'abrica
1615 403 1772 448 mundi

373 473 520 534 liujus,
536 489 626 518 uno
643 474 840 534 superior
857 490 970 534 pars,
988 475 1034 519 id
1047 484 1124 531 est,
1142 476 1485 530 firmamentum,
1504 473 1640 519 altero
1653 473 1769 518 infe-

373 545 476 601 rior,
507 544 552 590 id
575 555 654 601 est,
678 562 797 591 mare
819 556 863 591 et
884 556 1025 593 terra:
1051 548 1130 592 sed
1154 556 1323 607 partem
1345 547 1614 606 superiorem
1638 544 1771 591 nullis

371 616 682 663 alimentorum
709 618 1003 680 corporalium
1035 619 1269 680 generibus
1298 618 1521 679 implevit,
1548 619 1650 680 quia
1681 634 1772 664 non

370 688 434 733 ibi
456 698 549 734 erat
576 690 799 750 positurus
831 707 1015 752 corpora
1049 691 1126 736 tali
1159 690 1397 735 refectione
1431 689 1704 750 indigentia3
1729 698 1773 734 at

370 760 640 818 inferiorem,
657 778 792 823 quam
804 763 885 809 sibi
898 763 1246 823 congruentibus
1260 762 1523 807 animalibus
1538 771 1773 807 ornaturus

370 841 484 888 erat,
505 834 754 879 necessariis
774 850 927 880 eorum
949 833 1203 894 indigentiae
1227 834 1335 878 cibis
1363 842 1464 878 ante
1490 832 1661 878 ditavit.
1690 836 1774 878 Re-

367 902 500 963 liquis
521 919 625 965 ergo
647 905 788 950 tribus
809 904 968 950 diebus
987 922 1037 951 ea
1062 915 1207 951 creata
1229 914 1354 961 sunt,
1381 922 1482 967 quae
1504 905 1619 950 intra
1637 921 1772 950 mun-

368 973 499 1031 dum,
524 976 571 1021 id
593 986 678 1033 est,
703 977 817 1023 intra
838 978 969 1023 istam
997 978 1328 1023 universitatem
1355 977 1573 1024 visibilem
1604 993 1657 1022 ex
1685 976 1774 1022 ele-

367 1047 523 1092 mentis
546 1049 752 1094 omnibus
768 1048 947 1105 factam,
972 1049 1158 1095 visibilia
1179 1050 1267 1095 suis
1285 1059 1328 1094 et
1351 1049 1557 1108 congruis
1578 1048 1772 1093 motibus

369 1128 625 1177 agerentur3
659 1121 801 1180 primo
828 1121 875 1165 in
912 1122 1190 1166 firmamento
1226 1120 1483 1176 luminaria,
1516 1120 1619 1181 quia
1652 1119 1773 1180 prius

367 1199 460 1234 erat
481 1189 649 1235 factum
670 1192 1027 1244 firmamentum3
1048 1191 1208 1236 deinde
1226 1192 1272 1236 in
1289 1191 1495 1236 inferiore
1513 1190 1769 1246 animantia,

304 1301 307 1304 .
367 1262 480 1307 sicut
500 1263 609 1309 ordo
631 1265 721 1324 ipse
743 1265 967 1325 poscebat,
992 1281 1083 1310 uno
1113 1264 1200 1321 die,
1227 1280 1470 1325 aquarum3
1496 1264 1604 1320 alio,
1632 1274 1772 1309 terra-

367 1348 481 1378 rum.
502 1337 592 1381 Nec
616 1336 848 1397 quisquam
873 1337 934 1382 ita
961 1335 1142 1381 demens
1159 1346 1240 1393 est,
1266 1346 1316 1381 ut
1339 1337 1498 1381 audeat
1520 1336 1664 1381 dicere
1681 1352 1773 1381 non

367 1405 560 1464 potuisse
590 1411 732 1452 Deum
765 1407 909 1454 facere
942 1425 1033 1453 uno
1065 1408 1135 1453 die
1168 1418 1351 1463 cuncta,
1384 1409 1417 1452 si
1445 1408 1605 1467 vellet3
1637 1417 1713 1453 aut
1737 1407 1772 1452 si

366 1476 499 1522 vellet
521 1478 676 1535 biduo⁷
701 1496 792 1525 uno
815 1479 885 1525 die
906 1480 1145 1541 spiritalem
1163 1490 1430 1535 creaturam,
1453 1488 1496 1524 et
1514 1480 1599 1525 alio
1615 1495 1773 1540 corpo-

368 1548 533 1608 ralem3
556 1550 646 1595 sive
666 1567 756 1596 uno
785 1551 855 1595 die
879 1551 1043 1596 coelum
1065 1567 1168 1596 cum
1190 1551 1396 1596 omnibus
1419 1551 1768 1611 pertinentibus,

368 1629 413 1664 et
435 1619 520 1665 alio
551 1630 710 1667 terram
738 1638 838 1666 cum
868 1623 1072 1668 omnibus
1094 1639 1194 1684 quae
1222 1623 1269 1667 in
1293 1639 1343 1667 ea
1371 1632 1501 1681 sunt3
1526 1633 1570 1667 et
1591 1622 1771 1667 omnino

366 1691 547 1751 quando
577 1691 730 1749 vellet,
756 1693 956 1754 quandiu
985 1693 1141 1749 vellet,
1162 1703 1206 1738 et
1226 1692 1453 1754 quomodo
1487 1693 1645 1739 vellet:
1672 1694 1772 1754 quis

366 1772 431 1808 est
447 1765 524 1825 qui
540 1764 657 1810 dicat
672 1764 890 1811 voluntati
907 1766 998 1826 ejus
1016 1764 1186 1826 aliquid
1209 1765 1402 1825 potuisse
1420 1766 1652 1810 resistere?

873 2036 1092 2086 CAPUT
1132 2040 1230 2086 HI.
1272 2026 1275 2029 ’

371 2190 450 2237 De
487 2207 544 2237 eo
579 2191 712 2252 quod
738 2194 969 2254 scriptum
999 2197 1048 2238 ιή
1080 2195 1241 2254 capite
1275 2212 1322 2238 Χῖ
1342 2228 1354 2250 ,
1386 2201 1436 2238 21
1466 2193 1765 2254 Sapientiae:

637 2266 797 2311 Omnia
817 2267 864 2310 in
885 2282 1107 2323 mensura,
1129 2276 1173 2311 et
1189 2282 1390 2322 numero,
1414 2275 1498 2312 etc.

431 2403 532 2446 VII.
558 2404 847 2455 QUAPROPTER
869 2418 970 2447 cum
1001 2418 1103 2446 eum
1124 2402 1312 2461 legimus
1337 2418 1409 2447 sex
1442 2403 1597 2447 diebus
1624 2403 1768 2447 omnia

370 2471 620 2532 perfecisse,
647 2483 691 2518 et
713 2475 931 2519 senarium
960 2489 1197 2519 numerum
1229 2473 1574 2529 considerantes,
1596 2474 1767 2518 inveni-

371 2559 468 2588 mus
485 2560 575 2589 essc
599 2544 863 2604 perfectum,
885 2554 1017 2605 atque
1038 2545 1096 2589 ita
1120 2554 1419 2590 creaturarum
1445 2545 1644 2590 ordinem
1667 2560 1768 2589 cur-
