1854 3219
345 218 400 246 DE
431 217 583 246 GENEs1
614 213 671 244 An
702 213 943 255 LITTERAM,
979 217 1061 244 Lm.
1099 216 1143 243 x.
1348 203 1427 242 511

42 284 244 338 interior,
275 281 384 327 alius
410 281 618 337 exterior,
655 279 888 341 dupliciter
915 297 1056 337 unus,
1090 279 1257 324 habens
1285 288 1332 324 et
1359 278 1433 323 ille

40 353 192 398 oculos
208 362 252 398 et
271 368 397 398 aures
419 368 540 408 suas,
568 352 730 413 quibus
750 351 941 411 populus
964 352 1201 397 Dominum
1221 350 1372 395 audire
1392 358 1437 394 et

40 423 190 469 videre
206 423 442 481 debuerat,
465 422 634 467 habens
656 431 702 467 et
728 432 909 468 caeteros
928 433 1062 479 artus,
1077 437 1157 483 per
1177 436 1289 483 quos
1317 431 1362 466 et
1388 421 1436 465 in

40 494 379 553 cogitationibus
393 494 534 538 utitur
549 527 561 549 ,
586 502 630 537 et
643 493 690 537 in
706 494 867 538 somnis
887 492 1086 553 fungitur
1098 495 1129 537 1.
1154 511 1176 534 »

99 567 241 610 XLII.
265 567 381 610 Ecce
402 565 565 626 quibus
587 563 766 608 auribus
783 573 827 608 et
848 564 1012 625 quibus
1029 563 1165 609 oculis
1183 561 1337 607 debuit
1358 577 1438 607 au·

41 635 134 681 dire
148 645 192 681 et
206 635 354 682 videre
371 639 511 681 Deum
528 635 733 697 populus,
755 635 916 696 quibus
933 636 1075 680 anima
1097 635 1143 679 in
1160 633 1321 679 somnis
1335 633 1440 678 fun-

43 706 160 766 gitur
187 725 196 752 :
222 720 326 751 'cum
341 706 376 751 si
404 706 549 767 ipsum
582 705 902 750 Tertullianum
937 705 1170 766 quisquam
1189 704 1358 749 videret
1393 705 1441 749 in

42 776 203 822 somnis
219 812 230 834 ,
265 792 496 837 nunquam
516 792 561 821 se
583 775 747 821 diceret
769 775 824 820 ab
847 791 898 820 eo
915 776 1079 832 visum,
1106 785 1150 820 et
1171 790 1273 820 cum
1299 790 1353 821 eo
1371 776 1439 820 lo-

42 856 211 904 cutum,
232 863 365 909 quem
376 847 564 893 vicissim
581 846 673 907 ipse
686 862 776 891 non
790 845 983 891 vidisset.
1006 850 1230 891 Postremo
1242 846 1276 889 si
1294 846 1440 890 anima

41 933 87 963 56
107 918 245 979 ipsam
265 917 385 963 videt
400 918 447 961 in
467 917 628 962 somnis
644 953 655 973 ,
676 932 777 963 cum
789 916 1039 978 jacentibus
1058 917 1213 976 utique
1231 915 1320 961 uno
1342 916 1440 961 loco

42 989 248 1034 membris
269 988 461 1050 corporis
482 989 548 1033 sui
561 1024 571 1044 ,
598 989 688 1048 ipsa
709 1004 789 1049 per
810 988 950 1034 varias
978 988 1186 1046 imagines
1207 996 1437 1046 evagatur,

43 1075 151 1120 quas
162 1058 298 1116 videt,
319 1059 417 1120 quis
430 1074 526 1103 eam
542 1058 651 1104 vidit
666 1057 903 1119 aliquando
924 1058 969 1102 in
983 1058 1143 1102 somnis
1166 1057 1269 1102 ae'rii
1286 1057 1442 1102 coloris

44 1145 94 1175 ac
109 1129 266 1186 lucidi,
289 1130 372 1175 nisi
391 1129 507 1175 forte
530 1138 582 1174 ut
613 1138 770 1174 caetera
800 1145 900 1190 quae
927 1129 1124 1174 similiter
1151 1127 1261 1173 salso
1292 1127 1443 1173 videt?

43 1203 154 1247 Nam
180 1209 224 1245 et
247 1201 332 1246 hoc
350 1210 496 1261 potest
513 1201 662 1246 videre
689 1220 698 1246 :
724 1199 802 1246 sed
823 1201 937 1245 absit
952 1210 1006 1248 ut
1028 1215 1124 1246 eam
1152 1200 1284 1245 talem
1299 1236 1310 1256 ,
1339 1215 1442 1245 cum

43 1271 336 1332 evigilaverit,
361 1271 511 1318 credat
550 1292 560 1318 z
586 1272 783 1334 alioquin
811 1274 992 1334 quando
1021 1289 1066 1319 se
1095 1272 1220 1317 aliter
1254 1272 1413 1318 viderit
1429 1307 1440 1328 ,

43 1341 164 1403 quod
182 1343 319 1402 magis
341 1343 547 1388 crebrum
564 1353 649 1399 est,
676 1353 752 1388 aut
773 1353 944 1388 mutata
966 1344 1047 1388 erit
1065 1344 1209 1388 anima
1224 1344 1338 1404 ejus,
1365 1351 1444 1387 aut

43 1426 124 1457 nec
145 1421 254 1456 tunc
276 1413 433 1455 animae
462 1413 638 1456 videtur
667 1414 910 1456 substantia
928 1446 939 1467 ,
971 1414 1047 1456 sed
1078 1415 1228 1472 imago
1250 1413 1444 1471 corporis

44 1482 321 1541 incorporea,
345 1497 445 1542 quae
477 1482 589 1526 miro
610 1481 746 1527 modo
779 1483 891 1527 sicut
918 1483 965 1526 in
988 1482 1251 1541 cogitatione
1276 1481 1444 1528 sorma-

44 1561 132 1597 tur.
155 1551 262 1606 Quis
283 1551 400 1596 enim
417 1552 620 1611 AEthiops
641 1566 732 1596 non
753 1566 867 1611 pene
883 1567 1052 1612 semper
1074 1554 1248 1611 nigrum
1270 1568 1316 1597 se
1332 1553 1445 1598 vidit

45 1623 92 1667 in
111 1621 274 1668 somnis
291 1642 302 1680 3
320 1631 397 1667 aut
416 1622 452 1667 si
468 1623 515 1666 in
531 1621 616 1667 alio
631 1621 776 1666 colore
792 1637 838 1666 se
854 1621 965 1666 vidit
976 1657 987 1678 ,
1008 1637 1098 1666 non
1110 1624 1244 1679 magis
1261 1623 1443 1666 miratus

46 1703 112 1738 est
127 1728 138 1750 ,
163 1693 199 1738 si
221 1691 306 1738 fuit
327 1708 430 1738 cum
447 1692 524 1737 illo
545 1693 782 1737 memoria?
802 1693 933 1737 Aerio
959 1702 1108 1737 tamen
1131 1691 1278 1737 colore
1298 1708 1347 1737 ac
1367 1692 1441 1737 lu-

47 1764 146 1810 cido
162 1764 309 1810 nescio
324 1773 475 1809 utrum
491 1780 535 1809 se
550 1779 748 1825 unquam
763 1763 963 1821 vidisset,
978 1764 1013 1809 si
1042 1779 1274 1826 nunquam
1306 1764 1441 1809 istum

47 1835 235 1895 legisset,
253 1834 326 1880 vel
338 1834 543 1879 audisset.

106 1909 271 1951 XLIII.
292 1904 411 1961 Quid
431 1906 553 1967 quod
569 1906 795 1951 ducuntur
808 1907 1006 1951 homines
1023 1906 1184 1952 talibus
1200 1907 1300 1952 visis
1323 1915 1368 1952 et
1388 1905 1443 1951 de

51 1977 284 2038 Scripturis
305 1976 433 2022 nobis
441 1976 604 2022 ‘volunt
619 1977 917 2037 praescribere,
933 1976 1019 2021 tale
1036 1977 1202 2038 aliquid
1220 1993 1310 2022 6556
1322 2013 1333 2034 ,
1353 1993 1444 2022 non

50 2049 261 2105 animam,
300 2048 378 2093 sed
404 2049 548 2108 ipsum
571 2051 733 2104 Deum,
759 2047 900 2110 qualis
929 2047 1170 2108 figuraliter
1192 2058 1444 2094 sanctorum

51 2120 271 2180 spiritibus
299 2118 621 2164 demonstratus
643 2127 707 2164 est
726 2155 736 2175 ,
764 2118 904 2180 qualis
930 2120 1061 2164 etiam
1087 2119 1134 2163 in
1156 2135 1354 2165 sermone
1377 2120 1443 2165 al-

51 2190 242 2250 legorico
263 2190 473 2250 ponitur?
494 2190 650 2235 similia
667 2190 830 2251 quippe
849 2200 951 2236 sunt
962 2189 1036 2236 illa
1057 2191 1147 2237 visa
1167 2191 1329 2237 talibus
1347 2191 1443 2261 dig:-

51 2261 123 2307 tis.
148 2263 212 2306 Ac
232 2260 292 2305 sie
319 2270 487 2316 errant,
519 2260 833 2305 constituentes
864 2261 911 2304 in
941 2260 1072 2306 corde
1101 2277 1180 2307 suo
1213 2261 1444 2308 simulacra

52 2344 177 2379 vanae
200 2330 442 2392 opinionis,
467 2345 547 2376 nec
575 2331 868 2391 intelligentes
884 2333 943 2376 ita
971 2342 1141 2378 sanctos
1162 2334 1217 2378 de
1238 2333 1324 2379 suis
1344 2334 1444 2379 visis

0 2451 1 2455 ,
54 2401 215 2450 talibus
232 2402 469 2464 judicasse,
494 2402 683 2464 qualiter
703 2403 952 2464 judicarent
977 2405 1011 2449 si
1032 2404 1137 2450 talia
1164 2405 1372 2451 divinitus
1396 2405 1444 2449 in

0 2497 2 2551 l

0 2556 1 2605 l

0 2660 5 2667 Α

55 2476 206 2536 figuris
223 2473 341 2520 dicta
360 2474 556 2535 legerent
571 2509 582 2530 ‚
617 2473 688 2520 vel
709 2474 915 2521 audirent
939 2493 949 2522 t
979 2475 1090 2522 sicut
1116 2485 1283 2537 septem
1310 2476 1442 2537 spicae

105 2568 116 2586 ¹
137 2559 359 2597 Tertullianus
374 2560 408 2594 in
421 2559 481 2594 lib.
498 2559 542 2595 de
558 2560 694 2603 Anima,
711 2570 785 2604 cap.
805 2572 850 2595 ix.
