1854 3219
392 255 445 281 nn
477 249 631 280 omnm
664 247 720 277 AD
753 247 998 289 mmmmm,
1033 249 1117 279 LIB.
1152 251 1212 278 ιν.
1396 239 1479 279 263

96 319 172 374 lis,
197 317 273 363 sed
298 333 348 362 ea
369 333 469 378 quae
489 315 700 370 vidimus,
728 314 797 360 vel
821 330 871 359 ex
899 316 958 359 eis
987 332 1085 376 quae
1111 314 1299 361 vidimus
1324 315 1482 376 imagi-

97 390 244 434 nando
274 389 527 447 cogitamus,
566 384 803 439 Quomodo
831 400 934 444 ergo
965 385 1044 430 ista
1083 386 1304 443 cernebat,
1335 396 1386 432 ut
1424 388 1483 433 ita

97 459 375 520 disponeret?
397 460 512 514 Quo,
535 456 618 501 nisi
639 471 691 501 eo
712 471 802 516 quo
824 454 940 500 solus
961 457 1132 516 potest?

608 746 829 799 CAPUT
847 741 1000 805 'VII‘-

124 893 324 943 Senariz'
339 895 528 940 numeri
539 893 890 959 perfectionem
910 891 1150 954 quomodo
1180 909 1453 942 cernamus.

152 1033 281 1076 XIII.
311 1033 615 1076 VERUM-mmm
651 1046 730 1075 nos
756 1030 963 1076 mortales
996 1040 1041 1076 et
1072 1040 1349 1091 peccatoreS‚
1381 1046 1490 1093 quo-

95 1118 194 1148 rum
215 1102 378 1148 animas
401 1111 637 1162 aggravant
658 1118 841 1163 corpora
861 1102 1164 1163 corruptibilia
1179 1106 1213 1160 ²,
1238 1113 1281 1148 et
1298 1119 1488 1164 quorum

95 1189 270 1220 sensum
308 1173 447 1219 multa
484 1174 751 1233 cogitantem
792 1183 965 1220 terrena
1002 1174 1207 1234 deprimit
1243 1175 1485 1235 habitati03

95 1261 349 1308 quanquam
377 1246 457 1290 etsi
485 1245 616 1291 corda
645 1246 932 1291 mundissima
953 1255 997 1291 et
1027 1258 1195 1291 mentes
1223 1247 1488 1308 simplicissi-

94 1334 185 1362 mas
208 1333 453 1377 gereremus
470 1318 715 1378 sanctisque
737 1317 911 1376 Angelis
934 1319 1025 1378 jam
1055 1334 1243 1363 essemus
1265 1319 1454 1380 aequales
1471 1356 1483 1377 ,

94 1404 183 1433 non
205 1389 358 1449 utique
383 1389 510 1432 nobis
546 1388 605 1432 ita
639 1397 742 1432 nota
780 1397 889 1433 esset
922 1389 1071 1433 divina
1101 1389 1343 1434 substantia
1376 1391 1488 1436 sicut

93 1460 185 1520 ipsa
211 1458 293 1503 sibi
322 1477 332 1502 ι
357 1467 504 1503 tamen
529 1458 654 1502 istam
666 1458 821 1502 senarii
848 1459 1020 1503 numeri
1041 1458 1380 1519 perfectionem,
1405 1477 1487 1506 nec

93 1539 213 1574 extra
240 1544 319 1574 nos
346 1529 460 1589 ipsos
493 1529 727 1585 cernimus,
758 1529 870 1573 sicut
900 1529 1036 1575 oculis
1070 1546 1278 1590 corpora3
1313 1547 1394 1577 nec
1427 1534 1488 1578 ita

92 1601 208 1646 intra
228 1600 528 1660 nosmetipsos,
556 1598 929 1660 quemadmodum
958 1616 1191 1661 corporum
1213 1602 1485 1662 phantasias,

93 1681 138 1716 et
157 1670 393 1717 visibilium
417 1671 624 1729 imagines
641 1686 788 1716 rerum
801 1707 812 1728 ‚
830 1671 907 1716 sed
923 1671 1007 1717 alio
1029 1672 1225 1733 quodam
1246 1672 1378 1733 longe
1399 1673 1488 1719 dif-

93 1741 251 1787 ferenti
272 1741 422 1787 modo.
456 1742 663 1796 Quamvis
686 1743 803 1787 enim
831 1758 875 1787 se
897 1743 1121 1804 objectent
1147 1745 1304 1789 mentis
1333 1761 1485 1806 aspec-

92 1814 159 1858 tui
181 1815 305 1875 quasi
321 1813 682 1874 corpusculorum
703 1814 905 1876 quaedam
927 1814 1179 1872 simulacra,
1205 1832 1308 1861 cum
1329 1819 1485 1864 senarii

93 1885 266 1929 numeri
275 1884 547 1945 compositio,
574 1884 645 1929 vel
663 1885 786 1941 ordo,
799 1885 869 1930 vel
884 1886 1060 1946 partitio
1080 1887 1297 1945 cogitatur
1312 1897 1484 1935 :tamen

92 1952 290 2000 validior
310 1965 354 2000 et
381 1956 694 2015 praepotentior
727 1956 914 2016 desuper
947 1957 1058 2001 ratio
1090 1973 1180 2002 nou
1210 1957 1270 2002 eis
1302 1961 1479 2017 annuit,

92 2025 363 2087 interiusque
383 2026 554 2070 numeri
582 2026 670 2071 vim
697 2036 954 2086 contuetur3
977 2043 1054 2088 per
1077 2043 1210 2088 quem
1233 2030 1483 2075 contuitum

92 2094 279 2140 fidenter
295 2095 417 2153 dicit,
440 2095 487 2140 id
508 2095 630 2158 quod
650 2095 811 2142 dicitur
828 2114 968 2143 unum
984 2099 1030 2142 in
1048 2100 1256 2157 numeris,
1271 2100 1317 2144 in
1338 2101 1481 2147 nullas

91 2177 234 2227 partes
265 2166 402 2214 dividi
428 2183 569 2229 posse,
603 2168 725 2213 nulla
753 2179 900 2215 autem
932 2187 1115 2232 corpora
1145 2171 1227 2216 nisi
1261 2172 1308 2217 in
1334 2183 1479 2234 partes

92 2238 432 2283 innumerabiles
449 2238 611 2299 dividi3
636 2239 854 2286 etfacilius
871 2242 1033 2287 coelum
1051 2252 1094 2288 et
1114 2252 1275 2288 terram
1295 2245 1478 2290 transire

92 2326 192 2370 quae
213 2310 454 2355 secundum
468 2312 687 2357 senarium
709 2329 943 2359 numerum
959 2314 1175 2361 fabricata
1196 2324 1297 2360 sunt
1311 2352 1322 2373 ,
1342 2333 1476 2378 quam

59 2433 63 2436 ᾖ
93 2379 210 2425 effici
231 2397 354 2441 posse
381 2392 432 2426 ut
453 2385 643 2428 senarius
665 2400 873 2431 numerus
903 2403 993 2431 non
1020 2388 1108 2432 suis
1130 2389 1327 2448 partibus
1350 2405 1473 2434 com-

93 2449 279 2510 pleatur.
305 2452 470 2497 Gratias
497 2453 646 2515 itaque
666 2456 860 2500 Creatori
888 2473 1058 2519 semper
1080 2467 1181 2518 agat
1203 2459 1373 2504 animus
1385 2460 1473 2503 hu-

145 2553 155 2570 ¹
177 2549 214 2578 In
240 2546 334 2579 editis
350 2552 450 2591 caput
465 2560 511 2581 vu
541 2550 573 2583 in
595 2549 699 2583 media
722 2550 828 2593 phrasi
858 2552 1009 2595 habetur,
1038 2564 1155 2597 nempe
1187 2555 1227 2587 ad
1255 2554 1323 2588 haec
1343 2554 1470 2588 verba:

98 2604 226 2636 Tamen
244 2603 342 2635 istam
355 2628 364 2645 ‚
384 2608 448 2636 etc.
477 2620 518 2626 -—
542 2611 554 2627 ²
573 2605 646 2647 Sap.
667 2616 711 2647 ix,
729 2606 777 2636 ις’).
