1854 3219
377 236 431 263 DE
462 235 613 263 oni-«Est
646 237 700 262 An
732 235 973 274 ιῙτΤΕῙιΑΜ,
1008 237 1090 264 nn.
1126 238 1205 264 ΧΠ.
1391 224 1473 263 565

91 424 234 442 nmmum
240 424 732 441 mim-MWK'QWWKMQ
737 420 1469 441 umwxvxuxvxawmwxmmmeusmwwmm

581 594 800 650 LIBER
847 595 979 651 XII.

89 810 123 842 IN
140 818 200 846 Qvo
225 818 262 842 DF,
286 818 433 842 PARAmso
449 817 489 841 ET
507 818 619 840 ‘rt-:n‘rlo
636 817 727 840 cot-:Lo
743 817 803 844 Quo
830 817 944 839 RAPTUS
961 818 1014 839 EST
1033 809 1172 848 PAULUS,
1191 815 1289 842 DEQUE
1307 815 1360 840 ΜΠ,
1376 814 1480 837 ΠΡΗΕῙ

533 874 678 898 vxslomm
696 874 814 896 GENERE
837 874 1035 896 msPuTATUr..

629 1020 853 1068 CAPUT
889 1022 925 1065 I.

197 1192 276 1238 De
301 1192 541 1254 paradiso
573 1191 704 1238 locus
734 1191 963 1253 Apostoli
987 1187 1362 1236 examinandus.

147 1341 184 1383 Ι.
210 1341 273 1383 ΑΒ
307 1338 484 1384 exordio
514 1339 749 1398 Scripturae
771 1347 952 1393 sanctae,
987 1353 1086 1398 quae
1114 1335 1365 1381 inscribitur
1388 1336 1476 1379 Ge-

87 1409 220 1465 nesis,
247 1409 386 1453 donec
410 1409 543 1454 homo
559 1409 725 1468 primus
743 1407 796 1452 de
817 1407 1017 1468 paradiso
1047 1407 1247 1452 dimissus
1272 1416 1359 1462 est,
1390 1421 1477 1450 un-

86 1479 227 1524 decim
249 1479 370 1524 libris
390 1479 478 1524 sive
506 1479 736 1523 asserendo
765 1488 896 1539 atque
923 1477 1203 1523 defendendo
1237 1493 1337 1537 quae
1360 1485 1477 1521 certa

86 1551 210 1596 nobis
226 1560 343 1606 sunt,
365 1551 454 1595 sive
474 1550 735 1611 inquirendo
753 1559 795 1593 et
809 1548 1071 1608 ambigendo
1090 1548 1144 1593 de
1166 1549 1356 1604 incertis,
1377 1564 1477 1609 quae

85 1622 307 1684 potuimus
319 1658 330 1679 ‚
355 1632 399 1667 et
415 1625 526 1667 sicut
541 1624 786 1682 potuimus,
806 1620 1086 1666 disseruimus
1105 1630 1236 1681 atque
1253 1620 1477 1681 conscrip-

20 1732 26 1735 γ
86 1695 243 1750 simus,
288 1709 379 1738 non
410 1703 500 1737 tam
528 1693 858 1752 praescribentes
886 1692 942 1735 de
972 1692 1100 1736 rebus
1137 1692 1331 1736 obscuris
1375 1691 1475 1735 uni-

85 1765 243 1824 cuique
264 1762 372 1824 quid
386 1762 543 1807 sentiat
558 1798 570 1818 ,
594 1778 727 1824 quam
748 1777 825 1806 nos
844 1760 1064 1806 docendos
1086 1761 1132 1805 in
1154 1762 1315 1822 quibus
1338 1760 1473 1805 dubi-

87 1836 272 1881 tavimus
284 1834 575 1888 ostendentes,
583 1833 957 1893 temeritatemque
968 1831 1214 1876 affirmandi
1227 1841 1476 1876 amoventes

87 1923 108 1951 a
130 1906 317 1961 lectore,
350 1905 425 1949 ubi
452 1920 541 1948 non
574 1903 790 1947 valuimus
812 1903 1006 1962 praebere
1043 1902 1268 1946 sententia}
1292 1903 1476 1946 firmita-

88 1986 195 2021 tem:
216 1977 294 2021 iste
318 1985 463 2020 autem
487 1973 773 2019 duodecimus
791 1972 903 2017 liber
925 1989 973 2017 ea
990 1975 1080 2033 jam
1105 1989 1208 2018 cura
1227 1973 1472 2033 expeditus,

86 2063 172 2109 qua
196 2063 274 2092 nos
295 2045 625 2107 pertractandus
650 2054 790 2089 textus
811 2060 1031 2089 sacrarum
1059 2045 1321 2089 Litterarum
1341 2060 1475 2089 occu-

86 2118 240 2178 pabat,
272 2117 452 2161 liberius
481 2125 612 2176 atque
639 2115 847 2175 prolixius
877 2115 1066 2160 versabit
1092 2135 1112 2157 «
1138 2115 1193 2159 de
1222 2116 1426 2160 Paradiso
1452 2134 1472 2157 »

87 2190 400 2250 quaestionem3
425 2203 478 2231 ne
499 2196 706 2247 putemur
738 2187 916 2231 evitasse
933 2222 943 2240 ,
980 2185 1101 2246 quod
1128 2185 1301 2231 videtur
1333 2190 1475 2247 Apos-

87 2258 202 2304 tolus
221 2259 266 2302 in
288 2259 416 2303 tertio
438 2257 551 2302 coelo
570 2258 788 2301 insinuare
814 2255 1061 2317 paradisum
1081 2292 1091 2312 ‚
1122 2257 1199 2300 ubi
1221 2257 1304 2302 ait:
1335 2276 1354 2299 «
1379 2258 1476 2302 Scio

92 2349 111 2371 »
147 2330 369 2374 hominem
397 2330 443 2372 in
465 2329 637 2374 Christo
659 2337 758 2372 ante
782 2343 916 2371 annos
941 2327 1296 2387 quatuordecim,
1322 2328 1409 2372 sive
1431 2328 1477 2373 in

92 2419 112 2443 »
147 2415 328 2460 corpore
359 2400 525 2454 nescio,
565 2399 652 2444 sive
685 2408 802 2442 extra
834 2413 990 2457 corpus
1021 2399 1190 2454 nescio,
1223 2401 1336 2443 Deus
1373 2398 1474 2454 scit,

92 2490 113 2513 »
148 2480 320 2529 raptum
364 2468 576 2530 ejusmodi
613 2484 750 2529 usque
786 2470 830 2512 in
863 2468 1038 2512 tertium
1076 2468 1240 2513 coelum
1269 2488 1277 2512 :
1314 2477 1358 2512 et
1388 2468 1476 2512 scio

92 2561 112 2583 n
148 2540 357 2602 ejusmodi
387 2541 608 2585 hominem
639 2540 726 2584 sive
762 2540 804 2582 in
835 2555 1014 2598 corpore
1044 2539 1130 2583 sive
1166 2548 1281 2582 extra
1319 2554 1475 2597 corpus
