1854 3219
357 168 410 194 DE
445 166 655 193 DOCTRINA
688 165 940 193 CHRISTIANA
974 167 1056 193 LlB.
1093 167 1158 192 111.
1394 153 1447 192 47

53 229 186 279 homo
201 265 212 284 ,
237 232 352 276 sicut
365 246 484 276 nunc
506 230 616 276 ordo
636 231 727 290 ipse
745 229 1017 275 demonstrat
1037 249 1047 275 :
1072 245 1162 274 non
1183 238 1283 289 post
1302 230 1448 274 homi.-

51 314 154 344 nem
172 300 233 346 ibi
251 302 445 362 positum
466 299 582 346 facta
604 310 706 346 sunt
721 301 817 356 ista,
838 301 950 345 sicut
972 301 1092 361 prius
1108 299 1277 344 dictum
1300 302 1448 361 putari

49 379 194 429 potest
208 405 220 427 ‚
241 372 323 417 nisi
355 371 657 432 recapitulatio
681 370 771 416 illic
793 370 1023 430 vigilanter
1049 370 1338 431 intelligatur,
1359 388 1448 433 qua

52 439 217 485 reditur
233 440 290 487 ad
311 457 361 487 ea
373 458 474 503 quae
495 440 672 487 fuerant
692 443 996 502 praetermissa.

111 515 232 558 LIII.
265 516 465 575 Itemque
478 514 527 559 in
548 513 704 560 eodem
722 513 859 570 libro,
883 528 986 559 cum
999 523 1448 560 commemorarentur

53 583 352 642 generationes
372 584 565 630 filiorum
581 587 674 632 Noe
690 619 702 641 ‚
727 583 897 630 dictum
913 594 1000 641 est,
1030 604 1052 628 «
1072 585 1128 629 Hi
1149 583 1228 628 filii
1243 585 1382 629 Cham
1401 585 1448 629 in

55 670 76 699 >›
110 654 316 700 tribubus
337 655 440 711 suis,
464 654 708 701 secundum
724 655 893 715 linguas
911 671 1009 701 suas
1032 655 1078 700 in
1095 655 1346 715 regionibus
1360 655 1447 700 suis

55 741 77 766 »ι
111 733 155 770 et
174 724 221 770 in
241 726 442 784 gentibus
464 726 592 772 suis1.
623 744 645 768 »
667 727 944 771 Enumeratis
975 741 1153 787 quoque
1189 725 1290 770 filiis
1315 728 1417 771 Sem
1434 761 1445 782 ‚

50 794 227 853 dicitur,
253 816 274 840 «
301 798 355 842 Hi
378 797 457 842 filii
482 799 582 843 Sem
603 799 650 842 in
673 798 879 843 tribubus
904 798 991 843 suis
1014 797 1258 843 secundum
1274 797 1447 857 linguas

54 883 76 908 »
111 881 209 911 suas
229 866 277 910 in
298 867 551 926 regionibus
572 868 660 912 suis
682 877 726 912 et
746 868 792 912 in
815 868 1019 928 gentibus
1042 867 1128 912 suis
1139 870 1270 912 ².»Et
1287 883 1448 912 annec-

53 937 161 982 titur
182 937 237 982 de
258 937 487 995 omnibus,
516 958 538 982 «
568 941 647 983 Hae
675 938 813 983 tribus
842 938 1032 984 filiorum
1061 937 1448 994 Noe'ssecundum

56 1027 77 1051 n
111 1009 408 1068 generationes
422 1026 575 1056 eorum
598 1020 642 1055 et
656 1009 900 1055 secundum
921 1020 1069 1069 gentes
1092 1025 1260 1055 eorum.
1283 1010 1352 1054 Ab
1376 1010 1446 1054 his

55 1097 76 1121 η
111 1079 315 1143 dispersae
347 1089 450 1125 sunt
470 1079 623 1125 insulae
647 1082 844 1140 gentium
877 1097 1007 1142 super
1030 1091 1189 1126 terram
1210 1090 1310 1141 post
1330 1080 1448 1125 dilu-

55 1168 76 1193 »
111 1150 272 1196 vium2.
297 1154 356 1196 Et
377 1161 470 1197 erat
500 1152 641 1197 omnis
672 1161 785 1197 terra
809 1152 976 1198 labium
1000 1168 1162 1208 unum,
1188 1162 1232 1197 et
1253 1168 1339 1197 vox
1359 1168 1448 1197 una

55 1240 76 1263 »
112 1222 360 1267 omnibus&
385 1241 405 1265 »
428 1226 523 1268 Hoc
544 1224 693 1284 itaque
719 1224 842 1285 quod
856 1225 1114 1285 adjunctum
1136 1234 1216 1279 est,
1241 1243 1261 1266 «
1286 1227 1345 1269 Et
1357 1233 1449 1268 erat

49 1310 76 1334 -»
111 1294 252 1338 omnis
273 1303 387 1338 terra
409 1293 578 1338 labium
601 1310 741 1338 unum
756 1330 767 1350 ‚
793 1304 837 1339 et
858 1310 940 1339 vox
961 1311 1049 1339 una
1086 1295 1288 1340 omnibus
1306 1330 1316 1350 ‚
1346 1314 1366 1336 »
1402 1294 1448 1339 id

52 1373 131 1420 est,
156 1379 245 1408 una
267 1363 416 1422 lingua
437 1364 635 1408 omnium
653 1398 663 1419 ‚
689 1365 749 1408 ita
764 1364 933 1409 dictum
961 1364 1137 1409 videtur
1158 1374 1371 1426 tanquam
1394 1380 1447 1410 eo

46 1440 138 1492 jam
165 1444 383 1496 tempore,
417 1450 508 1496 quo
540 1433 722 1494 dispersi
751 1432 926 1479 fuerant
947 1451 1077 1495 super
1098 1444 1288 1492 terram,
1315 1436 1448 1480 etiam

52 1505 295 1551 seeundum
331 1505 494 1551 insulas
516 1505 739 1565 gentium,
782 1521 870 1551 una
903 1506 1036 1551 fuerit
1057 1507 1263 1552 omnibus
1293 1507 1447 1567 lingua

53 1578 295 1622 communis
327 1597 336 1622 ε
367 1577 487 1638 quod
522 1576 679 1637 procul
722 1576 858 1621 dubio
896 1588 1113 1638 repugnat
1150 1579 1449 1637 superioribus

53 1648 216 1704 verbis,
242 1648 317 1693 ubi
339 1648 508 1693 dictum
529 1657 616 1704 est,
647 1667 667 1690 «
693 1650 746 1691 In
770 1647 971 1692 tribubus
994 1649 1079 1693 suis
1098 1649 1342 1694 secundum
1364 1649 1451 1694 lin-

57 1737 78 1761 »
114 1735 219 1779 guas
243 1734 356 1764 suas.
395 1737 416 1760 >³
442 1721 595 1779 Neque
617 1719 734 1762 enim
757 1717 1008 1764 dicerentur
1029 1719 1233 1764 habuisse
1247 1725 1337 1777 jam
1363 1720 1450 1765 lin-

57 1805 162 1849 guas
199 1805 295 1834 suas
320 1788 502 1848 singulae
524 1789 665 1833 tribus
682 1824 692 1844 ‚
725 1805 824 1849 quae
847 1799 995 1847 gentes
1017 1790 1207 1848 singulas
1230 1791 1448 1848 fecerant,

56 1861 236 1921 quando
257 1868 350 1904 erat
373 1859 578 1904 omnibus
599 1875 688 1904 una
710 1860 971 1904 communis.
997 1863 1060 1905 Ac
1084 1876 1162 1920 per
1178 1862 1262 1906 hoc
1286 1863 1452 1922 recapi-

57 1930 240 1976 tulando
274 1930 532 1991 adjunctum
566 1939 662 1986 est‚·
689 1949 709 1972 «
741 1933 799 1974 Et
835 1939 926 1974 erat
960 1931 1100 1975 omnis
1133 1941 1247 1977 terra
1283 1932 1451 1978 labium

62 2021 82 2044 »
116 2017 277 2058 unum,
314 2010 358 2046 et
379 2017 463 2047 vox
487 2017 575 2046 una
599 2001 826 2057 omnibus⁷
857 2020 875 2043 ι)
899 2001 1088 2047 latenter
1109 2004 1358 2050 narratione
1383 2022 1451 2050 re-

59 2073 245 2128 deunte,
270 2081 322 2116 ut
336 2071 555 2117 diceretur
575 2071 799 2133 quomodo
816 2070 984 2117 factum
1001 2074 1055 2118 sit
1072 2109 1081 2129 ‚
1109 2084 1159 2119 ut
1180 2091 1231 2119 ex
1247 2092 1333 2120 una
1357 2092 1452 2121 om-

60 2145 183 2196 nium
198 2143 352 2203 lingua
369 2141 534 2189 fuerint
556 2143 681 2189 divisi
702 2159 781 2203 per
797 2143 957 2189 multas
979 2165 987 2190 ε
1006 2154 1049 2190 et
1075 2146 1286 2192 continuo
1305 2147 1359 2191 de
1380 2147 1453 2192 illa

59 2215 191 2263 turris
219 2214 509 2259 aedificatione
541 2223 759 2271 narratur,
788 2215 867 2259 ubi
896 2216 991 2260 haec
1026 2217 1085 2262 eis
1112 2216 1280 2278 judicio
1309 2218 1456 2264 divino

62 2287 230 2345 ingesta
243 2294 307 2331 est
323 2300 457 2346 poena
469 2285 684 2346 superbiae
697 2307 708 2344 3
722 2295 822 2346 post
838 2287 959 2347 quod
973 2286 1139 2333 factum
1156 2288 1337 2350 dispersi
1353 2300 1456 2335 sunt

59 2373 192 2418 super
213 2366 376 2406 terram
391 2356 635 2405 seeundum
655 2355 826 2416 linguas
847 2373 961 2403 suas.

126 2430 240 2472 LIV.
276 2428 348 2473 Fit
380 2428 461 2493 ista
487 2427 792 2489 recapitulatio
826 2429 956 2474 etiam
997 2430 1258 2481 obscurius:
1284 2432 1396 2478 sicut
1416 2433 1461 2478 in

116 2520 124 2536 ¹
143 2515 225 2548 Gen.
239 2524 274 2557 x,
292 2522 344 2547 20.
361 2530 403 2537 —
421 2514 676 2548 211)ῑι1.3ι.-
693 2512 801 2547 31bid.
823 2515 875 2548 32.
890 2533 930 2539 -—
951 2514 968 2541 l*
986 2516 1032 2549 ld.
1052 2527 1096 2558 xl,
1117 2528 1146 2548 1.
