1854 3219
384 240 465 277 218
815 245 848 274 s.
885 245 1115 274 mensum
1147 245 1329 274 Emscom

382 314 697 367 funderentur,
723 312 768 356 in
791 311 1012 357 nonnullis
1041 321 1187 357 tamen
1215 321 1387 357 tantum
1409 313 1604 369 interest,
1629 328 1770 374 quan-

383 395 475 430 tum
500 384 555 429 ab
579 384 667 429 istis
697 382 1006 444 comprehendi
1031 383 1356 444 computatione
1389 399 1479 428 non
1502 383 1650 444 possit.
1675 386 1771 430 Ma-

382 472 463 501 nus
483 457 703 517 sequentis
733 454 869 499 Jacob
900 453 1007 499 dum
1040 464 1304 511 nasceretur,
1329 455 1507 500 inventa
1529 463 1594 500 est
1613 454 1771 515 pedem

382 526 524 572 lintris
547 525 833 587 praecedentis
852 535 1023 583 tenens,
1045 541 1186 587 usque
1203 525 1312 571 adeo
1334 526 1392 571 sie
1415 527 1505 571 nati
1526 535 1629 570 sunt
1649 527 1772 587 quasi

381 614 496 643 unus
518 596 661 642 infans
684 598 729 641 in
755 596 941 658 duplum
964 596 1172 657 prolixior
1193 596 1311 642 nasci
1338 595 1574 642 videretur.
1602 598 1772 642 Horum

381 679 498 716 certe
520 668 893 726 constellationes,
919 684 1027 730 quas
1049 668 1287 730 appellant,
1315 667 1439 714 nullo
1470 668 1604 714 modo
1626 668 1773 729 dispa-

382 757 447 787 res
470 757 562 786 csse
583 749 837 802 potuerunt.
862 739 980 795 Quid
1001 755 1105 800 ergo
1131 739 1306 797 vanius,
1332 755 1466 801 quam
1487 749 1539 785 ut
1558 739 1652 785 illas
1673 755 1775 786 con-

382 812 647 858 stellationes
674 811 849 856 intuens
874 811 1229 868 mathematicus,
1257 809 1314 856 ad
1340 807 1545 856 eumdem
1564 809 1774 858 horosco-

382 900 512 946 pum,
536 884 593 929 ad
620 882 819 928 eamdem
847 882 1020 939 lunam,
1048 882 1212 928 diceret
1240 898 1382 928 unum
1411 898 1565 929 eorum
1586 898 1610 928 a
1636 891 1777 931 matre

383 955 618 1012 dilectum,
642 954 830 1001 alterum
851 970 942 1000 non
968 954 1211 1000 dilectum?
1235 955 1278 1001 Si
1300 953 1417 999 enim
1445 951 1565 999 aliud
1586 953 1772 1012 diceret,

381 1026 541 1073 falsum
580 1025 779 1088 profecto
816 1025 1002 1072 diecret:
1035 1026 1067 1071 si
1103 1035 1251 1071 autem
1288 1025 1373 1072 hoc
1411 1022 1596 1083 diceret',
1621 1041 1776 1072 verum

382 1099 584 1160 quidem,
616 1098 692 1143 scd
725 1114 815 1143 non
852 1096 1095 1143 seeundum
1138 1113 1317 1143 suorum
1355 1095 1571 1143 librorum
1606 1097 1777 1158 ineptas

384 1169 685 1215 cantiunculas
713 1169 890 1213 diceret.
919 1169 1050 1223 Quod
1071 1169 1106 1213 si
1122 1169 1225 1214 huie
1241 1168 1448 1225 historiae,
1469 1169 1573 1230 quia
1595 1169 1650 1213 de
1675 1185 1777 1214 nos-

382 1242 457 1286 tris
479 1240 722 1302 profertur,
749 1241 908 1285 nolunt
930 1240 1123 1297 credere,
1149 1239 1369 1302 numquid
1405 1249 1449 1285 et
1475 1250 1677 1286 naturam
1704 1257 1776 1286 re-

382 1330 480 1358 rum
509 1312 655 1357 delere
683 1314 895 1374 possunt?
917 1314 1028 1358 Cum
1061 1327 1162 1371 ergo
1195 1328 1240 1357 se
1267 1311 1447 1356 minime
1474 1310 1570 1356 falli
1603 1311 1773 1369 dicant,

382 1385 417 1429 si
443 1385 599 1429 horam
629 1384 927 1445 conceptionis
958 1383 1226 1439 invenerint,
1252 1383 1406 1428 saltem
1438 1382 1551 1428 sicut
1576 1382 1776 1430 homines

383 1472 473 1501 non
493 1456 786 1515 dedignentur
809 1464 1073 1515 conceptum
1098 1455 1371 1500 considerare
1394 1454 1684 1514 geminorum.

443 1529 673 1571 XXXVII.
696 1525 891 1588 Ideoque
911 1524 1141 1571 fatendum
1168 1534 1246 1582 est,
1273 1525 1451 1587 quando
1480 1526 1535 1570 ab
1566 1525 1656 1571 istis
1679 1541 1779 1572 vera

382 1599 614 1655 dicuntur,
638 1597 850 1643 instinctu
868 1597 1061 1660 quodam
1079 1597 1372 1643 occultissimo
1395 1596 1503 1654 dici,
1524 1613 1658 1659 quem
1679 1613 1779 1643 nes—

383 1670 544 1715 cientes
579 1670 785 1714 humanae
820 1678 987 1714 mentes
1022 1669 1266 1730 patiuntur.
1293 1667 1423 1723 Quod
1453 1683 1554 1713 cum
1576 1667 1632 1713 ad
1657 1667 1779 1714 deci-

383 1740 566 1801 piendos
586 1741 784 1786 homines
808 1741 873 1797 fit,
899 1740 1133 1801 spirituum
1155 1739 1437 1785 seductorum
1459 1739 1653 1800 operatio
1670 1741 1775 1786 estl:

383 1813 544 1874 quibus
567 1813 771 1874 quaedam
795 1828 897 1857 vera
930 1811 985 1856 de
1017 1811 1331 1872 temporalibus
1363 1811 1494 1856 rebus
1528 1827 1653 1856 nosse
1676 1826 1778 1871 per-

384 1884 595 1940 mittitur,
623 1883 782 1945 partim
805 1883 907 1944 quia
933 1882 1172 1928 subtilioris
1195 1898 1346 1928 sensus
1374 1882 1597 1938 acumine,
1619 1883 1779 1943 partim

383 1956 485 2016 quia
509 1954 767 2016 corporibus
800 1952 1102 1999 subtilioribus
1129 1954 1301 2013 vigent,
1324 1953 1484 2015 partim
1511 1953 1778 2015 experientia

379 2025 602 2072 callidiore
630 2034 810 2087 propter
832 2035 922 2071 tam
950 2040 1157 2085 magnam
1173 2025 1501 2085 longitudinem
1522 2026 1652 2085 vitae,
1674 2040 1777 2086 par-

379 2098 458 2142 tim
491 2099 647 2143 sanctis
681 2097 857 2156 Angelis
894 2096 1017 2158 quod
1049 2097 1131 2157 ipsi
1169 2096 1225 2142 ab
1248 2098 1551 2158 omnipotente
1574 2100 1665 2143 Deo
1688 2096 1778 2142 dis-

378 2178 506 2224 cunt,
533 2170 662 2213 ctiam
689 2170 813 2230 jussu
846 2170 938 2229 ejus
960 2168 1041 2213 sibi
1064 2167 1378 2224 revelantibus,
1413 2169 1489 2229 qui
1511 2167 1665 2213 merita
1695 2168 1777 2213 hu-

377 2257 504 2285 mana
514 2241 816 2286 occultissimae
825 2241 1005 2302 justitiae
1015 2240 1260 2286 sinceritate
1270 2240 1507 2286 distribuit.
1521 2240 1773 2303 Aliquando

377 2322 523 2358 autem
545 2313 678 2357 iidem
695 2310 874 2357 nefandi
895 2312 1069 2373 spiritus
1088 2313 1217 2358 etiam
1246 2329 1346 2373 quae
1368 2312 1449 2374 ipsi
1469 2312 1627 2358 facturi
1649 2323 1771 2370 sunt,

376 2387 498 2429 velut
522 2382 760 2428 divinando
777 2383 1040 2444 praedicunt.
1067 2387 1342 2446 Quapropter
1365 2384 1483 2429 bono
1498 2384 1773 2441 Christiano,

377 2457 465 2500 sive
490 2455 808 2511 mathematici,
845 2455 934 2500 sivc
965 2455 1154 2516 quilibet
1188 2455 1319 2517 impie
1340 2453 1656 2513 divinantium,
1679 2472 1776 2501 ma-

383 2526 495 2570 xime
525 2525 864 2589 ‹licenteslvera,
899 2525 1084 2572 cavendi
1113 2535 1237 2583 sunt,
1274 2543 1329 2573 ne
1367 2527 1587 2575 consortio
1620 2525 1777 2573 daemo-

433 2620 440 2633 ¹
463 2623 481 2644 2
502 2615 589 2645 Sent.
611 2612 682 2645 dist.
707 2623 760 2653 vn,
780 2623 851 2654 cap.
873 2613 924 2645 Ec
940 2612 1030 2646 licet.
