1854 3219
347 134 429 172 552
775 149 808 175 s.
844 146 1075 176 Aucustrm't
1108 149 1286 176 EPISCOPI

349 211 468 255 tassis
482 212 597 255 enim
613 211 704 256 aliis
722 211 978 258 intrinsecus
996 213 1064 257 vel
1083 213 1164 257 effa
1172 212 1332 258 bilibus
1346 213 1416 258 vel
1438 215 1733 261 ineffabilibus

348 281 488 325 modis
512 285 625 325 Deus
644 297 744 326 cum
769 281 851 326 illis
876 292 1001 328 antea
1030 282 1319 344 loquebatur,
1347 285 1459 329 sicut
1480 287 1610 330 etiam
1632 303 1734 332 cuni

347 353 523 412 Angelis
554 352 751 414 loquitur
782 355 872 414 ipsa
903 355 1251 401 incommutabili
1288 357 1468 402 veritate
1517 357 1736 403 illustrans

348 434 515 469 mentes
537 440 688 469 eorum
702 460 712 479 ,
736 425 813 470 ubi
827 435 890 470 est
905 425 1152 472 intellectus
1166 443 1288 472 nosse
1303 428 1432 473 simul
1446 445 1738 490 quaecumque

347 496 478 540 etiam
504 512 579 556 per
608 505 804 556 tempora
826 512 917 541 non
937 498 1051 542 fiunt
1077 498 1221 543 simul.
1251 502 1381 543 Forte
1398 534 1408 554 ‚
1444 500 1625 560 inquam
1642 536 1653 556 ‚
1679 502 1739 545 sie

348 583 449 611 eum
476 568 534 612 eis
554 566 838 628 loquebatur,
867 567 945 612 etsi
968 584 1059 613 non
1083 578 1201 613 tanta
1224 569 1557 629 participatione
1579 570 1740 617 divinae

348 638 592 697 sapientire,
624 648 834 698 quantam
857 639 1037 699 capiunt
1065 639 1245 698 Angeli3
1276 649 1423 684 tamen
1445 656 1524 700 pro
1547 641 1742 687 humano

347 709 544 765 modulo,
571 709 897 770 quantumlibet
913 711 1073 766 minus,
1099 709 1282 770 sedipso
1302 726 1460 770 genere
1483 712 1743 757 visitationis

349 790 393 824 et
413 779 674 837 locutionis3
699 781 889 826 fortassis
916 781 1045 825 etiam
1067 781 1168 836 illo,
1195 781 1271 842 qui
1300 783 1349 826 fit
1373 797 1450 842 per
1472 792 1741 838 creaturam,

351 851 439 895 sive
462 851 507 895 in
528 852 660 896 extasi
689 852 863 911 spiritus
892 851 1192 912 corporalibus
1220 852 1506 912 imaginibus,
1534 854 1623 899 sive
1645 853 1746 914 ipsis

353 923 551 967 sensibus
577 923 768 983 corporis
791 923 936 984 aliqua
964 924 1106 982 specie
1134 933 1393 984 praesentata
1417 924 1486 969 vel
1515 923 1571 968 ad
1589 923 1747 969 viden-

352 994 474 1049 dum,
499 994 570 1038 vel
591 992 647 1038 ad
664 994 949 1049 audiendum,
977 994 1089 1038 sicut
1108 994 1156 1038 in
1168 994 1344 1053 Angelis
1367 994 1453 1039 suis
1471 994 1582 1039 solet
1603 993 1742 1039 videri

348 1068 463 1108 Deus
482 1064 551 1109 vel
573 1081 725 1110 sonare
746 1081 823 1125 per
839 1065 1018 1109 nubem.
1046 1067 1173 1109 Nune
1196 1074 1343 1109 tamen
1364 1063 1486 1126 quod
1508 1064 1743 1109 audierunt

349 1151 502 1179 vocem
528 1136 603 1179 Dei
627 1135 891 1180 ambulantis
913 1135 957 1179 in
979 1134 1178 1195 paradiso
1202 1135 1258 1180 ad
1280 1151 1504 1195 vesperam
1522 1171 1533 1191 ‚
1571 1136 1748 1180 nonnisi

353 1221 430 1264 per
449 1215 691 1250 creaturam
710 1205 934 1249 visibiliter
956 1204 1121 1250 factum
1146 1215 1224 1261 est,
1251 1221 1305 1249 ne
1324 1207 1567 1251 substantia
1586 1205 1660 1250 illa
1684 1207 1754 1249 in-

358 1275 536 1320 visibilis
561 1286 604 1320 et
632 1276 797 1336 ubique
821 1285 934 1331 tota,
961 1292 1060 1336 quae
1077 1277 1214 1320 Patris
1238 1286 1282 1320 et
1302 1276 1399 1320 Filii
1423 1286 1486 1320 est
1507 1286 1550 1320 et
1570 1276 1754 1336 Spiritus

357 1347 494 1391 saneti
513 1382 523 1401 ,
551 1346 850 1406 corporalibus
881 1362 1034 1390 eorum
1056 1346 1252 1391 sensibus
1291 1345 1421 1391 locali
1450 1356 1493 1391 et
1524 1345 1753 1407 temporali

361 1426 487 1461 motu
509 1418 757 1476 apparuisse
780 1416 1000 1461 credatur.

419 1490 577 1531 XLIV:
617 1507 637 1529 «
662 1490 719 1532 Et
752 1486 1079 1531 absconderunt
1106 1501 1150 1531 se
1173 1485 1314 1531 Adam
1345 1495 1388 1531 et
1424 1487 1581 1532 mulier
1607 1488 1700 1547 ejus
1733 1504 1757 1532 a

363 1559 472 1603 facie
503 1559 676 1603 Domini
707 1559 753 1602 in
783 1557 927 1602 medio
959 1558 1106 1617 ligno,
1138 1558 1260 1618 quod
1293 1567 1356 1602 est
1389 1559 1434 1602 in
1468 1557 1706 1618 paradiso¹.
1732 1577 1753 1599 »

364 1632 478 1675 Cum
500 1634 614 1674 Deus
644 1630 798 1674 avertit
827 1630 1084 1673 intrinsecus
1113 1628 1269 1673 faciem
1299 1644 1445 1683 suam,
1473 1639 1516 1673 et
1546 1631 1596 1673 fit
1626 1630 1758 1674 homo

366 1701 683 1758 conturbatus3
718 1716 809 1744 non
837 1701 1045 1744 miremur
1077 1700 1170 1743 liaec
1196 1699 1313 1755 fieri,
1346 1715 1444 1760 quae
1466 1698 1623 1744 similia
1657 1709 1760 1744 sunt

366 1773 613 1827 dementiae,
634 1788 710 1832 per
725 1772 908 1816 nimium
927 1771 1141 1831 pudorem
1159 1787 1207 1815 ac
1229 1771 1430 1815 timorem
1448 1793 1458 1829 3
1485 1771 1560 1817 illo
1578 1786 1761 1832 quoque

369 1845 543 1889 occulto
566 1845 773 1888 instinctu
798 1860 886 1888 non
911 1844 1161 1904 quiescente
1178 1879 1188 1897 ‚
1221 1852 1270 1886 ut
1292 1858 1339 1886 ea
1366 1843 1604 1888 nescientes
1636 1842 1759 1887 sace-

369 1926 466 1960 rent
486 1951 496 1970 ,
546 1932 645 1976 quae
692 1915 859 1976 aliquid
914 1915 1231 1974 significarent,
1275 1914 1541 1974 quandoque
1588 1913 1760 1959 scituris

370 2002 549 2061 posteris
567 2037 577 2057 ⁷
603 2010 781 2060 propter
803 2015 913 2060 quos
936 2000 1013 2043 ista
1037 1998 1280 2058 conscripta
1304 2007 1419 2042 sunt.

422 2107 428 2122 ¹
452 2104 530 2132 Gen.
553 2112 597 2142 ιιι,
620 2100 650 2131 S.
