1854 3219
311 251 367 278 nn
401 248 552 278 GENESI
584 247 638 274 An
671 245 909 285 mmmmm,
945 248 1026 276 Lm.
1062 247 1124 275 xt.
1324 232 1406 271 553

27 411 1092 431 ΜΜΜΜΜΜΜΜΜΜΜΜΜΜΝΝἋΜΑΜἏΜΜΜ
1096 409 1408 427 ΜΜΝᾺνννἉΝνἎΜ

478 534 696 583 CAPUT
740 536 971 586 XXXIV.

35 666 203 714 Adam
218 667 279 714 ob
299 667 567 714 nuditatem
587 683 688 713 Sese
710 665 1011 712 abscondens
1033 667 1363 728 interrogatur
1384 681 1413 710 α

386 739 508 786 Deo.
533 766 592 776 —-
607 738 664 787 Ν
664 737 824 784 aditus
845 737 1077 785 carnalis.

94 875 231 918 XLV.
277 893 299 917 «
323 876 388 919 ΕΤ
427 874 598 920 vocavit
638 874 848 920 Dominus
883 876 997 919 Deus
1039 872 1202 928 Adam,
1236 881 1279 916 et
1314 870 1420 916 dixit

41 962 61 986 »
95 943 158 988 illi
181 963 189 989 :
212 944 296 989 Ubi
317 947 419 990 es1?
443 963 463 988 »
487 946 756 1005 Increpantis
772 961 857 990 vox
873 954 951 1000 est,
977 959 1066 989 non
1088 943 1338 1002 ignorantis.
1365 946 1421 987 Et

37 1015 121 1060 hoe
145 1030 246 1060 sane
267 1015 323 1060 ad
341 1015 532 1073 aliquam
547 1016 738 1076 pertinet
759 1015 1116 1074 significationem
1134 1050 1144 1070 ‚
1174 1013 1292 1074 quod
1312 1014 1424 1058 sicut

37 1094 306 1146 praeceptum
325 1086 421 1131 viro
443 1085 596 1131 datum
617 1096 707 1142 est,
728 1102 804 1146 per
831 1101 963 1146 quem
990 1085 1237 1146 perveniret
1259 1085 1314 1128 ad
1337 1083 1424 1128 foe-

39 1155 218 1211 minam,
242 1156 302 1200 ita
316 1156 381 1201 vir
396 1156 515 1216 prior
527 1157 834 1215 interrogatur.
857 1159 1127 1216 Praeceptum
1149 1155 1266 1199 enim
1289 1171 1312 1199 a
1334 1158 1424 1199 Do-

39 1227 159 1270 mino
180 1242 258 1285 per
280 1227 423 1272 virum
452 1242 590 1287 usque
611 1226 667 1271 ad
693 1227 922 1272 foeminam
946 1246 954 1272 :
980 1235 1209 1286 peccatum
1231 1236 1374 1270 autem
1402 1242 1424 1270 a

41 1296 216 1341 diabolo
235 1312 313 1357 per
334 1298 564 1342 foeminam
581 1313 720 1358 usque
742 1298 797 1342 ad
820 1298 978 1342 virum.
1000 1301 1105 1342 Haec
1126 1298 1316 1355 mysticis
1339 1298 1426 1355 sig-

41 1367 366 1412 nificationibus
384 1368 512 1428 plena
527 1377 644 1423 sunt,
660 1367 806 1412 nonid
825 1368 1051 1426 agentibus
1074 1368 1119 1411 in
1137 1367 1297 1427 quibus
1316 1366 1427 1411 facta

43 1447 167 1494 sunt,
201 1437 276 1482 sed
311 1439 366 1482 de
396 1438 463 1482 his
495 1438 542 1482 id
573 1447 727 1497 agente
759 1438 1056 1498 potentissima
1091 1438 1299 1498 sapientia
1332 1438 1425 1482 Dei.

43 1512 142 1555 Non
169 1518 314 1553 autem
342 1524 461 1554 nunc
484 1508 724 1568 significata
745 1523 984 1554 reseramus
999 1544 1010 1564 ,
1036 1508 1112 1553 sed
1134 1518 1251 1568 gesta
1273 1507 1429 1554 defen-

46 1579 205 1624 dimus.

105 1650 262 1694 XLVI.
288 1648 530 1709 Respondit
556 1663 659 1708 ergo
682 1647 823 1694 Adam
850 1668 858 1694 :
892 1668 914 1692 «
938 1651 1103 1694 Vocem
1136 1658 1257 1693 tuam
1286 1648 1430 1694 audivi

53 1739 72 1762 »
105 1719 154 1763 in
169 1717 394 1778 paradiso,
421 1727 465 1762 et
492 1718 647 1773 timui,
687 1720 788 1779 quia
820 1719 965 1763 nudus
1003 1735 1122 1774 sum,
1152 1729 1195 1764 et
1224 1719 1433 1764 abscondi

52 1807 73 1831 »
109 1791 220 1832 me2.
243 1805 264 1829 ³)
294 1787 402 1832 Satis
423 1787 650 1847 probabile
681 1797 744 1832 est
766 1787 902 1832 solere
919 1792 1058 1833 Deum
1079 1804 1157 1848 per
1191 1799 1433 1833 creaturam

51 1858 128 1903 tali
149 1858 311 1903 actioni
331 1873 571 1917 congruam
588 1858 633 1901 in
650 1856 788 1902 forma
805 1859 995 1902 humana
1015 1859 1164 1918 primis
1187 1858 1269 1903 illis
1290 1861 1435 1904 homi-

52 1930 181 1974 nibus
211 1945 418 1989 apparere
451 1949 460 1975 :
494 1945 603 1990 quos
632 1938 778 1973 tamen
805 1945 1031 1990 nunquam
1058 1931 1253 1990 permisit
1280 1931 1436 1975 adver-

53 2010 144 2046 tere
165 2000 410 2046 nuditatem
428 1994 548 2045 suam
561 2037 571 2056 ,
593 2016 745 2045 eorum
766 2000 1054 2045 intentionem
1073 2001 1117 2045 in
1142 2017 1327 2061 superna
1349 2017 1439 2046 sus-

9 2076 14 2078 ’
55 2070 210 2116 tollens
225 2107 236 2127 ‚
267 2071 349 2115 nisi
386 2087 488 2115 cum
508 2080 606 2130 post
632 2080 860 2131 peecatum
882 2070 1139 2131 pudendum
1162 2072 1208 2115 in
1234 2072 1439 2116 membris

53 2149 224 2186 motum
245 2140 411 2200 poenali
431 2141 730 2185 membrorum
750 2140 846 2200 lege
868 2141 1111 2186 sensissent.
1149 2142 1218 2186 Sic
1244 2157 1347 2201 ergo
1370 2140 1439 2186 as-

56 2210 160 2256 fecti
181 2220 283 2256 sunt
297 2246 309 2266 ,
335 2220 386 2255 ut
403 2211 543 2256 solent
563 2212 676 2256 affici
704 2212 900 2256 homines
918 2212 1000 2256 sub
1023 2211 1159 2257 oculis
1179 2213 1409 2257 hominum
1427 2233 1438 2270 3

57 2291 102 2327 et
121 2281 216 2326 talis
238 2282 411 2327 affectio
437 2282 492 2326 de
519 2283 685 2342 peccati
712 2299 844 2343 poena
866 2292 956 2327 erat
971 2319 982 2338 ,
1018 2299 1120 2327 eum
1148 2283 1282 2328 latere
1298 2282 1410 2329 velle
1427 2319 1439 2339 ,

58 2367 192 2413 quem
212 2352 346 2397 latere
367 2352 476 2397 nihil
493 2362 654 2413 potest,
678 2362 722 2398 et
743 2355 798 2398 ab
820 2369 872 2398 eo
894 2369 1068 2398 carnem
1090 2354 1332 2410 occultare,
1363 2354 1441 2414 qui

61 2422 202 2467 cordis
228 2422 445 2482 inspector
466 2432 544 2468 est.
577 2423 663 2469 Sed
684 2424 791 2485 quid
810 2425 969 2469 mirum
992 2425 1025 2468 si
1048 2425 1225 2484 superbi
1247 2424 1442 2470 volentes

62 2508 151 2537 esse
176 2493 288 2538 sicut
307 2492 389 2548 dii,
424 2503 695 2540 evanuerunt
716 2495 761 2540 in
784 2495 1118 2554 cogitationibus
1148 2496 1234 2541 suis
1252 2530 1262 2550 ‚
1294 2504 1337 2539 et
1360 2493 1444 2539 ob-

113 2583 120 2601 ¹
142 2580 220 2609 Gen.
241 2588 289 2619 ιιι,
306 2588 341 2621 9.
357 2594 397 2604 -
420 2577 503 2611 lbid.
528 2590 577 2611 ιο.
