1854 3219
440 195 518 231 158
873 204 906 229 s.
944 200 1173 230 AUGUSTINI
1206 203 1389 230 Emscom

435 271 486 312 In
501 266 747 311 narratione
770 280 870 323 ergo
888 281 1033 310 rerum
1051 266 1264 311 factarum
1278 266 1490 328 quaeritur
1511 275 1661 311 utrum
1679 267 1824 311 omnia

431 338 674 383 secundum
702 337 941 397 figuratum
965 339 1271 385 tantummodo
1305 338 1577 383 intellectum
1611 338 1826 398 accipian-

434 418 518 463 tur,
545 424 600 452 an
622 407 752 452 etiam
772 407 1013 452 secundum
1032 408 1164 453 fidem
1186 408 1331 453 rerum
1355 418 1573 468 gestarum
1597 406 1825 452 asserenda

430 487 472 522 et
494 477 771 522 defendenda
793 478 893 522 sint.
919 481 1028 524 Nam
1046 495 1136 524 non
1158 495 1248 524 esse
1271 479 1524 539 accipienda
1547 477 1786 538 figuraliter
1809 513 1820 532 ,

430 548 577 594 nullus
608 549 879 594 Christianus
908 549 1050 594 dicere
1075 550 1280 606 audebit,
1313 549 1542 594 attendens
1564 548 1824 609 Apostolum

428 620 647 665 dicentem
665 640 674 665 ι
704 640 723 663 «
749 620 907 665 Omnia
937 632 1083 666 autem
1117 623 1210 666 haec
1246 623 1290 665 in
1328 621 1468 680 figura
1504 619 1823 680 contingebant

432 709 452 732 »
480 690 591 739 illis¹
615 710 624 736 :
646 710 665 733 »
684 701 727 736 et
745 690 854 749 illud
866 692 986 753 quod
1002 692 1047 736 in
1066 692 1221 752 Genesi
1239 691 1448 752 scriptum
1463 700 1551 747 est,
1581 710 1601 733 «
1626 693 1684 736 Et
1695 699 1824 736 erunt

433 783 451 803 »
473 762 563 807 duo
583 763 627 806 in
647 778 777 807 carne
805 766 917 807 una‘2
931 799 941 819 ,
975 781 994 804 »
1021 779 1231 822 magnum
1253 771 1575 807 sacramentum
1597 777 1823 807 commen-

428 833 604 878 dantem
622 835 668 878 in
690 835 862 880 Christo
885 844 927 879 et
949 835 995 878 in
1012 835 1205 879 Ecclesia
1224 836 1256 877 3.

490 908 546 948 ΙΙ.
571 905 613 950 Si
636 921 738 965 ergo
766 915 954 965 utroque
980 904 1113 949 modo
1134 904 1208 948 illa
1233 904 1453 964 Scriptura
1477 903 1712 949 scrutanda
1735 913 1820 960 est,

428 992 676 1038 quaeramus
692 976 916 1037 quomodo
939 975 1107 1020 dictum
1129 986 1193 1021 est
1214 985 1375 1036 praeter
1392 976 1667 1035 allegoricam
1690 976 1824 1035 signi-

427 1049 675 1093 ficationem
697 1068 705 1093 ;
730 1068 750 1090 «
773 1051 824 1092 In
839 1047 1053 1108 principio
1071 1047 1173 1092 fecit
1190 1051 1303 1093 Deus
1321 1047 1486 1093 eoelum
1500 1057 1544 1092 et
1556 1049 1738 1092 terram4
1760 1066 1769 1092 :
1797 1065 1819 1090 »

428 1130 577 1165 utrum
596 1121 642 1164 in
663 1120 861 1180 principo
880 1120 1085 1179 temporis
1111 1139 1119 1164 :
1138 1136 1193 1164 an
1215 1120 1318 1181 quia
1336 1121 1476 1181 primo
1495 1121 1692 1165 omnium
1709 1118 1823 1165 facta

429 1193 515 1237 sint
537 1212 545 1237 :
573 1209 628 1236 an
649 1193 694 1236 in
709 1192 923 1252 principio
942 1191 1063 1252 quod
1081 1202 1144 1236 est
1166 1193 1361 1237 Verbum
1380 1193 1453 1236 Dei
1471 1193 1723 1251 unigenitus
1745 1192 1821 1236 Fi-

428 1263 526 1308 lius.
557 1266 609 1308 Et
631 1263 855 1324 quomodo
878 1263 1012 1323 possit
1033 1263 1203 1308 ostendi
1225 1267 1365 1308 Deum
1385 1264 1475 1308 sine
1498 1263 1588 1308 ulla
1610 1263 1675 1308 sui
1699 1279 1822 1308 com-

429 1335 673 1380 mutatione
686 1336 853 1396 operari
870 1335 1098 1379 mutabilia
1120 1344 1164 1379 et
1186 1335 1457 1395 temporalia.
1478 1338 1536 1379 Et
1559 1334 1668 1395 quid
1687 1334 1823 1392 signi-

429 1407 584 1451 ficetur
597 1407 774 1452 nomine
786 1405 886 1451 coeli
899 1416 941 1452 et
955 1416 1097 1463 terrae,
1114 1416 1264 1451 utrum
1282 1406 1482 1467 spiritalis
1497 1406 1822 1469 corporalisque

430 1487 628 1523 creatura
651 1477 752 1522 coeli
774 1487 817 1522 et
844 1486 970 1522 terrae
991 1477 1259 1522 vocabulum
1283 1478 1524 1537 acceperit,
1551 1494 1606 1523 an
1627 1487 1823 1523 tantum-

429 1550 562 1595 modo
603 1549 838 1610 corporalis
866 1568 874 1594 ε
914 1557 964 1593 ut
985 1549 1031 1592 in
1053 1549 1138 1593 hoc
1171 1547 1286 1593 libro
1328 1548 1383 1594 de
1416 1548 1597 1610 spiritali
1638 1550 1822 1595 tacuisse

431 1620 727 1680 intelligatur,
754 1629 886 1681 atque
918 1620 975 1663 ita
1010 1618 1165 1664 dixisse
1181 1618 1346 1664 coelum
1374 1629 1418 1665 et
1440 1629 1622 1677 terram,
1654 1629 1705 1665 ut
1724 1637 1821 1666 om-

430 1709 531 1738 nem
563 1702 806 1737 creaturam
829 1707 1084 1751 corpoream
1116 1692 1383 1752 superiorem
1407 1701 1538 1753 atque
1571 1692 1822 1738 inferiorem

430 1764 671 1823 significare
693 1762 893 1807 voluerit.
927 1765 995 1807 An
1016 1760 1246 1824 utriusque
1275 1762 1472 1809 informis
1494 1764 1674 1808 materia
1705 1764 1821 1810 dicta

431 1848 494 1883 est
504 1837 667 1883 coelum
677 1847 720 1882 et
733 1845 845 1881 terra
866 1856 874 1881 :
891 1835 1091 1896 spiritalis
1105 1834 1309 1880 videlicet
1318 1836 1422 1891 vita,
1439 1835 1564 1881 sicuti
1578 1851 1667 1881 esse
1679 1845 1823 1896 potest

431 1912 476 1955 in
497 1926 567 1966 se,
588 1925 678 1954 non
696 1924 903 1953 conversa
922 1906 977 1952 ad
1000 1909 1251 1952 Creatorem
1270 1929 1280 1966 3
1305 1906 1381 1951 tali
1403 1908 1518 1952 enim
1539 1907 1822 1953 conversione

431 1982 646 2026 formatur
669 1989 800 2041 atque
817 1979 1067 2039 perficitur,
1092 1979 1126 2022 si
1149 1988 1295 2023 autem
1318 1995 1408 2023 non
1430 1988 1737 2036 convertatur,
1759 1979 1824 2024 in-'

430 2053 580 2098 formis
606 2061 670 2096 est
696 2071 705 2096 :
731 2049 965 2111 corporalis
988 2059 1135 2094 autem
1157 2050 1190 2094 si
1211 2051 1346 2111 possit
1367 2050 1553 2111 intelligi
1574 2067 1654 2111 per
1675 2050 1821 2112 priva-

428 2126 592 2171 tionem
611 2123 751 2169 omnis
767 2138 987 2183 corporeae
1005 2115 1247 2183 qualitatis,
1269 2139 1368 2184 quae
1386 2132 1565 2184 apparet
1581 2123 1627 2168 in
1644 2123 1822 2169 materia

427 2196 614 2242 formata
633 2232 642 2251 ,
670 2211 771 2240 cum
788 2196 879 2256 jam
902 2203 1003 2239 sunt
1019 2194 1182 2254 species
1196 2211 1453 2255 corporum,
1480 2195 1566 2240 sive
1583 2195 1680 2240 visu
1695 2230 1706 2251 ,
1732 2195 1820 2241 sive

430 2268 514 2313 alio
538 2266 738 2328 quolibet
760 2281 887 2310 sensu
909 2266 1100 2325 corporis
1123 2264 1445 2326 perceptibiles.

488 2342 569 2383 ΙΙΙ.
596 2341 664 2383 An
686 2336 849 2382 coelum
871 2336 1208 2396 intelligendum
1232 2345 1295 2382 est
1316 2346 1514 2382 creatura
1537 2335 1738 2397 spiritalis
1763 2335 1817 2382 ab

427 2410 629 2465 exordio,
649 2409 864 2470 quofacta
884 2417 947 2452 est
959 2407 1184 2468 ,perfecta
1201 2407 1274 2453 illa
1293 2417 1335 2453 et
1355 2408 1482 2453 beata
1500 2423 1685 2469 semper,
1702 2417 1816 2452 tetra
1852 2454 1854 2459 .

428 2498 552 2537 veto,
573 2479 807 2541 corporalis
825 2479 1024 2525 materies
1042 2480 1186 2526 adhuc
1202 2479 1485 2541 imper31ecta
1501 2480 1604 2542 quia
1625 2499 1647 2524 «
1665 2482 1812 2535 Terra,

476 2569 614 2600 ¹1C01·.
635 2578 675 2608 x,
699 2577 749 2600 11.
770 2582 811 2590 ——
828 2567 974 2600 2.Gen11
984 2563 1065 2609 ,24
1085 2564 1360 2610 —2.Ep11es.‚v
1381 2563 1626 2601 32.—-.-'÷Gen
1648 2577 1724 2609 1,1.
