1854 3219
642 131 660 152 A

368 174 452 211 370
803 186 835 210 5.
874 184 1103 213 mausum
1139 188 1318 214 Episcopi

362 249 526 303 Adam,
560 249 593 292 si
615 248 816 308 spiritalis
848 260 939 295 erat
973 261 1121 296 mente
1140 287 1151 308 ‚
1188 253 1386 314 quamvis
1421 254 1618 298 animalis
1647 263 1757 299 esset

361 334 557 379 corpore.
579 321 688 373 Quae
706 335 807 363 cum
829 320 889 365 ita
906 322 1006 377 sint,
1028 322 1137 367 nihil
1153 332 1297 367 tamen
1317 324 1461 368 adhuc
1477 339 1756 386 praepropere

361 390 667 434 confirmamus
680 425 690 445 ,
714 390 790 435 sed
803 401 1078 452 expectamus
1096 394 1257 453 potius,
1276 403 1426 439 utrum
1443 395 1575 440 etiam
1597 405 1753 442 caetera

361 460 587 520 Scriptura
610 462 729 507 hune
751 461 1027 508 intellectum
1045 479 1135 509 non
1157 464 1381 525 impediat.

363 612 1748 632 ArmmmmmmmmmmmmmeYWssmmvanw

840 733 1064 781 CAPUT
1103 734 1272 781 XXIX.

506 869 583 915 De
609 871 778 916 anima
809 870 1119 917 tractandam
1142 874 1192 918 ιή
1212 874 1433 931 sequenti
1461 870 1601 917 libro.

417 1009 512 1052 XL.
541 1010 761 1063 SEQtnTnn
790 1010 906 1054 enim
925 1010 1110 1071 quaestio
1133 1009 1188 1055 de
1211 1010 1354 1054 anima
1384 1008 1512 1055 valde
1534 1008 1748 1064 difficilis,

357 1079 405 1124 in
426 1097 513 1141 qua
534 1081 662 1126 multi
685 1081 1017 1138 laboraverunt,
1041 1082 1255 1143 nobisque
1277 1083 1355 1126 nbi
1377 1081 1626 1126 laboremus
1649 1081 1754 1125 reli-

358 1162 565 1213 querunt.
594 1152 691 1198 Sive
713 1154 829 1197 enim
849 1154 951 1214 quia
968 1170 1057 1198 non
1075 1154 1271 1198 omnium
1289 1153 1433 1198 omnia
1449 1153 1591 1212 legere
1608 1153 1750 1213 potui,

358 1224 435 1284 qui
457 1223 512 1269 de
534 1225 617 1269 hac
647 1241 692 1269 re
724 1225 968 1270 seeundum
989 1226 1311 1286 Scripturarum
1330 1235 1578 1270 nostrarum
1600 1226 1756 1270 verita-

357 1304 448 1339 tem
482 1296 537 1339 ad
559 1294 727 1356 aliquid
748 1296 966 1357 liquidum
995 1297 1262 1358 minimeque
1304 1295 1491 1341 dubium
1528 1296 1754 1356 pervenire

355 1377 624 1428 potuerunt3
648 1368 737 1413 sive
761 1369 862 1429 quia
885 1378 1006 1413 tanta
1028 1369 1211 1429 quaestio
1236 1378 1322 1424 est,
1347 1378 1398 1413 ut
1414 1369 1543 1412 etiam
1560 1368 1635 1428 qui
1658 1382 1754 1412 eam

354 1439 564 1484 veraciter
578 1438 770 1496 solvunt,
789 1456 879 1485 non
901 1439 1027 1485 facile
1047 1440 1347 1499 intelligantur
1365 1456 1388 1484 a
1407 1439 1584 1495 talibus,
1610 1440 1750 1499 qualis

355 1511 446 1571 ipse
469 1527 564 1556 sum
591 1531 600 1556 :
621 1509 760 1556 fateor
782 1512 1001 1556 neminem
1024 1511 1169 1556 adhue
1191 1513 1297 1556 mihi
1323 1512 1601 1572 persuasisse,
1629 1511 1753 1572 quod

355 1582 415 1625 sie
431 1582 618 1627 habeam
634 1581 688 1626 de
707 1583 871 1638 anima,
888 1592 937 1627 ut
956 1582 1064 1627 nihil
1078 1582 1264 1643 amplius
1278 1582 1566 1644 quaerendum
1580 1591 1748 1642 putem.

356 1654 515 1697 Utrum
538 1663 684 1698 autem
718 1670 836 1698 nune
858 1663 1027 1698 eertum
1061 1652 1230 1714 aliquid
1265 1654 1525 1698 inventurus
1561 1653 1668 1708 sim,
1710 1662 1754 1697 et

355 1724 636 1781 definiturus,
662 1725 832 1783 ignoro.
867 1724 999 1778 Quod
1039 1734 1188 1769 autem
1229 1734 1437 1785 potuero⁷
1471 1725 1506 1769 si
1545 1734 1751 1769 conatum

353 1809 503 1840 meum
538 1795 750 1842 Dominus
771 1795 1008 1857 adjuverit,
1047 1796 1248 1856 sequenti
1277 1795 1503 1842 volumine
1539 1795 1753 1856 explicare

356 1867 538 1913 curabo.
