1854 3219
344 236 398 262 nn
429 234 580 263 Gmmffl
613 231 669 261 AD
701 232 946 276 Lr‘rTERAM,
981 237 1063 264 Lm.
1100 236 1195 264 v111.
1377 223 1463 263 427

562 506 779 560 CAPUT
817 509 952 559 XIV.

128 655 218 702 Ex·
243 653 394 703 divim·
407 656 644 718 praecepti
661 662 936 715 contemptu
956 655 1258 715 eoeperientia
1273 652 1407 699 mali.

135 793 302 836 XXXI.
321 794 409 838 Nnc
432 792 523 836 fieri
540 800 697 851 potest,
717 799 769 835 ut
784 790 986 836 voluntas
1004 790 1177 850 propria
1197 804 1287 834 non
1313 788 1468 848 grandi

77 863 214 908 ruinae
240 862 433 922 pondere
462 879 591 923 super
615 864 838 908 hominem
869 861 1022 916 cadat,
1058 861 1091 905 si
1126 877 1223 905 eam
1248 860 1468 905 voluntati

76 925 306 994 superioris
340 934 591 980 extollendo
620 944 860 995 praeponat.
899 936 993 979 Hoc
1021 943 1225 994 expertus
1249 942 1313 976 est
1333 933 1468 977 homo

75 1014 360 1055 contemnens
378 1015 647 1065 praeceptum
664 1006 769 1062 Dei,
793 1014 837 1050 et
858 1005 943 1049 hoc
965 1003 1262 1064 experimento
1284 1002 1466 1058 didicit,

76 1075 183 1136 quid
196 1076 420 1127 interesset
433 1077 546 1120 inter
558 1077 728 1122 bonum
745 1086 788 1120 et
803 1076 984 1132 malum,
1000 1075 1170 1120 bonum
1182 1073 1345 1118 scilicet
1363 1074 1470 1118 obe-

76 1145 274 1202 dientiae,
288 1146 455 1191 malum
476 1157 622 1192 autem
644 1146 952 1192 inobedientiae
967 1182 978 1202 ,
1007 1144 1054 1190 id
1075 1155 1160 1201 est,
1187 1145 1403 1204 superbiae
1426 1154 1470 1189 et

75 1218 383 1273 contumaciae,
407 1233 620 1277 perversae
636 1218 890 1262 imitationis
911 1218 988 1261 Dei
1010 1226 1054 1260 et
1075 1216 1216 1261 noxiae
1235 1215 1466 1264 libertatis.

76 1289 170 1332 Hoc
191 1296 339 1331 autem
365 1287 412 1331 in
433 1304 523 1348 quo
549 1287 670 1347 ligno
696 1287 891 1332 accidere
924 1288 1089 1346 potuit,
1116 1302 1167 1330 ex
1187 1286 1280 1345 ipsa
1311 1301 1382 1340 re,
1419 1294 1470 1329 ut

72 1359 166 1418 jam
187 1373 317 1417 supra
339 1357 507 1402 dictum
529 1361 636 1413 est1,
662 1374 824 1402 nomen
852 1358 1032 1417 accepit.
1055 1357 1222 1401 Malum
1245 1356 1362 1400 enim
1388 1355 1471 1399 nisi

74 1428 372 1488 experimento
401 1444 491 1472 non
516 1429 799 1483 sentiremus,
830 1428 934 1488 quia
958 1426 1133 1471 nullum
1162 1435 1294 1481 esset,
1319 1426 1354 1469 si
1377 1441 1469 1470 non

20 1497 22 1499 ’
75 1497 337 1551 fecissemus.
363 1500 516 1558 Neque
545 1498 660 1547 enim
685 1496 775 1542 ulla
803 1508 960 1542 natura
987 1495 1091 1541 mali
1121 1505 1210 1552 est,
1237 1494 1312 1540 sed
1338 1497 1469 1540 amis-

74 1569 137 1614 sio
163 1569 270 1614 honi
297 1570 382 1614 hoc
405 1584 567 1614 nomen
605 1569 788 1629 accepit.
824 1572 996 1612 Bonum
1023 1568 1187 1628 quippe
1221 1567 1468 1612 incommu-

74 1638 209 1683 tabile
234 1642 348 1683 Deus
369 1648 433 1683 est
453 1658 462 1683 ε
488 1639 622 1684 homo
649 1648 797 1684 autem
818 1648 1035 1699 quantum
1054 1638 1109 1681 ad
1131 1638 1221 1698 ejus
1240 1646 1466 1693 naturam,

74 1710 119 1754 in
141 1726 228 1770 qua
248 1725 350 1753 eum
369 1712 484 1753 Deus
501 1709 721 1764 condidit,
752 1710 963 1768 pertinet,
986 1709 1155 1753 bonum
1179 1717 1243 1752 est
1262 1707 1467 1768 quidem,

75 1779 151 1824 sed
171 1796 262 1824 non
283 1779 642 1824 incommutabile
659 1789 710 1823 ut
731 1782 860 1824 Deus.
879 1778 1093 1824 Mutabile
1111 1788 1258 1822 autem
1281 1778 1466 1833 bonum,

75 1849 196 1911 quod
213 1859 278 1894 est
298 1859 398 1909 post
418 1849 777 1895 incommutabile
801 1849 971 1893 bonum
986 1885 997 1904 ,
1021 1849 1177 1892 melius
1198 1848 1368 1892 bonum
1389 1849 1439 1892 fit
1454 1882 1466 1905 ‚

74 1936 177 1965 cum
198 1920 317 1965 bono
338 1919 686 1964 incommutabili
722 1919 978 1975 adhaeserit,
1005 1919 1194 1963 amando
1225 1929 1357 1980 atque
1380 1934 1471 1963 sei·-

74 1991 233 2037 vicndo
255 1991 455 2036 rationali
477 2001 520 2036 et
536 1991 710 2052 propria
734 1990 976 2036 voluntate.
1001 1990 1106 2035 Ideo
1128 1990 1292 2051 quippe
1315 2000 1358 2035 et
1374 1991 1470 2036 haec

75 2064 223 2123 magni
236 2064 339 2107 boni
352 2072 507 2107 natura
524 2072 603 2118 cst,
620 2063 723 2124 quia
741 2072 784 2107 et
793 2063 878 2107 hoc
895 2062 1076 2122 accepit,
1095 2071 1145 2106 ut
1159 2061 1294 2121 possit
1310 2062 1471 2106 summi

6 2191 9 2201 .
75 2134 183 2180 boni
210 2133 431 2178 adhaerere
452 2142 635 2178 naturae.
663 2132 793 2187 Quod
814 2132 849 2177 si
866 2132 1078 2188 noluerit,
1105 2133 1224 2177 bono
1247 2148 1291 2176 se
1308 2132 1467 2192 privat,

6 2205 11 2228 ²
77 2214 121 2251 et
143 2205 225 2249 hoc
246 2205 286 2248 ei
310 2203 476 2248 malum
501 2213 592 2259 est,
622 2203 742 2248 unde
763 2219 840 2264 per
862 2204 1076 2264 justitiam
1104 2204 1182 2249 Dei
1204 2204 1334 2248 etiam
1366 2219 1469 2248 cru-

0 2285 39 2340 jff„
76 2275 214 2319 ciatus
241 2275 537 2335 consequitur.
569 2273 688 2328 Quid
716 2274 830 2318 enim
861 2284 951 2319 tam
984 2274 1214 2334 iniquum,
1250 2289 1384 2334 quam
1420 2281 1471 2317 ut

0 2393 1 2404 ἢ
76 2346 190 2390 bene
216 2345 270 2389 sit
291 2344 499 2390 desertori
514 2345 645 2400 boni?
667 2348 817 2406 Neque
838 2344 929 2390 ullo
951 2346 1084 2390 modo
1113 2345 1206 2389 fieri
1228 2353 1394 2405 potest,
1419 2353 1470 2388 ut

8 2419 12 2451 ἒ
77 2416 137 2460 ita
158 2415 213 2459 sit
235 2435 244 2460 ε
264 2414 340 2459 sed
362 2414 597 2477 aliquando
620 2415 762 2460 amissi
784 2416 1014 2476 superioris
1045 2416 1152 2460 boni
1172 2432 1262 2461 non
1285 2415 1470 2460 sentitur

0 2491 11 2542 ,ζ
78 2486 244 2530 malum
258 2521 269 2539 ,
294 2501 395 2531 cum
414 2487 602 2532 habetur
623 2486 745 2547 quod
767 2497 961 2532 amatum
983 2496 1047 2532 est
1067 2486 1250 2532 inferius
1278 2487 1463 2532 bonum.

128 2590 137 2605 ¹
161 2585 196 2616 In
212 2594 284 2627 cap.
302 2582 346 2616 vi.
