1854 3219
345 218 399 245 DE
430 217 580 246 GENESI
611 215 666 243 AD
698 212 938 254 MTTERAM,
973 215 1054 242 LIB.
1089 212 1130 241 V.
1345 199 1428 238 323

53 285 112 329 sic
132 282 414 343 intelligatur,
429 284 516 329 vita
532 291 673 338 «erat,
693 281 949 342 »quomodo
970 282 1016 325 in
1037 278 1251 340 principio
1267 286 1428 322 «erat»

54 356 266 412 Verbum,
281 365 324 400 et
342 355 538 401 Verbum
553 363 681 398 «erat
702 373 719 396 »
745 353 864 414 apud
882 357 1038 408 Deum,
1061 361 1105 397 ct
1125 354 1240 396 Deus
1265 357 1429 394 «erat»

54 429 266 473 Verbum.
291 428 421 482 Quod
434 443 537 487 ergo
558 425 724 471 factum
741 434 830 476 est,
851 429 942 486 jam
958 425 1047 470 vita
1069 443 1089 466 «
1109 431 1201 467 erat
1225 440 1245 463 »
1271 421 1318 465 in
1337 418 1430 475 illo,

55 509 99 544 et
119 500 207 545 vita
228 516 318 545 non
333 500 686 561 qualiscumque,
702 512 800 542 nam
816 506 860 540 et
872 511 1027 556 pecora
1048 494 1255 539 dicuntur
1271 492 1431 546 vivere,

56 586 155 630 quae
179 569 264 614 frui
286 586 377 615 non
398 578 580 630 possunt
600 567 928 628 participatione
965 564 1213 625 sapientiae,
1253 562 1328 607 sed
1347 561 1437 606 vita

55 649 146 685 erat
182 640 258 685 lux
293 641 535 686 hominum.
571 642 739 685 Mentes
772 638 934 698 quippe
971 634 1200 681 rationales
1239 639 1437 694 purgatae

56 711 191 770 gratia
208 711 298 770 ejus
315 746 326 766 ,
349 719 530 771 possunt
545 709 769 770 pervenire
792 706 847 752 ad
867 706 1083 768 ejusmodi
1098 705 1326 760 visionem,
1351 716 1439 763 qua

55 796 136 827 nec
162 781 359 842 superius
378 781 620 844 quidquam
641 780 695 826 sit
714 795 795 825 nec
816 778 1000 824 beatius,

24 938 26 940 ’
57 932 1440 956 MMNWUVWWWWMWWWWWVWUWWWUNNWWUMWWWWVWUWWW

572 1060 790 1111 CAPUT
837 1062 945 1111 XV.

344 1206 522 1253 Omnia
543 1205 702 1266 qualis
721 1208 824 1253 vita
841 1214 952 1252 sant
973 1205 1023 1251 in
1043 1203 1166 1251 Deo.

125 1342 337 1386 XXXIII.
380 1343 465 1387 SED
496 1341 664 1386 etiamsi
692 1342 777 1386 hoc
808 1341 1005 1401 legamus
1035 1349 1079 1385 ct
1115 1338 1442 1400 intelligamus:

65 1431 86 1455 ι(
117 1411 247 1466 Quod
269 1411 434 1457 factum
460 1421 546 1468 est,
569 1412 615 1456 in
635 1411 711 1457 illo
731 1413 822 1456 vita
845 1421 929 1468 est,
959 1430 978 1454 »
1004 1421 1150 1456 manet
1166 1412 1247 1455 ista
1268 1419 1445 1455 senten-

62 1485 146 1541 tia,
181 1492 233 1528 ut
263 1481 309 1527 id
335 1482 457 1545 quod
489 1498 567 1543 per
587 1483 732 1543 ipsum
752 1482 918 1527 factum
940 1492 1030 1539 est,
1065 1483 1155 1528 vita
1176 1498 1266 1528 esse
1286 1483 1333 1528 in
1368 1483 1444 1529 illo

60 1555 344 1615 intelligatur,
380 1554 426 1598 in
459 1571 547 1616 qua
583 1554 670 1599 vita
703 1553 811 1599 vidit
845 1554 1013 1611 omnia,
1038 1555 1217 1615 quando
1240 1553 1364 1615 fecit,
1405 1566 1448 1602 et

61 1627 172 1673 sicut
193 1625 324 1683 vidit,
343 1627 403 1671 ita
425 1623 554 1671 fecit:
581 1641 671 1671 non
691 1635 848 1686 praeter
870 1641 913 1670 se
937 1625 1081 1686 ipsum
1101 1627 1253 1672 videns
1271 1664 1281 1684 ,
1307 1627 1446 1674 sedin

62 1714 106 1744 se
127 1699 221 1759 ipso
242 1698 303 1742 ita
339 1697 611 1742 enumeravit
643 1697 788 1742 omnia
825 1713 924 1757 quae
958 1695 1074 1742 fecit.
1115 1700 1204 1744 Nec
1226 1699 1309 1745 alia
1337 1701 1448 1747 visio

63 1771 197 1831 ipsius
220 1778 264 1814 et
283 1768 443 1824 Patris,
463 1768 540 1812 sed
554 1784 663 1823 una,
689 1768 801 1813 sicut
816 1784 906 1813 una
927 1769 1182 1816 substantia.
1207 1774 1318 1818 Nam
1340 1783 1383 1818 et
1404 1774 1451 1819 in

65 1841 177 1886 libro
205 1839 290 1885 Job
317 1839 376 1884 ita
390 1838 482 1899 ipsa
501 1838 738 1897 Sapientia,
762 1853 841 1898 per
863 1855 996 1899 quam
1014 1839 1127 1886 facta
1152 1852 1254 1887 sunt
1276 1844 1445 1901 omnia,

64 1910 352 1975 praedicatur:
375 1929 397 1952 «
425 1909 641 1968 Sapientia
663 1924 787 1964 vero,
820 1909 984 1970 inquit,
1015 1911 1134 1956 unde
1156 1912 1333 1959 inventa
1362 1925 1447 1973 est,

68 2002 90 2025 »
123 1982 194 2027 vel
215 1982 312 2043 quis
333 1981 388 2025 sit
405 1980 526 2025 locus
549 1980 770 2025 scientiae?
794 1984 970 2039 Ignorat
991 1983 1184 2028 mortalis
1204 1985 1319 2031 viam
1341 1988 1448 2047 ejus,

69 2071 90 2096 »
124 2069 206 2098 nec
230 2051 477 2098 invenietur
498 2051 544 2095 in
560 2051 826 2096 hominibus.
856 2068 875 2093 »
901 2054 959 2097 Et
975 2053 1106 2113 paulo
1122 2065 1245 2115 post,
1268 2076 1288 2101 «
1307 2057 1450 2102 Audi-

70 2142 92 2167 »
124 2124 288 2179 vimus,
323 2122 491 2183 inquit,
524 2123 616 2183 ejus
650 2121 852 2181 gloriam,
885 2125 1096 2169 Dominus
1129 2128 1453 2176 commendavit

70 2214 93 2239 n
125 2196 239 2242 viam
261 2195 378 2256 ejus,
414 2203 458 2238 et
487 2194 578 2254 ipse
598 2194 720 2240 novit
738 2192 886 2239 locum
907 2197 1012 2256 ejus.
1044 2199 1141 2256 Ipse
1173 2199 1289 2244 enim
1323 2217 1454 2247 omne

72 2284 94 2309 n
128 2265 249 2328 quod
265 2274 329 2310 est
349 2264 431 2310 sub
451 2263 563 2309 coelo
578 2262 782 2325 perfecit,
808 2274 852 2310 et
872 2266 994 2311 novit
1017 2283 1117 2328 quae
1138 2271 1302 2316 suntin
1318 2281 1448 2330 terra,

71 2356 93 2380 »
127 2336 274 2382 omnia
294 2352 394 2398 quae
416 2334 520 2380 fecit
545 2355 554 2381 ε
585 2345 818 2381 ventorum
845 2336 1132 2396 libramenta,
1170 2357 1296 2403 aquae
1328 2360 1453 2390 men-

67 2426 89 2451 »
124 2424 243 2454 suras
259 2407 438 2468 quando
460 2406 578 2463 lecit,
601 2407 712 2452 sicut
731 2407 840 2453 vidit
857 2412 1170 2457 enumeravit¹.
1186 2431 1207 2455 »
1224 2415 1300 2460 His
1318 2426 1450 2477 atque

65 2477 318 2541 hujusmodi
336 2479 591 2524 testimoniis
620 2479 831 2539 probatur
859 2481 980 2542 quod
1012 2482 1106 2529 haec
1140 2485 1306 2543 omnia,
1332 2488 1452 2547 prius

121 2582 129 2599 ¹
151 2575 348 2617 Job.xxvn1,
371 2585 423 2617 12,
446 2577 484 2607 13
499 2585 507 2617 3
525 2579 558 2608 ct
575 2584 690 2617 22-25.

1180 2634 1265 2675 21..
