1854 3219
347 269 402 295 DE
433 269 584 296 GENEsr
616 267 671 295 An
703 265 943 306 LITTERAM,
979 269 1060 294 Lm.
1097 268 1157 294 1v.
1364 256 1448 294 ζ295

60 335 180 379 fecit.
213 336 270 378 Et
303 332 402 378 ideo
433 349 534 377 cum
568 332 800 394 placuisset
832 336 922 377 Deo
957 331 1123 377 factum
1153 331 1319 377 videnti
1346 334 1449 394 quia

61 406 231 450 bonum
252 413 338 460 est,
374 412 418 448 et
445 403 581 449 divisa
610 413 721 448 esset
746 404 821 448 lux
849 420 873 447 a
895 403 1108 459 tenebris,
1140 412 1184 448 et
1203 412 1355 448 vocata
1377 402 1452 448 lux

61 475 168 532 dies,
193 485 238 520 et
257 475 452 520 tenebrae
473 490 584 533 nox,
608 473 724 519 sacta
742 483 807 519 est
832 483 876 519 et
897 489 1076 534 vespera
1100 491 1112 519 .·
1137 475 1240 535 quia
1255 490 1453 520 necessa-

59 548 125 592 ria
156 555 248 592 erat
280 555 323 591 et
351 547 430 591 ista
462 546 676 606 cognitio,
708 562 795 607 qua
823 544 1166 605 distingueretur
1194 562 1218 590 a
1246 548 1453 592 Creatore

60 627 273 674 creatura,
294 617 417 662 aliter
437 617 484 661 in
498 633 543 662 se
563 617 656 677 ipsa
673 617 849 676 cognita
869 632 1002 677 quam
1014 617 1060 661 in
1078 616 1155 662 illo
1174 636 1183 662 :
1203 626 1335 678 atque
1350 617 1454 662 inde

59 704 187 735 mane
208 689 265 734 ad
283 688 407 733 aliud
427 688 891 749 praecognoscendum,
918 688 1040 749 quod
1056 687 1198 733 fuerat
1217 688 1353 736 verbo
1377 689 1455 733 Dei

59 760 331 817 faciendum,
363 760 483 821 prius
504 761 551 805 in
583 761 833 821 cognitione
855 761 1012 805 mentis
1041 759 1269 819 angelicae,
1296 759 1456 805 deinde

59 834 107 878 in
128 841 287 878 natura
308 832 442 892 ipsius
463 833 744 877 firmamenti.
760 832 928 877 Etideo
941 831 1048 877 dixit
1065 836 1181 878 Deus
1203 853 1212 878 z
1233 853 1254 875 «
1274 833 1373 877 Fiat
1388 834 1460 877 fir-

62 921 84 945 »
116 911 412 960 mamentum,
431 912 476 947 et
491 903 550 947 sic
568 912 632 947 est
646 902 813 948 factum
829 939 839 959 ,
868 921 888 944 »
909 903 955 947 in
974 904 1225 963 cognitione
1244 913 1455 948 creaturae

59 973 259 1034 spiritalis
274 1009 285 1030 ,
309 974 394 1018 hoc
415 973 536 1034 prius
559 990 694 1035 quam
715 976 839 1019 fieret
864 975 911 1020 in
931 990 982 1020 eo
1003 975 1098 1035 ipso
1125 975 1453 1035 praenoscentis.

59 1044 228 1091 Deinde
261 1064 282 1088 «
307 1045 430 1090 Fecit
452 1048 566 1090 Deus
589 1046 942 1102 firmamentum,
970 1064 991 1088 ³>
1016 1048 1109 1107 jam
1137 1046 1292 1108 utique
1316 1047 1457 1107 ipsam

60 1116 325 1161 firmamenti
350 1125 575 1172 naturam,
600 1118 724 1178 cujus
747 1118 892 1162 minor
910 1126 1021 1162 esset
1045 1127 1254 1179 tanquam
1278 1133 1457 1179 vesper-

61 1187 151 1231 tina
168 1187 360 1247 cognitio
381 1207 391 1233 ε
418 1203 466 1232 ac
489 1187 549 1232 sic
569 1203 710 1248 usque
731 1187 787 1233 ad
809 1189 1007 1234 omnium
1027 1205 1210 1250 operum
1228 1189 1361 1234 finem
1376 1225 1387 1245 ,
1413 1199 1458 1234 et

60 1275 200 1320 usque
231 1258 287 1303 ad
308 1260 503 1320 requiem
532 1261 632 1315 Dei,
664 1277 764 1321 quae
795 1277 886 1305 non
919 1261 1054 1306 habet
1078 1277 1327 1322 vesperam,
1353 1262 1456 1323 quia

61 1345 152 1375 non
173 1340 238 1375 est
253 1329 369 1375 facta
385 1330 499 1375 sicut
515 1340 712 1375 creatura
725 1368 735 1387 ‚
767 1341 818 1376 ut
839 1342 983 1393 posset
1010 1333 1140 1377 etiam
1164 1334 1297 1394 ipsius
1315 1334 1454 1392 gemi-

60 1400 155 1445 nari
199 1400 421 1460 cognitio,
454 1409 667 1462 tanquam
697 1402 816 1461 prior
852 1412 895 1448 et
936 1405 1073 1464 major
1103 1404 1150 1448 in
1194 1404 1342 1448 Verbo
1374 1405 1455 1449 Dei

60 1471 171 1517 sicut
200 1472 248 1517 in
284 1471 377 1529 die,
412 1481 456 1517 et
485 1472 698 1533 posterior
729 1488 778 1518 ac
810 1473 954 1518 minor
985 1474 1032 1517 in
1062 1489 1106 1518 se
1135 1475 1228 1535 ipsa
1259 1474 1374 1520 sicut
1404 1476 1451 1520 in

58 1558 253 1604 vespera.

63 1689 166 1709 Μ

523 1688 1164 1708 WWWWWWWWWWWW
1167 1691 1308 1709 mm
1311 1693 1452 1710 mm

498 1820 717 1870 CAPUT
761 1824 1004 1871 LXXIII.

59 1969 144 2013 An
170 1966 315 2013 simul
334 1970 521 2025 omnia,
552 1984 619 2013 an
641 1983 734 2028 per·
753 1967 1010 2015 intervalla
1038 1966 1224 2016 dierum
1250 1969 1449 2017 condita

639 2038 851 2101 sites-int.

93 2196 95 2198 ·
117 2176 198 2237 LI,
222 2175 308 2219 SED
323 2173 358 2218 si
380 2174 526 2219 omnia
541 2189 664 2219 mens
686 2175 815 2221 simu]
841 2175 1036 2237 angelica
1056 2186 1214 2238 potest,
1240 2194 1341 2240 quae
1362 2180 1450 2224 sin-

60 2241 243 2304 gillatim
266 2260 346 2305 per
361 2245 562 2290 ordinem
587 2261 881 2292 connexarum
899 2263 1127 2293 causarum
1144 2265 1285 2295 sermo
1302 2249 1452 2296 distin-

61 2317 175 2376 guit,
196 2316 415 2378 numquid
433 2317 564 2361 etiam
585 2334 687 2379 quae
703 2318 885 2375 fiebant,
904 2319 1027 2365 velut
1046 2321 1191 2380 ipsum
1205 2322 1449 2367 firmamen-

61 2397 178 2444 tum,
213 2387 336 2433 velut
366 2404 579 2450 aquarum
617 2391 915 2450 congregatio,
955 2392 1206 2454 speciesque
1235 2403 1449 2438 terrarum

62 2460 250 2515 nudata,
287 2458 410 2504 velut
438 2458 650 2505 fruticum
687 2470 732 2506 et
769 2462 975 2507 arborum
1006 2464 1284 2522 germinatio,
1319 2465 1450 2509 lumi-

63 2531 234 2575 narium
258 2540 302 2575 et
329 2530 521 2576 siderum
552 2533 845 2578 conformatio
861 2570 872 2589 ,
910 2535 1115 2596 aquatilia
1141 2537 1448 2597 terrestriaque

63 2602 298 2647 animantia
334 2601 464 2647 simul
500 2604 646 2649 omnia
691 2603 804 2649 facta
839 2608 968 2651 sunt?
1005 2622 1152 2653 annon
1190 2607 1335 2667 potius
1366 2623 1446 2667 per
