1854 3219
44 279 117 309 CM».
146 285 187 309 iv.

159 343 191 363 V.

146 398 192 419 V1.

129 453 187 474 vn.

117 506 188 530 vm.

148 562 191 584 lx.

160 673 191 695 Χ.

145 730 190 752 m.

134 841 188 863 xu:

120 897 188 919 Xlll.

125 952 176 975 XIV
181 968 188 975 .

137 1008 190 1030 XV.

124 1120 181 1143 XVI
185 1135 192 1142 .

111 1233 178 1256 xvn
184 1249 189 1255 .

95 1291 177 1313 xvnt
182 1305 190 1313 .

129 1410 191 1430 xm.

139 1466 192 1488 XX.

126 1639 191 1661 XXI.

112 1696 192 1718 xxn.

99 1798 190 1834 xxm.

102 1923 191 1946 xxiv.

120 1979 196 2000 XXV.

108 2033 197 2056 xxvl.

97 2089 195 2119 xxyn.

87 2197 195 2222 xxvm.

112 2308 185 2332 XXIX
190 2322 196 2331 .

652 208 800 235 minax.
1341 196 1426 235 639

215 275 302 308 Idem
320 274 508 317 expenditur
525 279 756 316 argumentum.
1360 275 1425 305 340

215 334 262 363 De
280 331 391 363 eadem
403 342 448 363 rc.
1358 331 1420 360 341

217 386 413 419 Sententiam
429 395 517 418 suam
532 385 677 427 liquidius
696 384 837 427 explicat
848 409 859 426 ,
877 394 918 416 ne
938 383 1021 417 male
1041 382 1246 427 intelligatur.
1362 385 1427 415 343

212 442 282 475 Dici
298 453 363 474 non
378 452 470 484 posse
488 441 607 473 animas
624 441 708 483 prius
725 445 851 472 creatas
868 450 963 482 quam
980 450 1126 482 corpora.
1363 440 1428 470 345

212 492 387 529 Difficultas
404 497 445 529 de
462 506 544 529 voce
558 496 617 528 Dei
635 496 677 528 ad
689 495 850 529 hominem
865 501 952 528 sexto
964 495 1016 528 die
1033 495 1168 528 directa.
1361 495 1425 526 347

216 551 369 585 Jeremias
385 552 542 594 quomodo
562 553 645 584 Deus
662 554 756 584 notus
771 556 941 595 antequam
958 551 1123 584 formatus.
1144 566 1187 574 --
1204 548 1317 582 Merita

262 608 402 640 nondum
414 612 573 640 natorum.
1362 603 1431 635 348

217 663 284 695 Res
300 664 395 696 variis
412 663 511 696 modis
524 662 708 702 existentes,
1362 661 1427 693 349

215 719 324 762 Opera
350 719 519 753 creationis
537 718 589 753 die
606 723 697 752 sexto
713 718 870 761 quomodo
895 721 930 751 et
948 718 1016 760 jam
1037 720 1256 759 consummata
1280 719 1316 748 et

262 777 366 808 adhuc
389 776 551 808 inchoata.
1362 772 1428 803 350

213 833 333 874 Corpus
350 831 484 864 hominis
501 842 542 865 an
557 830 704 874 singulari
720 830 814 862 modo
833 841 851 862 a
867 832 934 862 Deo
950 829 1133 863 formatum.
1361 827 1428 859 352

215 889 283 925 Qua
300 892 395 920 aetate
407 892 463 921 aut
478 892 600 920 statura
616 886 763 920 conditus
780 885 879 918 fuerit
894 886 1005 918 Adam.
1362 884 1428 915 354

213 944 361 976 Rationes
371 944 515 977 causales
531 943 649 975 mundo
659 942 796 984 primum
807 941 925 982 inditae,
939 941 1032 982 cujus
1046 939 1170 983 generis
1181 938 1314 973 fuerint.
1362 939 1427 970 356

217 999 338 1031 Primus
349 1000 444 1032 homo
455 1010 518 1031 non
528 999 621 1032 aliter
632 1008 727 1041 quam
739 996 954 1041 primordiales
964 1007 1066 1029 causae
1075 995 1246 1038 haberent,
1254 994 1320 1027 for·

264 1060 367 1087 matus
384 1055 456 1088 fuit.
1364 1051 1428 1082 357

216 1112 252 1143 In
268 1111 314 1143 rei
337 1117 449 1143 natura
467 1115 530 1153 est,
555 1111 679 1154 utquid
692 1121 759 1143 esse
779 1110 894 1153 possit3
914 1113 950 1142 ut
968 1109 1109 1142 futurum
1124 1107 1180 1150 sit,
1197 1105 1318 1140 nonnisi

262 1167 295 1199 in
312 1166 370 1199 Dei
386 1167 563 1200 voluntate.
1363 1159 1427 1193 358

216 1225 260 1255 Ex
278 1222 392 1256 futuris
409 1235 550 1266 quaenam
566 1234 642 1256 vere
658 1222 776 1255 futura.
1361 1219 1426 1250 359

215 1280 376 1323 Colligitur
396 1282 550 1313 Adamum
567 1292 629 1312 non
648 1280 818 1312 formatum
840 1279 937 1313 fuisse
956 1285 1068 1313 contra
1084 1289 1178 1322 quam
1196 1281 1268 1310 erat
1282 1275 1316 1309 in

262 1337 518 1381 primordialibus
531 1338 630 1370 causis
642 1339 832 1371 institutum.
1362 1331 1427 1365 360

217 1398 338 1431 Adamo
356 1409 417 1430 non
430 1399 570 1442 spiritale
579 1397 636 1430 sed
648 1395 784 1430 animale
801 1405 917 1438 corpus
933 1407 952 1429 a
968 1397 1034 1427 Deo
1047 1393 1220 1426 formatum
1233 1402 1313 1424 esse:
1363 1391 1424 1423 361

217 1456 393 1490 Difficultas
417 1462 529 1490 contra
553 1456 747 1500 superiorem
769 1454 976 1488 sententiam.
1001 1471 1044 1476 —
1064 1451 1177 1494 Opinio
1203 1458 1317 1492 corpus

262 1514 376 1547 Adami
392 1514 478 1557 prius
493 1512 629 1546 animale
639 1537 648 1555 ‚
666 1516 779 1555 postea
798 1510 941 1554 spiritale
957 1509 1082 1543 factum
1096 1508 1193 1541 fuisse
1204 1507 1237 1539 in
1252 1515 1315 1549 pa-

264 1571 380 1602 radiso.
1363 1560 1428 1592 362

217 1625 402 1669 Exploditur
417 1625 524 1668 opinio
539 1624 735 1668 praecedens.
1362 1618 1426 1650 363

218 1684 374 1716 Adamum
399 1686 536 1724 peccato
560 1685 698 1713 mortem
719 1678 831 1712 animae
843 1702 854 1720 ,
881 1688 944 1712 non
974 1676 1115 1720 corporis
1143 1675 1319 1714 meruisse,

244 1740 372 1783 quidam
388 1749 452 1771 non
461 1742 552 1770 recte
568 1735 772 1769 arbitrantes.
1364 1731 1431 1764 264

216 1799 254 1830 In
270 1806 324 1829 eos
347 1794 402 1838 qui
416 1794 528 1827 dicunt
543 1793 618 1826 Adae
638 1802 754 1835 corpus
771 1801 811 1824 ex
835 1788 961 1823 animali
978 1787 1123 1832 spiritale
1141 1787 1264 1821 factum
1285 1785 1319 1820 in

267 1852 423 1897 paradiso.
1364 1844 1429 1875 365

216 1913 253 1944 In
263 1908 473 1942 renovatione
488 1905 645 1949 quomodo
669 1905 701 1938 id
713 1904 904 1946 recipimus,
921 1902 1006 1945 quod
1022 1901 1123 1935 Adam
1140 1898 1290 1944 perdidit.
1336 1895 1429 1930 Ibid.

219 1966 294 1999 Adae
305 1974 420 2007 corpus
431 1962 565 1995 mortale
578 1960 668 1994 simul
678 1964 711 1993 et
727 1965 761 1993 et
774 1958 964 1992 immortale.
1365 1955 1431 1986 366

221 2024 342 2064 Corpus
358 2020 433 2052 Adae
446 2023 480 2051 et
496 2021 639 2051 nostrum
653 2016 791 2050 diversa.
1368 2009 1432 2042 367

222 2075 386 2116 Quomodo
411 2063 519 2107 mente
542 2076 576 2106 et
599 2082 737 2116 corpore
763 2070 804 2104 ad
828 2070 859 2103 id
884 2077 1089 2110 renovamur,
1119 2066 1205 2109 quod
1219 2064 1320 2099 Adam

270 2131 420 2175 perdidit.
1368 2120 1433 2153 368

220 2186 322 2222 Adam
337 2185 415 2219 licet
437 2183 585 2228 spiritalis
606 2186 735 2223 mente,
759 2189 896 2224 corpore
917 2178 978 2213 fuit
1001 2176 1146 2212 animalis
1175 2175 1274 2211 etiam
1288 2175 1321 2209 in

270 2239 426 2286 paradiso.
1367 2230 1432 2263 369

221 2300 268 2332 De
285 2295 389 2331 anima
404 2293 609 2331 tractandum
624 2292 657 2327 in
671 2290 818 2336 sequenti
833 2290 925 2325 libro.
1367 2286 1429 2318 371
