1854 3219
378 170 462 209 556
821 182 853 208 s,
891 180 1119 209 Aucusrmi
1152 182 1331 210 Errscom

377 335 445 351 Νὶὶὶ
454 334 517 349 Now!
525 334 589 349 kax
597 315 733 350 §.nanuum
739 334 1016 352 »mmmm
1022 335 1764 354 WWWUQWUSWWRARWMWMMWVUW

838 458 1053 508 CAPUT
1090 462 1321 510 XXXVI.

785 606 841 652 M
844 604 1068 653 aledc'ctz'o
1095 621 1117 652 s
1124 622 1206 666 erp
1212 607 1346 651 entis.

432 745 591 788 XLIX.
616 762 636 786 ι(
653 746 718 789 ET
740 743 800 788 ait
815 744 1025 789 Dominus
1044 747 1159 788 Deus
1179 743 1371 804 serpenti
1399 762 1408 788 ι
1429 742 1538 796 Quia
1555 742 1694 787 fecisti
1718 751 1765 788 tu

375 832 394 855 »
417 815 516 870 hoc,
535 813 788 859 maledictus
804 824 852 859 tu
869 814 923 859 ab
943 814 1152 859 omnibus
1165 814 1413 874 pecoribus,
1431 822 1474 857 et
1490 812 1544 857 ab
1561 812 1766 857 omnibus

375 904 394 927 »
416 886 579 941 bestiis,
596 902 696 946 quae
709 895 811 931 sunt
824 902 953 946 super
968 896 1143 931 terram.
1153 888 1291 946 Super
1304 894 1455 946 pectus
1471 894 1595 929 tuum
1608 894 1651 929 et
1662 899 1764 930 ven-

374 976 393 998 »
423 966 532 1001 trem
552 966 679 1001 tuum
707 955 967 1012 ambulabis,
994 965 1037 1001 et
1064 966 1224 1000 terram
1247 955 1347 1001 edes
1373 970 1523 1001 omnes
1548 954 1638 999 dies
1667 955 1768 999 vitae

375 1046 394 1069 »
426 1037 526 1072 tuae.
549 1030 606 1072 Et
623 1027 873 1072 inimicitias
893 1043 1055 1087 ponam
1071 1027 1186 1072 inter
1210 1037 1251 1072 te
1269 1036 1313 1071 et
1331 1025 1574 1082 mulierem,
1591 1035 1634 1070 et
1655 1026 1768 1070 inter

374 1117 394 1140 »
421 1114 569 1142 semen
591 1108 717 1143 tuum
736 1108 778 1143 et
799 1114 946 1142 semen
968 1097 1099 1143 illius.
1128 1101 1226 1158 Ipsa
1250 1098 1330 1143 tibi
1351 1097 1542 1142 servabit
1555 1106 1702 1156 caput,
1724 1105 1770 1143 et

376 1192 392 1208 »
421 1178 469 1212 tn
491 1169 680 1213 servabis
703 1170 792 1228 ejus
816 1168 1113 1213 calcaneum&
1138 1187 1157 1210 n
1187 1171 1294 1213 Tota
1315 1167 1396 1212 ista
1419 1167 1634 1212 sententia
1654 1167 1771 1226 figu-

372 1249 461 1283 rata
481 1248 564 1293 est,
590 1254 670 1283 nec
696 1238 817 1283 aliud
840 1237 973 1283 debet
998 1240 1037 1283 ei
1056 1239 1275 1298 scriptoris
1297 1238 1404 1282 fides
1422 1237 1770 1297 narrationisque

370 1311 526 1354 veritas
539 1346 549 1364 ,
577 1310 657 1354 nisi
681 1326 734 1353 ne
757 1309 877 1354 illam
894 1308 1057 1353 dictam
1072 1309 1204 1353 fuisse
1218 1308 1487 1353 dubitemus.
1505 1307 1634 1362 Quod
1655 1307 1772 1351 enim

370 1382 562 1442 positum
590 1391 674 1436 est,
704 1402 724 1424 (ι
759 1384 816 1425 Et
835 1380 942 1425 dixit
966 1382 1176 1425 Dominus
1207 1384 1321 1424 Deus
1347 1380 1558 1440 serpenti,
1590 1400 1607 1420 »
1636 1379 1771 1424 verba

370 1452 458 1497 sola
477 1453 703 1497 scribentis
726 1462 829 1496 sunt
847 1487 857 1507 ‚
882 1452 978 1496 haec
997 1452 1209 1511 exigenda
1222 1460 1325 1496 sunt
1343 1466 1418 1511 per
1439 1450 1767 1511 proprietatem.

372 1526 465 1568 Hoc
479 1539 581 1583 ergo
594 1539 748 1568 verum
762 1532 841 1578 est,
861 1521 1028 1567 dictum
1047 1532 1111 1566 est
1125 1522 1331 1582 serpenti.
1353 1524 1378 1566 J
1382 1537 1450 1566 am
1466 1530 1621 1566 caetera
1637 1520 1772 1566 verba

372 1596 450 1639 Dei
472 1604 575 1639 sunt
590 1630 600 1649 ‚
637 1610 736 1654 quae
773 1594 913 1638 libero
944 1593 1116 1638 lectoris
1151 1592 1395 1637 intellectui
1431 1592 1742 1653 relinquuntur
1756 1627 1768 1648 ‚

371 1675 519 1709 utrum
537 1666 709 1725 proprie
722 1681 777 1708 an
795 1665 980 1723 figurate
1001 1664 1136 1723 accipi
1156 1664 1369 1718 debeant,
1395 1663 1507 1707 sicut
1528 1664 1573 1707 in
1591 1661 1772 1709 exordio

371 1736 605 1781 voluminis
637 1737 768 1795 hujus
804 1735 940 1779 nostri
973 1733 1203 1794 praelocuti
1233 1749 1396 1778 sumus.
1430 1732 1617 1778 Proinde
1651 1733 1773 1794 quod

371 1823 547 1868 serpens
562 1843 572 1863 ⁷
598 1824 676 1852 cur
692 1808 775 1851 hoc
804 1805 976 1861 fecerit,
1009 1821 1099 1850 non
1118 1815 1182 1850 est
1205 1806 1495 1864 interrogatus
1514 1841 1524 1861 ‚
1549 1814 1691 1865 potest
1706 1806 1772 1850 vi-

372 1879 486 1933 deri,
508 1878 630 1938 quod
653 1893 743 1921 non
768 1877 858 1936 ipse
874 1877 1027 1937 utique
1049 1875 1095 1920 id
1114 1876 1159 1919 in
1188 1892 1265 1919 sua
1292 1885 1447 1919 natura
1477 1885 1520 1919 et
1544 1874 1772 1919 voluntate

373 1949 557 2005 seccrat3
583 1948 660 1992 sed
681 1946 881 1991 diabolus
900 1946 954 1990 de
979 1945 1053 1990 illo
1077 1955 1121 1989 et
1142 1961 1218 2005 per
1239 1945 1366 1989 illum
1388 1956 1431 1990 et
1454 1946 1498 1989 in
1526 1944 1601 1989 illo
1628 1944 1772 1990 fuerat

373 2028 575 2079 operatus
599 2038 606 2062 :
634 2019 708 2078 qui
731 2033 821 2077 Jam
837 2033 887 2061 ex
904 2026 1081 2077 peccato
1101 2016 1335 2076 impietatis
1358 2032 1406 2061 ac
1433 2016 1650 2075 superbiae
1679 2031 1771 2060 suae

375 2089 463 2147 igni
479 2088 717 2132 destinatus
733 2087 875 2131 fuerat
891 2087 1169 2147 sempiterno.
1186 2089 1312 2132 Nunc
1325 2101 1425 2144 ergo
1441 2085 1563 2146 quod
1577 2085 1772 2144 serpenti

374 2160 555 2215 dicitur,
579 2159 695 2204 etad
716 2175 818 2203 eum
840 2160 917 2219 qui
939 2174 1015 2218 per
1037 2167 1280 2218 serpentem
1298 2166 1500 2217 operatus
1529 2166 1592 2200 est
1616 2156 1770 2217 utique

375 2231 586 2286 refertur,
612 2229 767 2290 procul
789 2228 926 2274 dubio
949 2229 1184 2287 figuratum
1211 2237 1274 2273 est
1300 2248 1309 2274 :
1335 2243 1438 2272 nam
1459 2227 1504 2270 in
1531 2227 1598 2270 his
1624 2226 1768 2272 verbis

377 2311 563 2347 tentator
593 2300 665 2345 ifle
689 2300 970 2355 describitur,
1002 2299 1141 2360 qualis
1168 2299 1314 2358 generi
1352 2300 1550 2342 humano
1588 2295 1767 2341 futurus

375 2382 483 2417 essct
499 2392 507 2416 ε
521 2372 643 2432 quod
655 2386 790 2430 genus
802 2372 1045 2415 humanum
1060 2370 1291 2430 propagari
1304 2378 1408 2413 tunc
1417 2368 1568 2427 coepit,
1584 2366 1765 2428 quando

375 2445 469 2488 haec
492 2444 535 2487 in
568 2442 792 2487 diabolum
815 2451 878 2488 est
899 2451 1109 2502 tanquam
1140 2441 1185 2487 in
1201 2448 1447 2501 serpentem
1470 2437 1641 2500 prolata
1664 2453 1766 2485 sen-

427 2546 435 2562 ¹
456 2542 598 2580 Gen.111‚
628 2539 680 2581 14,
708 2538 762 2571 15.
