<?xml version="1.0" encoding="UTF-8"?>
<!DOCTYPE html PUBLIC "-//W3C//DTD XHTML 1.0 Transitional//EN"
    "http://www.w3.org/TR/xhtml1/DTD/xhtml1-transitional.dtd">
<html xmlns="http://www.w3.org/1999/xhtml" xml:lang="en" lang="en">
 <head>
  <title>
</title>
<meta http-equiv="Content-Type" content="text/html;charset=utf-8" />
  <meta name='ocr-system' content='tesseract 3.04.00' />
  <meta name='ocr-capabilities' content='ocr_page ocr_carea ocr_par ocr_line ocrx_word'/>
</head>
<body>
  <div class='ocr_page' id='page_1' title='image "./operaomniaaccura05auguuoft_0465.png"; bbox 0 0 1854 3219; ppageno 0'>
   <div class='ocr_carea' id='block_1_1' title="bbox 361 186 1470 239">
    <p class='ocr_par' dir='ltr' id='par_1_1' title="bbox 361 186 1470 239">
     <span class='ocr_line' id='line_1_1' title="bbox 361 186 1470 239; baseline -0.007 -6"><span class='ocrx_word' id='word_1_1' title='bbox 361 207 415 233; x_wconf 82' lang='lat' dir='ltr'>DE</span> <span class='ocrx_word' id='word_1_2' title='bbox 445 204 596 233; x_wconf 80' lang='lat' dir='ltr'><strong>GENESI</strong></span> <span class='ocrx_word' id='word_1_3' title='bbox 627 201 682 229; x_wconf 76' lang='lat' dir='ltr'>An</span> <span class='ocrx_word' id='word_1_4' title='bbox 713 200 951 239; x_wconf 65' lang='grc' dir='ltr'><strong>ιῙΤΤΕκΑΜ,</strong></span> <span class='ocrx_word' id='word_1_5' title='bbox 988 202 1069 227; x_wconf 74' lang='lat' dir='ltr'>ue.</span> <span class='ocrx_word' id='word_1_6' title='bbox 1104 199 1199 227; x_wconf 81' lang='lat' dir='ltr'>vm.</span> <span class='ocrx_word' id='word_1_7' title='bbox 1385 186 1470 226; x_wconf 75' lang='lat'>439</span> 
     </span>
    </p>
   </div>
   <div class='ocr_carea' id='block_1_2' title="bbox 94 264 1476 540">
    <p class='ocr_par' dir='ltr' id='par_1_2' title="bbox 94 264 1476 540">
     <span class='ocr_line' id='line_1_2' title="bbox 96 264 1472 330; baseline -0.005 -14"><span class='ocrx_word' id='word_1_8' title='bbox 96 272 236 326; x_wconf 84' lang='lat' dir='ltr'>bona,</span> <span class='ocrx_word' id='word_1_9' title='bbox 276 271 365 315; x_wconf 86' lang='lat' dir='ltr'>sive</span> <span class='ocrx_word' id='word_1_10' title='bbox 399 285 477 330; x_wconf 90' lang='lat' dir='ltr'>per</span> <span class='ocrx_word' id='word_1_11' title='bbox 508 283 552 313; x_wconf 90' lang='lat' dir='ltr'>se</span> <span class='ocrx_word' id='word_1_12' title='bbox 588 268 748 327; x_wconf 82' lang='lat' dir='ltr'>ipsam,</span> <span class='ocrx_word' id='word_1_13' title='bbox 789 267 877 310; x_wconf 88' lang='lat' dir='ltr'>sive</span> <span class='ocrx_word' id='word_1_14' title='bbox 918 282 996 326; x_wconf 85' lang='lat' dir='ltr'>per</span> <span class='ocrx_word' id='word_1_15' title='bbox 1024 266 1212 320; x_wconf 85' lang='lat' dir='ltr'>malam,</span> <span class='ocrx_word' id='word_1_16' title='bbox 1257 264 1304 308; x_wconf 89' lang='lat' dir='ltr'>in</span> <span class='ocrx_word' id='word_1_17' title='bbox 1341 264 1472 309; x_wconf 87' lang='lat' dir='ltr'>rebus</span> 
     </span>
     <span class='ocr_line' id='line_1_3' title="bbox 95 335 1470 402; baseline -0.006 -15"><span class='ocrx_word' id='word_1_18' title='bbox 95 342 307 387; x_wconf 84' lang='lat' dir='ltr'><strong>duntaxat</strong></span> <span class='ocrx_word' id='word_1_19' title='bbox 332 357 434 402; x_wconf 85' lang='lat' dir='ltr'>quae</span> <span class='ocrx_word' id='word_1_20' title='bbox 458 337 713 384; x_wconf 82' lang='lat' dir='ltr'><strong>naturaliter</strong></span> <span class='ocrx_word' id='word_1_21' title='bbox 739 346 841 381; x_wconf 89' lang='lat' dir='ltr'>sunt</span> <span class='ocrx_word' id='word_1_22' title='bbox 868 337 997 381; x_wconf 88' lang='lat' dir='ltr'>etiam</span> <span class='ocrx_word' id='word_1_23' title='bbox 1019 336 1142 381; x_wconf 89' lang='lat' dir='ltr'>malis</span> <span class='ocrx_word' id='word_1_24' title='bbox 1168 335 1470 381; x_wconf 86' lang='lat' dir='ltr'>voluntatibus</span> 
     </span>
     <span class='ocr_line' id='line_1_4' title="bbox 94 405 1476 469; baseline -0.007 -10"><span class='ocrx_word' id='word_1_25' title='bbox 94 413 308 469; x_wconf 83' lang='lat' dir='ltr'>subditae,</span> <span class='ocrx_word' id='word_1_26' title='bbox 348 413 394 457; x_wconf 92' lang='lat' dir='ltr'>id</span> <span class='ocrx_word' id='word_1_27' title='bbox 424 420 512 467; x_wconf 89' lang='lat' dir='ltr'>est,</span> <span class='ocrx_word' id='word_1_28' title='bbox 543 411 590 454; x_wconf 89' lang='lat' dir='ltr'>in</span> <span class='ocrx_word' id='word_1_29' title='bbox 619 408 888 469; x_wconf 84' lang='lat' dir='ltr'><strong>corporibus.</strong></span> <span class='ocrx_word' id='word_1_30' title='bbox 920 410 1031 454; x_wconf 86' lang='lat' dir='ltr'>Nam</span> <span class='ocrx_word' id='word_1_31' title='bbox 1059 408 1106 452; x_wconf 91' lang='lat' dir='ltr'>in</span> <span class='ocrx_word' id='word_1_32' title='bbox 1138 422 1182 452; x_wconf 87' lang='lat' dir='ltr'>se</span> <span class='ocrx_word' id='word_1_33' title='bbox 1216 407 1318 467; x_wconf 88' lang='lat' dir='ltr'>ipsis</span> <span class='ocrx_word' id='word_1_34' title='bbox 1350 405 1476 450; x_wconf 81' lang='lat' dir='ltr'>malae</span> 
     </span>
     <span class='ocr_line' id='line_1_5' title="bbox 94 475 1475 540; baseline -0.006 -10"><span class='ocrx_word' id='word_1_35' title='bbox 94 484 341 530; x_wconf 87' lang='lat' dir='ltr'>voluntates</span> <span class='ocrx_word' id='word_1_36' title='bbox 369 482 536 528; x_wconf 89' lang='lat' dir='ltr'>habent</span> <span class='ocrx_word' id='word_1_37' title='bbox 576 479 826 526; x_wconf 88' lang='lat' dir='ltr'>interiorem</span> <span class='ocrx_word' id='word_1_38' title='bbox 862 494 1042 540; x_wconf 82' lang='lat' dir='ltr'>poenam</span> <span class='ocrx_word' id='word_1_39' title='bbox 1078 493 1202 523; x_wconf 90' lang='lat' dir='ltr'>suam</span> <span class='ocrx_word' id='word_1_40' title='bbox 1219 513 1232 534; x_wconf 86' lang='lat'>,</span> <span class='ocrx_word' id='word_1_41' title='bbox 1277 475 1475 523; x_wconf 89' lang='lat' dir='ltr'>eamdem</span> 
     </span>
    </p>
   </div>
   <div class='ocr_carea' id='block_1_3' title="bbox 93 554 695 616">
    <p class='ocr_par' dir='ltr' id='par_1_3' title="bbox 93 554 695 616">
     <span class='ocr_line' id='line_1_6' title="bbox 93 554 695 616; baseline -0.008 -15"><span class='ocrx_word' id='word_1_42' title='bbox 93 556 232 616; x_wconf 86' lang='lat' dir='ltr'>ipsam</span> <span class='ocrx_word' id='word_1_43' title='bbox 261 554 537 615; x_wconf 88' lang='lat' dir='ltr'>iniquitatem</span> <span class='ocrx_word' id='word_1_44' title='bbox 558 566 695 598; x_wconf 87' lang='lat' dir='ltr'>suam.</span> 
     </span>
    </p>
   </div>
   <div class='ocr_carea' id='block_1_4' title="bbox 661 717 1369 738">
    <p class='ocr_par' dir='ltr' id='par_1_4' title="bbox 661 717 1369 738">
     <span class='ocr_line' id='line_1_7' title="bbox 661 717 1369 738; baseline 0 2481"><span class='ocrx_word' id='word_1_45' title='bbox 661 717 1369 738; x_wconf 95' lang='lat' dir='ltr'> </span> 
     </span>
    </p>
   </div>
   <div class='ocr_carea' id='block_1_5' title="bbox 590 718 1481 739">
    <p class='ocr_par' dir='ltr' id='par_1_5' title="bbox 590 718 1481 739">
     <span class='ocr_line' id='line_1_8' title="bbox 590 718 1481 739; baseline -0.004 0"><span class='ocrx_word' id='word_1_46' title='bbox 590 721 660 739; x_wconf 63' lang='lat' dir='ltr'>m</span> <span class='ocrx_word' id='word_1_47' title='bbox 1370 718 1481 736; x_wconf 69' lang='grc' dir='ltr'>ΜΜΜ</span> 
     </span>
    </p>
   </div>
   <div class='ocr_carea' id='block_1_6' title="bbox 306 722 589 740">
    <p class='ocr_par' dir='ltr' id='par_1_6' title="bbox 306 722 589 740">
     <span class='ocr_line' id='line_1_9' title="bbox 306 722 589 740; baseline 0 2479"><span class='ocrx_word' id='word_1_48' title='bbox 306 722 589 740; x_wconf 95' lang='lat' dir='ltr'> </span> 
     </span>
    </p>
   </div>
   <div class='ocr_carea' id='block_1_7' title="bbox 94 723 305 742">
    <p class='ocr_par' dir='ltr' id='par_1_7' title="bbox 94 723 305 742">
     <span class='ocr_line' id='line_1_10' title="bbox 94 723 305 742; baseline -0.005 0"><span class='ocrx_word' id='word_1_49' title='bbox 94 723 305 742; x_wconf 63' lang='lat' dir='ltr'>mm</span> 
     </span>
    </p>
   </div>
   <div class='ocr_carea' id='block_1_8' title="bbox 558 837 998 893">
    <p class='ocr_par' dir='ltr' id='par_1_8' title="bbox 558 837 998 893">
     <span class='ocr_line' id='line_1_11' title="bbox 558 837 998 893; baseline -0.007 0"><span class='ocrx_word' id='word_1_50' title='bbox 558 837 776 893; x_wconf 83' lang='lat' dir='ltr'><strong>CAPUT</strong></span> <span class='ocrx_word' id='word_1_51' title='bbox 811 842 998 891; x_wconf 88' lang='lat' dir='ltr'><strong>XXIV.</strong></span> 
     </span>
    </p>
   </div>
   <div class='ocr_carea' id='block_1_9' title="bbox 216 985 1361 1055">
    <p class='ocr_par' dir='ltr' id='par_1_9' title="bbox 216 985 1361 1055">
     <span class='ocr_line' id='line_1_12' title="bbox 216 985 1361 1055; baseline -0.003 -18"><span class='ocrx_word' id='word_1_52' title='bbox 216 991 462 1055; x_wconf 80' lang='lat' dir='ltr'>Quoenam</span> <span class='ocrx_word' id='word_1_53' title='bbox 480 987 633 1036; x_wconf 76' lang='lat' dir='ltr'>beatis</span> <span class='ocrx_word' id='word_1_54' title='bbox 654 987 860 1053; x_wconf 80' lang='lat' dir='ltr'><em>Angelis</em></span> <span class='ocrx_word' id='word_1_55' title='bbox 884 985 1088 1035; x_wconf 71' lang='lat' dir='ltr'>subditae</span> <span class='ocrx_word' id='word_1_56' title='bbox 1109 996 1361 1034; x_wconf 73' lang='lat' dir='ltr'>creatur-ce.</span> 
     </span>
    </p>
   </div>
   <div class='ocr_carea' id='block_1_10' title="bbox 0 1118 1484 2255">
    <p class='ocr_par' dir='ltr' id='par_1_10' title="bbox 81 1118 1484 1544">
     <span class='ocr_line' id='line_1_13' title="bbox 143 1118 1484 1188; baseline -0.001 -16"><span class='ocrx_word' id='word_1_57' title='bbox 143 1123 284 1172; x_wconf 80' lang='lat' dir='ltr'><strong>XLV.</strong></span> <span class='ocrx_word' id='word_1_58' title='bbox 300 1124 360 1172; x_wconf 78' lang='lat' dir='ltr'>Ac</span> <span class='ocrx_word' id='word_1_59' title='bbox 375 1141 455 1188; x_wconf 90' lang='lat' dir='ltr'>per</span> <span class='ocrx_word' id='word_1_60' title='bbox 466 1127 552 1172; x_wconf 93' lang='lat' dir='ltr'>hoc</span> <span class='ocrx_word' id='word_1_61' title='bbox 569 1124 829 1171; x_wconf 83' lang='lat' dir='ltr'><strong>sublimibus</strong></span> <span class='ocrx_word' id='word_1_62' title='bbox 844 1124 1022 1186; x_wconf 82' lang='lat' dir='ltr'>Angelis</span> <span class='ocrx_word' id='word_1_63' title='bbox 1038 1127 1130 1170; x_wconf 90' lang='lat' dir='ltr'>Deo</span> <span class='ocrx_word' id='word_1_64' title='bbox 1146 1125 1322 1170; x_wconf 84' lang='lat' dir='ltr'>subdite</span> <span class='ocrx_word' id='word_1_65' title='bbox 1335 1118 1484 1170; x_wconf 86' lang='lat' dir='ltr'>fruen-</span> 
     </span>
     <span class='ocr_line' id='line_1_14' title="bbox 90 1197 1481 1255; baseline -0.001 -12"><span class='ocrx_word' id='word_1_66' title='bbox 90 1199 223 1255; x_wconf 84' lang='lat' dir='ltr'>tibus,</span> <span class='ocrx_word' id='word_1_67' title='bbox 243 1207 288 1244; x_wconf 92' lang='lat' dir='ltr'>et</span> <span class='ocrx_word' id='word_1_68' title='bbox 307 1201 398 1243; x_wconf 92' lang='lat' dir='ltr'>Deo</span> <span class='ocrx_word' id='word_1_69' title='bbox 415 1198 542 1243; x_wconf 84' lang='lat' dir='ltr'>beate</span> <span class='ocrx_word' id='word_1_70' title='bbox 559 1198 864 1253; x_wconf 85' lang='lat' dir='ltr'>servientibus,</span> <span class='ocrx_word' id='word_1_71' title='bbox 885 1197 1061 1242; x_wconf 88' lang='lat' dir='ltr'>subdita</span> <span class='ocrx_word' id='word_1_72' title='bbox 1080 1206 1144 1242; x_wconf 90' lang='lat' dir='ltr'>est</span> <span class='ocrx_word' id='word_1_73' title='bbox 1161 1197 1303 1242; x_wconf 90' lang='lat' dir='ltr'>omnis</span> <span class='ocrx_word' id='word_1_74' title='bbox 1324 1206 1481 1241; x_wconf 85' lang='lat' dir='ltr'>natura</span> 
     </span>
     <span class='ocr_line' id='line_1_15' title="bbox 88 1267 1481 1331; baseline -0.001 -15"><span class='ocrx_word' id='word_1_75' title='bbox 88 1285 319 1331; x_wconf 89' lang='lat' dir='ltr'>corporea,</span> <span class='ocrx_word' id='word_1_76' title='bbox 345 1271 486 1315; x_wconf 89' lang='lat' dir='ltr'>omnis</span> <span class='ocrx_word' id='word_1_77' title='bbox 510 1268 772 1315; x_wconf 88' lang='lat' dir='ltr'>irrationalis</span> <span class='ocrx_word' id='word_1_78' title='bbox 791 1270 902 1324; x_wconf 87' lang='lat' dir='ltr'>vita,</span> <span class='ocrx_word' id='word_1_79' title='bbox 928 1268 1070 1314; x_wconf 90' lang='lat' dir='ltr'>omnis</span> <span class='ocrx_word' id='word_1_80' title='bbox 1091 1267 1292 1314; x_wconf 89' lang='lat' dir='ltr'>voluntas</span> <span class='ocrx_word' id='word_1_81' title='bbox 1314 1269 1385 1315; x_wconf 85' lang='lat' dir='ltr'>vel</span> <span class='ocrx_word' id='word_1_82' title='bbox 1410 1270 1481 1314; x_wconf 91' lang='lat' dir='ltr'>in-</span> 
     </span>
     <span class='ocr_line' id='line_1_16' title="bbox 88 1339 1479 1401; baseline -0.001 -15"><span class='ocrx_word' id='word_1_83' title='bbox 88 1342 214 1386; x_wconf 84' lang='lat' dir='ltr'>firma</span> <span class='ocrx_word' id='word_1_84' title='bbox 228 1341 300 1387; x_wconf 89' lang='lat' dir='ltr'>vel</span> <span class='ocrx_word' id='word_1_85' title='bbox 310 1356 459 1401; x_wconf 86' lang='lat' dir='ltr'>prava,</span> <span class='ocrx_word' id='word_1_86' title='bbox 478 1350 530 1386; x_wconf 91' lang='lat' dir='ltr'>ut</span> <span class='ocrx_word' id='word_1_87' title='bbox 549 1341 634 1386; x_wconf 93' lang='lat' dir='ltr'>hoc</span> <span class='ocrx_word' id='word_1_88' title='bbox 646 1341 702 1386; x_wconf 91' lang='lat' dir='ltr'>de</span> <span class='ocrx_word' id='word_1_89' title='bbox 719 1340 903 1386; x_wconf 87' lang='lat' dir='ltr'>subditis</span> <span class='ocrx_word' id='word_1_90' title='bbox 915 1339 986 1386; x_wconf 86' lang='lat' dir='ltr'>vel</span> <span class='ocrx_word' id='word_1_91' title='bbox 1007 1356 1110 1385; x_wconf 91' lang='lat' dir='ltr'>cum</span> <span class='ocrx_word' id='word_1_92' title='bbox 1131 1339 1317 1385; x_wconf 86' lang='lat' dir='ltr'>subditis</span> <span class='ocrx_word' id='word_1_93' title='bbox 1332 1350 1479 1401; x_wconf 80' lang='lat' dir='ltr'>agant,</span> 
     </span>
     <span class='ocr_line' id='line_1_17' title="bbox 85 1410 1480 1474; baseline 0 -18"><span class='ocrx_word' id='word_1_94' title='bbox 85 1412 209 1474; x_wconf 83' lang='lat' dir='ltr'>quod</span> <span class='ocrx_word' id='word_1_95' title='bbox 229 1421 400 1458; x_wconf 81' lang='lat' dir='ltr'>naturae</span> <span class='ocrx_word' id='word_1_96' title='bbox 416 1411 524 1456; x_wconf 89' lang='lat' dir='ltr'>ordo</span> <span class='ocrx_word' id='word_1_97' title='bbox 545 1410 732 1471; x_wconf 86' lang='lat' dir='ltr'>poscitin</span> <span class='ocrx_word' id='word_1_98' title='bbox 754 1410 974 1466; x_wconf 86' lang='lat' dir='ltr'>omnibus,</span> <span class='ocrx_word' id='word_1_99' title='bbox 991 1410 1178 1471; x_wconf 86' lang='lat' dir='ltr'>jubente</span> <span class='ocrx_word' id='word_1_100' title='bbox 1190 1410 1266 1456; x_wconf 87' lang='lat' dir='ltr'>illo</span> <span class='ocrx_word' id='word_1_101' title='bbox 1283 1411 1354 1455; x_wconf 88' lang='lat' dir='ltr'>eui</span> <span class='ocrx_word' id='word_1_102' title='bbox 1373 1411 1480 1456; x_wconf 85' lang='lat' dir='ltr'>sub-</span> 
     </span>
     <span class='ocr_line' id='line_1_18' title="bbox 81 1480 1480 1544; baseline -0.001 -17"><span class='ocrx_word' id='word_1_103' title='bbox 81 1484 197 1544; x_wconf 85' lang='lat' dir='ltr'>jecta</span> <span class='ocrx_word' id='word_1_104' title='bbox 217 1491 319 1526; x_wconf 90' lang='lat' dir='ltr'>sunt</span> <span class='ocrx_word' id='word_1_105' title='bbox 339 1481 500 1526; x_wconf 86' lang='lat' dir='ltr'>omnia.</span> <span class='ocrx_word' id='word_1_106' title='bbox 526 1480 715 1526; x_wconf 83' lang='lat' dir='ltr'>Proinde</span> <span class='ocrx_word' id='word_1_107' title='bbox 736 1481 800 1525; x_wconf 87' lang='lat' dir='ltr'>illi</span> <span class='ocrx_word' id='word_1_108' title='bbox 821 1482 867 1526; x_wconf 91' lang='lat' dir='ltr'>in</span> <span class='ocrx_word' id='word_1_109' title='bbox 883 1481 960 1527; x_wconf 87' lang='lat' dir='ltr'>illo</span> <span class='ocrx_word' id='word_1_110' title='bbox 982 1481 1210 1526; x_wconf 84' lang='lat' dir='ltr'>veritatem</span> <span class='ocrx_word' id='word_1_111' title='bbox 1230 1483 1480 1533; x_wconf 87' lang='lat' dir='ltr'>incommu-</span> 
     </span>
    </p>

    <p class='ocr_par' dir='ltr' id='par_1_11' title="bbox 0 1536 1480 2043">
     <span class='ocr_line' id='line_1_19' title="bbox 0 1536 1478 1615; baseline 0 -17"><span class='ocrx_word' id='word_1_112' title='bbox 0 1536 3 1598; x_wconf 70' lang='grc'><strong>1</strong></span> <span class='ocrx_word' id='word_1_113' title='bbox 86 1553 266 1598; x_wconf 87' lang='lat' dir='ltr'>tabilem</span> <span class='ocrx_word' id='word_1_114' title='bbox 284 1552 468 1615; x_wconf 66' lang='lat' dir='ltr'>vident,</span> <span class='ocrx_word' id='word_1_115' title='bbox 494 1561 538 1597; x_wconf 88' lang='lat' dir='ltr'>et</span> <span class='ocrx_word' id='word_1_116' title='bbox 569 1551 815 1598; x_wconf 88' lang='lat' dir='ltr'>secundum</span> <span class='ocrx_word' id='word_1_117' title='bbox 842 1567 938 1597; x_wconf 86' lang='lat' dir='ltr'>eam</span> <span class='ocrx_word' id='word_1_118' title='bbox 967 1568 1064 1597; x_wconf 88' lang='lat' dir='ltr'>suas</span> <span class='ocrx_word' id='word_1_119' title='bbox 1092 1553 1288 1614; x_wconf 86' lang='lat' dir='ltr'>dirigunt</span> <span class='ocrx_word' id='word_1_120' title='bbox 1316 1553 1478 1599; x_wconf 91' lang='lat' dir='ltr'>volun-</span> 
     </span>
     <span class='ocr_line' id='line_1_20' title="bbox 87 1623 1476 1685; baseline 0.001 -15"><span class='ocrx_word' id='word_1_121' title='bbox 87 1633 209 1670; x_wconf 82' lang='lat' dir='ltr'>tates.</span> <span class='ocrx_word' id='word_1_122' title='bbox 247 1624 384 1670; x_wconf 85' lang='lat' dir='ltr'>Fiunt</span> <span class='ocrx_word' id='word_1_123' title='bbox 420 1639 522 1684; x_wconf 83' lang='lat' dir='ltr'>ergo</span> <span class='ocrx_word' id='word_1_124' title='bbox 559 1623 624 1668; x_wconf 89' lang='lat' dir='ltr'>illi</span> <span class='ocrx_word' id='word_1_125' title='bbox 654 1624 885 1685; x_wconf 83' lang='lat' dir='ltr'>participes</span> <span class='ocrx_word' id='word_1_126' title='bbox 930 1625 1185 1670; x_wconf 74' lang='lat' dir='ltr'>aeternitatis</span> <span class='ocrx_word' id='word_1_127' title='bbox 1199 1661 1212 1681; x_wconf 94' lang='lat'>,</span> <span class='ocrx_word' id='word_1_128' title='bbox 1256 1626 1448 1672; x_wconf 87' lang='lat' dir='ltr'>veritatis</span> <span class='ocrx_word' id='word_1_129' title='bbox 1463 1662 1476 1683; x_wconf 90' lang='lat'>,</span> 
     </span>
     <span class='ocr_line' id='line_1_21' title="bbox 84 1694 1479 1758; baseline 0.002 -17"><span class='ocrx_word' id='word_1_130' title='bbox 84 1694 322 1741; x_wconf 83' lang='lat' dir='ltr'>voluntatis</span> <span class='ocrx_word' id='word_1_131' title='bbox 347 1696 439 1756; x_wconf 79' lang='lat' dir='ltr'>ejus</span> <span class='ocrx_word' id='word_1_132' title='bbox 471 1711 655 1756; x_wconf 81' lang='lat' dir='ltr'>semper,</span> <span class='ocrx_word' id='word_1_133' title='bbox 687 1696 779 1740; x_wconf 87' lang='lat' dir='ltr'>sine</span> <span class='ocrx_word' id='word_1_134' title='bbox 806 1705 1003 1758; x_wconf 88' lang='lat' dir='ltr'>tempore</span> <span class='ocrx_word' id='word_1_135' title='bbox 1025 1707 1071 1742; x_wconf 88' lang='lat' dir='ltr'>et</span> <span class='ocrx_word' id='word_1_136' title='bbox 1101 1698 1214 1743; x_wconf 92' lang='lat' dir='ltr'>loco.</span> <span class='ocrx_word' id='word_1_137' title='bbox 1244 1700 1479 1744; x_wconf 85' lang='lat' dir='ltr'>Moventur</span> 
     </span>
     <span class='ocr_line' id='line_1_22' title="bbox 85 1766 1479 1830; baseline 0.002 -18"><span class='ocrx_word' id='word_1_138' title='bbox 85 1776 232 1812; x_wconf 88' lang='lat' dir='ltr'>autem</span> <span class='ocrx_word' id='word_1_139' title='bbox 253 1768 343 1828; x_wconf 87' lang='lat' dir='ltr'>ejus</span> <span class='ocrx_word' id='word_1_140' title='bbox 360 1766 542 1827; x_wconf 83' lang='lat' dir='ltr'>imperio</span> <span class='ocrx_word' id='word_1_141' title='bbox 559 1767 689 1812; x_wconf 87' lang='lat' dir='ltr'>etiam</span> <span class='ocrx_word' id='word_1_142' title='bbox 709 1767 1020 1828; x_wconf 85' lang='lat' dir='ltr'>temporaliter,</span> <span class='ocrx_word' id='word_1_143' title='bbox 1045 1768 1122 1814; x_wconf 90' lang='lat' dir='ltr'>illo</span> <span class='ocrx_word' id='word_1_144' title='bbox 1144 1785 1234 1814; x_wconf 92' lang='lat' dir='ltr'>non</span> <span class='ocrx_word' id='word_1_145' title='bbox 1254 1778 1479 1830; x_wconf 89' lang='lat' dir='ltr'>tempora-</span> 
     </span>
     <span class='ocr_line' id='line_1_23' title="bbox 85 1836 1479 1899; baseline 0.002 -16"><span class='ocrx_word' id='word_1_146' title='bbox 85 1836 184 1883; x_wconf 86' lang='lat' dir='ltr'>liter</span> <span class='ocrx_word' id='word_1_147' title='bbox 203 1846 341 1883; x_wconf 89' lang='lat' dir='ltr'>moto.</span> <span class='ocrx_word' id='word_1_148' title='bbox 366 1839 455 1884; x_wconf 90' lang='lat' dir='ltr'>Nec</span> <span class='ocrx_word' id='word_1_149' title='bbox 477 1838 537 1882; x_wconf 83' lang='lat' dir='ltr'>ita</span> <span class='ocrx_word' id='word_1_150' title='bbox 560 1845 611 1882; x_wconf 80' lang='lat' dir='ltr'>ut·</span> <span class='ocrx_word' id='word_1_151' title='bbox 641 1838 696 1882; x_wconf 88' lang='lat' dir='ltr'>ab</span> <span class='ocrx_word' id='word_1_152' title='bbox 720 1839 809 1899; x_wconf 86' lang='lat' dir='ltr'>ejus</span> <span class='ocrx_word' id='word_1_153' title='bbox 831 1837 1199 1899; x_wconf 86' lang='lat' dir='ltr'>contemplatione</span> <span class='ocrx_word' id='word_1_154' title='bbox 1221 1840 1415 1885; x_wconf 88' lang='lat' dir='ltr'>resiliant</span> <span class='ocrx_word' id='word_1_155' title='bbox 1436 1851 1479 1886; x_wconf 92' lang='lat' dir='ltr'>et</span> 
     </span>
     <span class='ocr_line' id='line_1_24' title="bbox 85 1904 1478 1971; baseline 0.003 -18"><span class='ocrx_word' id='word_1_156' title='bbox 85 1904 285 1953; x_wconf 86' lang='lat' dir='ltr'>defluant</span> <span class='ocrx_word' id='word_1_157' title='bbox 311 1927 320 1952; x_wconf 92' lang='lat'>:</span> <span class='ocrx_word' id='word_1_158' title='bbox 346 1908 424 1953; x_wconf 89' lang='lat' dir='ltr'>sed</span> <span class='ocrx_word' id='word_1_159' title='bbox 443 1907 573 1953; x_wconf 88' lang='lat' dir='ltr'>simul</span> <span class='ocrx_word' id='word_1_160' title='bbox 599 1918 643 1953; x_wconf 92' lang='lat' dir='ltr'>et</span> <span class='ocrx_word' id='word_1_161' title='bbox 669 1908 794 1954; x_wconf 89' lang='lat' dir='ltr'>illum</span> <span class='ocrx_word' id='word_1_162' title='bbox 825 1909 915 1954; x_wconf 88' lang='lat' dir='ltr'>sine</span> <span class='ocrx_word' id='word_1_163' title='bbox 936 1909 1035 1956; x_wconf 89' lang='lat' dir='ltr'>loco</span> <span class='ocrx_word' id='word_1_164' title='bbox 1068 1926 1117 1956; x_wconf 85' lang='lat' dir='ltr'>ac</span> <span class='ocrx_word' id='word_1_165' title='bbox 1145 1920 1344 1971; x_wconf 80' lang='lat' dir='ltr'>tempore</span> <span class='ocrx_word' id='word_1_166' title='bbox 1372 1928 1478 1958; x_wconf 88' lang='lat' dir='ltr'>con-</span> 
     </span>
     <span class='ocr_line' id='line_1_25' title="bbox 86 1977 1480 2043; baseline 0.004 -20"><span class='ocrx_word' id='word_1_167' title='bbox 86 1977 370 2039; x_wconf 86' lang='lat' dir='ltr'>templantur,</span> <span class='ocrx_word' id='word_1_168' title='bbox 396 1989 440 2024; x_wconf 92' lang='lat' dir='ltr'>et</span> <span class='ocrx_word' id='word_1_169' title='bbox 470 1980 561 2041; x_wconf 89' lang='lat' dir='ltr'>ejus</span> <span class='ocrx_word' id='word_1_170' title='bbox 588 1981 635 2025; x_wconf 91' lang='lat' dir='ltr'>in</span> <span class='ocrx_word' id='word_1_171' title='bbox 663 1979 942 2026; x_wconf 73' lang='lat' dir='ltr'>interioribus</span> <span class='ocrx_word' id='word_1_172' title='bbox 960 1983 1078 2043; x_wconf 87' lang='lat' dir='ltr'>jussa</span> <span class='ocrx_word' id='word_1_173' title='bbox 1099 1982 1358 2043; x_wconf 88' lang='lat' dir='ltr'>perficiunt,</span> <span class='ocrx_word' id='word_1_174' title='bbox 1384 2000 1480 2030; x_wconf 92' lang='lat' dir='ltr'>mo-</span> 
     </span>
    </p>

    <p class='ocr_par' dir='ltr' id='par_1_12' title="bbox 0 2043 1474 2118">
     <span class='ocr_line' id='line_1_26' title="bbox 0 2043 1474 2118; baseline 0.003 -22"><span class='ocrx_word' id='word_1_175' title='bbox 0 2043 2 2118; x_wconf 56' lang='lat'><em>}</em></span> <span class='ocrx_word' id='word_1_176' title='bbox 85 2059 234 2096; x_wconf 88' lang='lat' dir='ltr'>ventes</span> <span class='ocrx_word' id='word_1_177' title='bbox 254 2066 298 2094; x_wconf 92' lang='lat' dir='ltr'>se</span> <span class='ocrx_word' id='word_1_178' title='bbox 313 2066 392 2111; x_wconf 86' lang='lat' dir='ltr'>per</span> <span class='ocrx_word' id='word_1_179' title='bbox 413 2060 600 2111; x_wconf 80' lang='lat' dir='ltr'>tempUS,</span> <span class='ocrx_word' id='word_1_180' title='bbox 620 2067 778 2112; x_wconf 86' lang='lat' dir='ltr'>corpus</span> <span class='ocrx_word' id='word_1_181' title='bbox 795 2062 940 2098; x_wconf 86' lang='lat' dir='ltr'>autem</span> <span class='ocrx_word' id='word_1_182' title='bbox 963 2069 1041 2114; x_wconf 90' lang='lat' dir='ltr'>per</span> <span class='ocrx_word' id='word_1_183' title='bbox 1062 2064 1233 2115; x_wconf 90' lang='lat' dir='ltr'>tempus</span> <span class='ocrx_word' id='word_1_184' title='bbox 1250 2065 1294 2100; x_wconf 91' lang='lat' dir='ltr'>et</span> <span class='ocrx_word' id='word_1_185' title='bbox 1309 2055 1474 2114; x_wconf 89' lang='lat' dir='ltr'>locum,</span> 
     </span>
    </p>

    <p class='ocr_par' dir='ltr' id='par_1_13' title="bbox 0 2122 1477 2255">
     <span class='ocr_line' id='line_1_27' title="bbox 0 2122 1477 2188; baseline 0.005 -23"><span class='ocrx_word' id='word_1_186' title='bbox 0 2124 1 2151; x_wconf 66' lang='lat'><em>³</em></span> <span class='ocrx_word' id='word_1_187' title='bbox 85 2130 302 2182; x_wconf 88' lang='lat' dir='ltr'>quantum</span> <span class='ocrx_word' id='word_1_188' title='bbox 327 2136 482 2166; x_wconf 85' lang='lat' dir='ltr'>eorum</span> <span class='ocrx_word' id='word_1_189' title='bbox 500 2122 704 2183; x_wconf 85' lang='lat' dir='ltr'>congruit</span> <span class='ocrx_word' id='word_1_190' title='bbox 726 2125 900 2169; x_wconf 87' lang='lat' dir='ltr'>actioni.</span> <span class='ocrx_word' id='word_1_191' title='bbox 932 2127 990 2171; x_wconf 88' lang='lat' dir='ltr'>Et</span> <span class='ocrx_word' id='word_1_192' title='bbox 1010 2125 1109 2171; x_wconf 91' lang='lat' dir='ltr'>ideo</span> <span class='ocrx_word' id='word_1_193' title='bbox 1131 2129 1246 2171; x_wconf 90' lang='lat' dir='ltr'>Deus</span> <span class='ocrx_word' id='word_1_194' title='bbox 1269 2126 1477 2188; x_wconf 86' lang='lat' dir='ltr'>bipertito</span> 
     </span>
     <span class='ocr_line' id='line_1_28' title="bbox 0 2191 1477 2255; baseline 0.006 -20"><span class='ocrx_word' id='word_1_195' title='bbox 0 2203 1 2211; x_wconf 62' lang='lat'>¹</span> <span class='ocrx_word' id='word_1_196' title='bbox 85 2191 370 2252; x_wconf 80' lang='lat' dir='ltr'>providentiae</span> <span class='ocrx_word' id='word_1_197' title='bbox 387 2209 476 2238; x_wconf 81' lang='lat' dir='ltr'>suae</span> <span class='ocrx_word' id='word_1_198' title='bbox 493 2209 623 2254; x_wconf 88' lang='lat' dir='ltr'>opere</span> <span class='ocrx_word' id='word_1_199' title='bbox 640 2205 795 2255; x_wconf 82' lang='lat' dir='ltr'>praeest</span> <span class='ocrx_word' id='word_1_200' title='bbox 810 2195 1024 2242; x_wconf 82' lang='lat' dir='ltr'>universae</span> <span class='ocrx_word' id='word_1_201' title='bbox 1050 2207 1260 2242; x_wconf 80' lang='lat' dir='ltr'>creaturae</span> <span class='ocrx_word' id='word_1_202' title='bbox 1275 2234 1286 2255; x_wconf 91' lang='lat'>‚</span> <span class='ocrx_word' id='word_1_203' title='bbox 1310 2200 1477 2244; x_wconf 85' lang='lat' dir='ltr'>naturis</span> 
     </span>
    </p>
   </div>
   <div class='ocr_carea' id='block_1_11' title="bbox 84 2262 1475 2380">
    <p class='ocr_par' dir='ltr' id='par_1_14' title="bbox 84 2262 1475 2380">
     <span class='ocr_line' id='line_1_29' title="bbox 84 2262 1475 2378; baseline 0.007 -72"><span class='ocrx_word' id='word_1_204' title='bbox 84 2271 134 2307; x_wconf 91' lang='lat' dir='ltr'>ut</span> <span class='ocrx_word' id='word_1_205' title='bbox 148 2263 271 2378; x_wconf 54' lang='lat' dir='ltr'>fiariit,</span> <span class='ocrx_word' id='word_1_206' title='bbox 284 2262 584 2311; x_wconf 86' lang='lat' dir='ltr'>voluntatibus</span> <span class='ocrx_word' id='word_1_207' title='bbox 601 2275 748 2311; x_wconf 88' lang='lat' dir='ltr'>autem</span> <span class='ocrx_word' id='word_1_208' title='bbox 769 2276 820 2313; x_wconf 91' lang='lat' dir='ltr'>ut</span> <span class='ocrx_word' id='word_1_209' title='bbox 835 2268 926 2313; x_wconf 87' lang='lat' dir='ltr'>sine</span> <span class='ocrx_word' id='word_1_210' title='bbox 944 2284 1023 2314; x_wconf 81' lang='lat' dir='ltr'>suo</span> <span class='ocrx_word' id='word_1_211' title='bbox 1035 2269 1161 2329; x_wconf 84' lang='lat' dir='ltr'>jussu</span> <span class='ocrx_word' id='word_1_212' title='bbox 1176 2270 1245 2314; x_wconf 82' lang='lat' dir='ltr'>vel</span> <span class='ocrx_word' id='word_1_213' title='bbox 1262 2271 1475 2331; x_wconf 88' lang='lat' dir='ltr'>permissu</span> 
     </span>
     <span class='ocr_line' id='line_1_30' title="bbox 86 2332 386 2380; baseline 0.007 -3"><span class='ocrx_word' id='word_1_214' title='bbox 86 2332 195 2378; x_wconf 86' lang='lat' dir='ltr'>nihil</span> <span class='ocrx_word' id='word_1_215' title='bbox 230 2334 386 2380; x_wconf 89' lang='lat' dir='ltr'>aciant.</span> 
     </span>
    </p>
   </div>
  </div>
 </body>
</html>
