1854 3219
348 209 431 247 216
778 221 810 245 s.
848 219 1073 248 AUGL'S'J'ml
1108 220 1287 247 EPISCOPI

349 284 558 345 quasdam
581 283 748 339 stellas,
775 293 817 328 et
845 300 914 328 cas
939 285 1115 346 quidem
1141 284 1422 345 principales,
1448 285 1608 345 quibus
1638 300 1732 329 am-

349 356 460 416 plius
497 356 565 399 isti
595 371 728 415 quani
764 357 928 401 caeteris
957 356 1223 417 supplicant,
1257 367 1300 401 et
1324 366 1469 400 tenere
1501 356 1669 412 dicant,
1691 366 1734 401 ct

346 438 461 473 retro
489 443 616 487 agere
636 443 659 471 a
679 443 809 471 eursu
830 429 1021 488 proprio.
1048 432 1143 474 Non
1166 429 1285 473 enim
1308 429 1357 473 fit
1372 427 1619 484 verisimile,
1636 443 1731 472 ma-

337 501 452 560 jores
475 498 698 543 autetiam
721 498 909 559 [equales
931 500 1137 545 violentia
1160 500 1381 545 radiorum
1399 501 1488 560 ejus
1509 514 1634 559 posse
1657 515 1734 543 su-

343 571 499 631 perari.
535 574 623 615 Aut
644 570 679 614 si
700 570 940 630 superiores
963 572 1185 630 signorum
1214 570 1358 615 stellas
1379 570 1449 615 vel
1473 570 1735 631 septentrio-

344 659 449 687 num
468 644 649 703 majores
671 658 759 686 esse
777 652 988 699 asserunt,
1005 659 1103 703 quae
1124 642 1232 686 nihil
1249 641 1333 686 talc
1347 658 1370 686 a
1383 641 1472 686 sole
1485 642 1731 701 patiuntur,

343 731 422 759 cur
441 716 518 759 ista
542 730 618 774 per
642 715 760 772 signa
779 714 1098 758 circumeuntes
1121 713 1306 773 amplius
1328 715 1624 757 venerantur?
1646 715 1737 758 Cur

343 803 413 831 eas
437 788 661 845 signorum
695 785 890 829 dominas
919 785 1183 845 perhibent?
1205 784 1297 832 Etsi
1320 784 1436 827 enim
1466 782 1736 844 regradatio-

343 873 419 901 nes
447 857 539 901 illas
571 857 761 900 siderum
793 856 861 901 vel
894 855 1073 901 t'ortasse
1096 854 1342 911 tarditates,
1368 871 1457 899 non
1482 872 1504 899 a
1532 854 1621 899 sole
1644 855 1737 899 fieri

344 929 529 989 quisque
547 927 803 982 contendat,
830 926 905 971 scd
928 926 1019 971 aliis
1038 925 1351 984 occultioribus
1373 926 1511 970 causis
1530 943 1541 977 3
1570 925 1648 970 soli
1669 934 1736 969 ta-

344 1015 444 1043 men
466 1000 567 1043 istos
588 999 633 1042 in
655 998 740 1044 suis
763 997 1079 1053 deliramentis,
1107 995 1267 1058 quibus
1293 997 1381 1041 vim
1405 995 1597 1041 fatorum
1620 1012 1643 1040 a
1659 1011 1737 1041 ve-

343 1071 470 1114 ritate
493 1070 607 1114 devii
635 1070 932 1130 suspicantur,
959 1069 1224 1129 praecipuam
1253 1068 1446 1112 tribuere
1478 1076 1737 1127 potestatem

341 1158 391 1185 ex
412 1141 534 1185 libris
557 1157 709 1185 eorum
728 1150 843 1185 certe
859 1139 1141 1184 manifestum
1161 1149 1238 1184 est.

403 1215 609 1257 XXXIV.
637 1212 720 1257 Sed
743 1212 890 1256 dicant
912 1211 1033 1272 quod
1053 1211 1210 1256 volunt
1228 1211 1282 1255 de
1306 1210 1435 1266 coelo,
1462 1210 1591 1254 alieni
1613 1226 1636 1254 a
1658 1213 1741 1254 Pa-

344 1294 409 1328 tre
431 1284 508 1344 qni
526 1292 589 1327 051
611 1283 654 1326 10
678 1282 824 1327 0(0115;
851 1283 976 1327 nobis
1000 1291 1148 1327 autem
1171 1281 1225 1326 de
1248 1280 1490 1326 intervallis
1505 1290 1548 1325 et
1569 1280 1740 1339 magni-

350 1354 500 1400 tudine
523 1353 713 1398 siderum
736 1353 937 1398 subtilius
955 1353 1120 1414 aliquid
1143 1368 1354 1413 quaerere,
1376 1352 1542 1413 talique
1562 1351 1742 1412 inquisi-

347 1427 466 1471 tione
488 1426 618 1469 rebus
642 1424 911 1483 gravioribus
930 1433 972 1468 01
986 1423 1237 1468 melioribus
1255 1423 1546 1467 necessarium
1571 1432 1740 1482 tempus

348 1496 624 1557 impendere,
655 1512 735 1540 000
763 1495 957 1556 expedit,
990 1511 1071 1539 nec
1099 1495 1316 1554 congruit.
1347 1497 1404 1538 Et
1429 1493 1583 1538 melius
1603 1492 1743 1538 credi-

347 1584 444 1613 mus
463 1584 512 1611 ea
535 1583 624 1612 esse
647 1567 812 1611 caeteris
834 1567 996 1626 majora
1024 1565 1277 1621 luminaria,
1303 1581 1401 1626 quae
1424 1573 1571 1609 saneta
1597 1564 1743 1624 Scrip-

351 1650 448 1684 tura
470 1641 529 1684 ita
550 1639 850 1683 commendat:
881 1657 903 1681 ‹<
925 1640 982 1681 Et
1004 1637 1109 1682 fecit
1128 1641 1242 1681 Deus
1260 1636 1349 1681 duo
1363 1636 1595 1680 luminaria
1616 1651 1742 1695 mag-

353 1729 373 1753 >›
410 1727 488 1755 na:
517 1729 537 1751 ³>
565 1726 664 1770 quse
681 1719 827 1754 tamen
845 1724 934 1753 non
953 1717 1055 1753 sunt
1077 1707 1276 1768 aequalia.
1296 1710 1407 1753 Nam
1424 1716 1743 1767 consequenter

352 1782 473 1836 dicit,
499 1796 601 1825 cum
629 1796 677 1825 ea
710 1780 875 1825 caeteris
905 1779 1207 1840 praeposuerit,
1234 1779 1347 1823 inter
1369 1794 1412 1823 se
1434 1778 1526 1838 ipsa
1547 1777 1738 1822 differre.

351 1854 424 1898 Ait
445 1854 582 1898 enim:
613 1871 632 1894 n
659 1853 891 1897 Luminare
914 1853 1051 1912 majus
1076 1852 1123 1895 in
1140 1851 1465 1895 inchoationem
1487 1849 1593 1906 diei,
1612 1849 1743 1895 0110-

354 1945 374 1968 >›
411 1926 576 1969 minare
598 1925 741 1969 minus
764 1925 809 1968 in
829 1924 1154 1968 inchoationem
1176 1924 1327 1967 000115.
1350 1942 1370 1964 ))
1396 1925 1523 1968 Certe
1541 1922 1657 1966 enim
1675 1921 1744 1967 vel

351 2000 434 2042 hoc
464 1998 707 2042 concedent
730 1997 865 2041 000115
895 1996 1073 2049 nostris,
1107 2005 1157 2039 ut
1183 2010 1233 2039 ea
1260 1994 1540 2039 manifestum
1569 1995 1624 2039 511
1652 2010 1743 2038 am-

353 2068 466 2128 plius
489 2069 655 2113 czeteris
684 2068 829 2112 lucere
856 2083 985 2126 super
1006 2075 1188 2121 terram,
1211 2082 1291 2109 nec
1319 2065 1434 2110 diem
1466 2064 1628 2110 clarere
1662 2065 1744 2109 nisi

354 2141 451 2183 lnce
481 2140 596 2194 solis,
619 2156 697 2183 nee
729 2148 900 2182 noctem
929 2147 991 2181 tot
1013 2136 1144 2181 stellis
1177 2137 1487 2196 apparentibus
1511 2137 1566 2180 ita
1596 2136 1745 2180 lucere

349 2212 383 2255 si
405 2211 504 2255 1000
522 2212 647 2266 desit,
665 2209 1040 2271 ‹pienladniodum
1063 2209 1289 2268 praesentia
1309 2208 1422 2252 111105
1442 2207 1706 2252 illustratur.
