1854 3219
393 149 477 189 420
826 161 859 188 S.
897 164 1128 191 Auuus'nm
1162 167 1343 193 muscum

384 240 499 270 cesse
517 235 567 269 ut
584 226 844 285 accipiamus
866 228 1114 287 paradisum
1136 230 1376 285 custodire,
1400 228 1476 274 sed
1494 230 1538 274 in
1558 229 1772 288 paradiso,

384 296 491 357 quid
523 312 625 356 ergo
655 297 701 340 in
732 298 933 357 paradiso
963 300 1216 346 custodire?
1245 304 1355 346 Nam
1388 300 1498 361 quid
1528 301 1697 361 operari
1730 300 1776 343 in

382 367 581 429 paradiso
597 403 607 422 ,
624 369 715 428 jam
737 378 787 414 ut
808 370 948 415 visum
965 381 1028 416 est
1050 371 1342 417 disseruimus.
1367 375 1437 417 An
1458 381 1509 416 ut
1525 371 1647 432 quod
1668 386 1776 431 ope-

383 450 552 485 raretur
573 440 618 484 in
642 449 753 485 terra
784 457 862 502 per
893 443 1227 502 agriculturam,
1262 445 1308 488 in
1341 460 1385 489 se
1415 445 1509 505 ipso
1539 443 1777 489 custodiret

381 527 459 572 per
481 510 756 572 disciplinam
770 548 782 568 ,
809 511 856 557 id
877 523 956 570 est,
980 524 1030 559 ut
1051 516 1162 560 sicut
1184 515 1220 559 ei
1241 530 1341 574 ager
1358 515 1682 576 obtemperaret
1699 529 1775 559 co-

381 583 488 629 lenti
517 600 561 629 se
578 622 588 642 ⁷
612 584 671 629 ita
694 594 737 629 et
761 585 852 645 ipse
872 587 1142 647 praecipienti
1176 587 1362 632 Domino
1387 603 1465 632 suo
1480 623 1490 643 ‚
1523 596 1575 631 ut
1601 595 1776 646 sumpto

381 667 600 718 praecepto
629 657 891 703 obedientiae
923 657 1140 715 fructum,
1166 675 1257 704 non
1289 659 1433 719 spinas
1462 658 1776 704 inobedientiae

379 728 613 774 redderet?
642 729 837 790 Denique
860 731 1068 790 quoniam
1090 729 1419 775 similitudinem
1443 747 1467 775 a
1494 746 1538 775 se
1560 729 1668 776 culti
1696 746 1775 790 pa-

379 799 507 844 radisi
536 800 583 844 iu
614 817 658 845 se
684 801 777 861 ipso
807 802 1026 846 custodire
1054 801 1256 847 subditus
1288 801 1453 858 noluit,
1480 800 1666 846 similem
1694 801 1776 845 sibi

376 888 530 931 agrum
561 872 792 918 damnatus
822 874 989 935 accepit
1017 894 1025 920 :
1062 894 1082 917 «
1106 874 1285 935 Spinas,
1320 874 1486 936 inquit,
1511 883 1556 919 et
1590 872 1775 919 tribulos

377 944 517 1003 pariet
541 945 662 988 tibi¹.
683 964 702 986 »

434 1017 557 1059 XXI.
585 1015 715 1069 Quod
736 1017 771 1061 si
793 1026 836 1061 et
858 1017 968 1062 illud
991 1017 1285 1077 intelligamus
1300 1053 1311 1074 ,
1333 1026 1382 1062 ut
1403 1017 1657 1078 paradisum
1675 1031 1774 1076 ope-

375 1095 557 1142 raretur,
585 1095 627 1130 et
649 1086 900 1146 paradisum
937 1088 1198 1143 custodiret,
1231 1089 1401 1149 operari
1435 1087 1615 1149 quidem
1646 1103 1773 1148 para-

375 1157 518 1202 disum
557 1169 726 1218 posset,
764 1160 875 1203 sicut
906 1176 1035 1219 supra
1069 1159 1284 1216 diximus,
1318 1176 1396 1220 per
1429 1159 1771 1218 agriculturam3

375 1229 593 1274 custodire
609 1240 755 1274 autem
780 1247 869 1274 non
890 1230 1094 1276 adversus
1109 1232 1333 1292 improbos
1357 1241 1432 1276 aut
1450 1232 1645 1276 inimicos
1662 1267 1672 1287 ,
1697 1231 1775 1291 qui

374 1300 487 1345 nulli
506 1311 628 1345 erant
641 1337 651 1356 ,
672 1301 749 1345 sed
764 1300 952 1346 fortassis
971 1302 1175 1347 adversus
1194 1303 1364 1347 bestias.
1387 1303 1620 1356 Quomodo
1638 1301 1771 1357 istud,

376 1383 451 1417 aut
474 1375 641 1433 quare?
663 1372 889 1433 Numquid
913 1374 1029 1417 enim
1059 1373 1210 1418 bestiae
1235 1375 1327 1435 jam
1356 1374 1402 1417 in
1431 1374 1654 1418 hominem
1689 1389 1773 1418 sfe-

375 1444 552 1489 viebant
569 1480 579 1500 ,
607 1445 727 1506 quod
747 1445 825 1488 nisi
847 1454 1026 1504 peccato
1041 1461 1132 1489 non
1144 1445 1299 1489 fieret?
1322 1448 1419 1504 Ipse
1438 1445 1602 1505 quippe
1623 1445 1771 1489 bestiis

373 1517 577 1562 omnibus
607 1517 662 1561 ad
685 1533 728 1561 se
757 1516 978 1567 adductis,
1012 1516 1123 1561 sicut
1145 1526 1244 1576 post
1277 1515 1661 1572 commemoratur,
1688 1532 1771 1561 no-

374 1590 491 1633 mina
516 1589 720 1648 imposuit
746 1607 754 1632 z
786 1588 876 1647 ipse
899 1588 1028 1632 etiam
1056 1597 1177 1631 sexto
1206 1587 1276 1631 die
1304 1586 1398 1645 lege
1420 1587 1544 1631 verbi
1570 1588 1647 1631 Dei
1670 1603 1771 1631 cum

374 1660 578 1704 omnibus
602 1674 856 1704 comumnes
891 1658 1011 1702 cibos
1033 1658 1214 1717 accepit.
1243 1661 1332 1701 Aut
1360 1657 1392 1700 si
1419 1667 1510 1701 erat
1537 1659 1628 1717 jam
1650 1658 1771 1718 quod

375 1735 602 1778 timeretur
626 1732 670 1775 in
694 1731 862 1786 bestiis,
890 1746 1084 1791 quonam
1106 1738 1234 1789 pacto
1257 1738 1400 1789 posset
1424 1745 1537 1773 unus
1561 1729 1694 1774 homo
1716 1729 1770 1774 il-

373 1804 466 1849 lum
489 1804 662 1848 munire
684 1802 963 1862 paradisum?
984 1804 1136 1861 Neque
1159 1799 1275 1844 enim
1297 1800 1475 1858 exiguus
1498 1800 1619 1845 locus
1647 1810 1740 1845 erat
1754 1837 1765 1856 ‚

373 1892 505 1938 quem
518 1885 665 1920 tantus
684 1875 782 1919 fons
800 1873 1020 1932 irrigabat.
1039 1871 1269 1924 Cusiodire
1284 1871 1463 1932 quidem
1481 1870 1553 1915 ille
1569 1871 1766 1928 deberet,

372 1949 406 1993 si
426 1957 567 2008 posset
588 1945 835 2007 paradisum
859 1944 931 1988 tali
945 1953 987 1988 et
1004 1953 1124 1987 tanta
1142 1943 1327 1987 maceria
1349 1943 1636 2000 communire,
1654 1953 1704 1988 ut
1717 1958 1768 1988 eo

372 2025 546 2080 'serpens
569 2033 658 2063 non
681 2025 824 2078 posset
838 2016 999 2060 intrare
1017 2034 1025 2059 :
1043 2013 1118 2059 sed
1136 2014 1296 2058 mirum
1313 2014 1347 2059 si
1361 2014 1479 2074 prius
1497 2030 1630 2074 quam
1647 2030 1769 2061 eom-

373 2093 590 2146 muniret‚
618 2105 767 2135 omnes
790 2096 1009 2147 serpentes
1031 2085 1134 2130 inde
1155 2095 1301 2146 posset
1320 2084 1566 2130 excludere.

432 2165 580 2207 XXII.
604 2161 792 2206 Proinde
815 2157 1088 2203 intellectum
1114 2168 1214 2203 ante
1236 2156 1385 2202 oeulos
1407 2173 1486 2201 eur
1505 2157 1768 2217 praetermit-

373 2237 533 2281 timus?
556 2235 725 2280 Positus
748 2242 812 2278 est
835 2231 998 2292 quippe
1020 2232 1153 2275 homo
1174 2231 1221 2274 in
1242 2228 1440 2290 paradiso
1456 2265 1466 2284 ‚
1490 2237 1540 2273 ut
1562 2244 1765 2289 operare-

371 2316 443 2351 tur
467 2304 671 2350 eumdem
695 2303 943 2364 paradisum
958 2337 968 2357 ‚
1000 2301 1109 2346 sieut
1133 2316 1262 2361 supra
1286 2299 1558 2360 disputatum
1576 2308 1661 2355 est,
1686 2314 1765 2359 per

367 2377 677 2437 agriculturam
693 2390 784 2420 non
805 2373 1082 2429 laboriosam,
1108 2371 1185 2417 sed
1207 2371 1480 2428 deliciosam,
1509 2380 1553 2415 et
1568 2379 1764 2415 mentem

365 2448 593 2510 prudentis
616 2461 774 2506 magna
798 2454 929 2506 atque
951 2443 1075 2489 utilia
1105 2452 1460 2490 commonentem
1488 2461 1497 2487 :
1523 2441 1762 2488 custodiret

416 2544 422 2559 ¹
442 2539 522 2569 Gen.
543 2547 587 2576 ιιι,
606 2534 657 2566 18.
