1854 3219
372 162 426 188 ne
457 158 666 187 DOCTRINA
698 156 950 187 curtismunt
984 159 1067 186 Lm.
1104 158 1164 183 ιν.
1406 146 1459 184 85

82 244 103 268 »
138 225 525 287 bus‚tanquan1in
542 223 711 279 multis,
737 222 810 268 sed
829 233 1037 283 tanquam
1052 223 1096 267 in
1109 237 1220 279 uno,
1236 226 1293 269 Et
1310 223 1464 267 semini

80 315 102 340 »
135 306 236 353 tuo,
261 297 380 359 quod
407 305 471 341 est
495 295 707 341 Christus.
734 297 828 339 Hoc
850 304 995 339 autem
1017 294 1136 349 dico,
1159 303 1466 339 testamentum

82 389 101 412 »
137 369 443 415 confirmatum
461 384 484 413 a
501 371 614 423 Deo,
634 383 733 429 quae
748 376 846 427 post
862 366 1202 427 quadringentos
1223 375 1267 410 et
1290 366 1467 425 triginta

83 457 105 482 »
140 456 276 485 annos
297 438 411 484 facta
434 448 497 484 est
527 441 636 494 Lex,
668 453 759 482 non
779 437 972 481 infirmat
997 438 1052 482 ad
1074 436 1343 482 evacuandas
1362 453 1468 497 pro-

86 529 107 553 »
141 511 376 556 missiones.
404 510 447 556 Si
468 510 584 554 enim
604 524 655 553 ex
675 511 791 568 Lege
806 508 1050 563 haereditas,
1067 510 1158 570 jam
1180 524 1270 553 non
1292 524 1343 553 ex
1364 524 1468 568 pro-

86 600 106 624 »
140 582 357 627 missione.
387 581 575 626 Abrahae
609 589 754 624 autem
776 595 854 640 per
886 579 1262 640 repromissionem
1289 579 1471 625 donavit

85 671 106 696 »
142 656 298 699 Deus¹.
329 674 346 695 »
383 656 441 697 Et
471 652 572 713 quia
598 666 823 697 occurrere
855 660 1026 711 poterat
1060 651 1273 696 audientis
1306 652 1471 710 cogita-

81 724 209 770 tioni:
233 728 290 770 Ut
311 725 420 786 quid
441 740 544 783 ergo
562 726 650 767 Lex
671 722 771 767 data
791 731 877 777 est,
904 722 937 766 si
961 737 1010 766 ex
1032 721 1103 766 illa
1125 738 1215 767 non
1246 731 1310 767 est
1335 722 1471 768 haere-

81 794 218 840 ditas?
239 796 330 855 ipse
357 795 438 838 sibi
478 795 562 838 hoc
591 793 774 853 objecit,
801 802 932 852 atque
954 793 1013 837 ait
1034 791 1155 837 velut
1175 793 1469 853 interrogans,

85 884 105 907 «
140 864 257 918 Quid
279 880 382 924 ergo
405 866 519 909 Lex?
543 882 562 905 »
593 862 760 908 Deinde
782 862 1029 924 respondit:
1060 882 1079 905 «
1108 864 1473 922 Transgressionis

83 953 105 977 »
140 936 273 994 gratia
291 935 510 996 proposita
545 944 631 990 est,
658 933 798 979 donec
820 934 990 978 veniret
1020 949 1168 978 semen
1191 934 1262 979 cui
1284 936 1472 994 promis-

82 1025 104 1048 »
138 1022 235 1050 sum
265 1015 355 1067 est,
388 1005 592 1066 disposita
625 1021 703 1065 per
736 1004 926 1065 Angelos
958 1006 1005 1049 in
1036 1021 1171 1049 manu
1202 1004 1469 1052 Mediatoris.

79 1078 294 1122 Mediator
311 1086 459 1122 autem
480 1077 610 1121 unius
633 1093 723 1121 non
741 1086 826 1132 est,
853 1080 968 1121 Deus
991 1091 1095 1121 vero
1119 1093 1233 1121 unus
1249 1081 1353 1122 est2.
1374 1096 1394 1120 »
1417 1081 1475 1123 Et

78 1148 150 1193 hic
179 1148 454 1203 occurrebat,
480 1146 601 1208 quod
623 1147 703 1191 sibi
726 1148 817 1208 ipse
839 1147 1078 1207 proposuit.
1109 1167 1130 1190 «
1156 1151 1244 1191 Lex
1267 1163 1368 1206 ergo
1391 1148 1472 1193 ad-

82 1237 103 1260 »
137 1234 283 1263 versus
296 1219 503 1278 promissa
523 1218 625 1262 Dei?
642 1237 663 1258 »
681 1221 737 1261 Et
751 1218 988 1277 respondit,
1010 1238 1030 1260 «
1047 1218 1188 1263 Absit.
1205 1237 1225 1259 »
1245 1218 1475 1264 Reddidit-

79 1304 166 1350 que
183 1289 397 1333 rationem
409 1288 578 1332 dicens:
607 1306 627 1329 (ι
646 1287 689 1332 Si
704 1288 820 1331 enim
838 1287 939 1331 data
952 1297 1061 1332 esset
1075 1291 1164 1332 Lex
1176 1324 1186 1343 ,
1208 1305 1307 1349 quae
1329 1300 1476 1349 posset

81 1378 102 1402 »
135 1359 376 1414 vivificare,
403 1359 580 1403 omnino
599 1374 650 1402 ex
672 1361 787 1417 Lege
810 1368 918 1403 esset
940 1359 1123 1418 justitia.
1153 1360 1238 1404 Sed
1260 1360 1475 1406 conclusit

83 1447 102 1472 »
139 1431 361 1491 Scriptura
402 1430 546 1474 omnia
580 1429 662 1473 sub
695 1437 875 1489 peccato
890 1464 900 1484 ,
943 1438 994 1472 ut
1026 1429 1256 1489 promissio
1294 1445 1344 1474 ex
1385 1430 1473 1476 fide

81 1518 102 1543 »
138 1504 242 1546 Jesu
275 1501 438 1547 Christi
467 1499 641 1545 daretur
669 1499 986 1555 credentibus³,
1015 1509 1098 1544 etc.
1134 1519 1154 1542 »
1192 1500 1263 1545 vel
1297 1502 1331 1546 si
1366 1503 1475 1563 quid

79 1571 290 1634 ejusmodi
313 1581 390 1617 est.
417 1572 612 1616 Pertinet
634 1587 735 1630 ergo
758 1570 813 1617 ad
834 1570 1020 1617 docendi
1046 1587 1196 1616 curam
1219 1588 1310 1617 non
1332 1573 1474 1619 solum

79 1643 244 1703 aperire
272 1642 441 1698 clausa,
467 1651 511 1686 et
541 1642 680 1687 nodos
704 1642 869 1687 solvere
898 1643 1218 1703 quaestionum,
1244 1643 1321 1689 sed
1343 1645 1474 1690 etiam

79 1713 187 1759 dum
213 1715 298 1758 hoc
328 1713 490 1771 agitur,
521 1712 613 1757 aliis
637 1713 979 1774 quaestionibus,
1012 1730 1111 1775 quae
1140 1714 1333 1760 fortassis
1360 1716 1475 1761 inci-

80 1785 250 1840 derint,
275 1799 331 1828 ne
352 1783 399 1828 id.
420 1783 540 1844 quod
562 1783 746 1828 dicimus
762 1784 1036 1844 improbetur
1059 1801 1136 1845 per
1158 1785 1252 1831 illas
1272 1808 1283 1845 3
1309 1796 1385 1832 aut
1406 1804 1476 1833 re-

80 1854 277 1910 fellatur,
304 1869 531 1899 occurrere
553 1874 562 1899 :
587 1855 621 1898 si
643 1863 790 1898 tamen
814 1864 857 1898 et
882 1855 973 1914 ipsa
1001 1871 1152 1900 earum
1173 1856 1334 1902 solutio
1354 1859 1474 1918 pari-

39 1956 41 1959 <
80 1935 146 1970 ter
161 1926 418 1982 occurrerit,
444 1941 499 1969 ne
516 1940 766 1970 moveamus
781 1926 903 1986 quod
918 1925 1088 1970 auferre
1106 1943 1195 1971 non
1222 1943 1470 1988 possumus.

80 1997 153 2041 Fit
173 2006 318 2041 autem
344 2005 395 2040 ut
420 2011 520 2041 cum
542 1995 782 2039 incidentes
808 1997 1041 2056 quaestioni
1065 1996 1160 2040 aliae
1186 2000 1471 2059 quaestiones,

79 2077 123 2112 et
144 2066 238 2112 aliae
257 2082 404 2116 rursus
424 2065 717 2111 incidentibus
738 2066 978 2111 incidentes
1000 2077 1322 2127 pertractantur
1338 2080 1472 2132 atque

80 2139 328 2194 solvuntur,
345 2140 392 2183 in
403 2154 498 2184 eam
515 2138 838 2198 longitudinem
860 2140 1200 2185 ratiocinationis
1212 2143 1473 2187 extendatur

79 2211 286 2266 intentio,
303 2220 353 2255 ut
373 2211 455 2255 nisi
476 2211 683 2255 memoria
703 2211 944 2270 plurimum
957 2212 1099 2257 valeat
1115 2248 1125 2268 ,
1151 2222 1282 2275 atque
1304 2214 1464 2273 vigeat,

83 2280 137 2325 ad
158 2290 290 2341 caput
301 2279 420 2325 unde
433 2281 644 2339 agebatur
657 2280 901 2341 disputator
914 2283 1056 2328 redire
1068 2300 1157 2328 non
1168 2285 1316 2345 possit.
1335 2284 1473 2329 Valde

84 2360 230 2396 autem
247 2352 414 2396 bonum
433 2360 496 2395 est
507 2387 517 2406 ,
533 2361 584 2395 ut
598 2350 816 2412 quidquid
838 2354 1079 2398 contradici
1092 2364 1235 2415 potest
1247 2391 1257 2411 ,
1272 2356 1305 2400 si
1318 2371 1473 2401 occur-

83 2423 212 2477 rerit,
232 2421 471 2481 refutetur3
493 2438 548 2466 ne
570 2423 631 2466 ibi
651 2433 871 2479 occurrat,
897 2424 974 2468 ubi
992 2441 1081 2469 non
1099 2426 1180 2471 erit
1201 2426 1277 2487 qui
1296 2441 1476 2486 respon-

136 2515 145 2531 ¹
167 2508 234 2540 Gal.
250 2520 299 2549 ιιι,
322 2509 439 2541 15-18.
460 2526 502 2532 -—
523 2515 536 2532 ²
551 2509 631 2541 lbid.
657 2508 969 2551 19‚20.—311›id.
993 2521 1046 2552 21,
1063 2520 1116 2543 22.
