1854 3219
333 255 388 282 DE
420 253 571 284 GENEst
603 249 658 279 An
691 250 932 290 nunant,
970 252 1050 279 Lm.
1086 253 1133 279 Π.
1363 239 1446 278 217

70 393 1020 414 mmmmmxmmwuumwmumwxxmxmtxttmx
1027 394 1091 409 ΜΚ
1097 393 1161 408 §mx
1167 393 1372 409 ΙΧΑΑἏἜΣΜΝ
1379 393 1447 408 ln*

557 518 773 568 CAPUT
809 519 975 568 XVII.

515 663 581 710 In
607 660 964 708 Genetlzlc'acos.

122 801 304 846 XXXV.
330 803 394 845 DE
415 799 514 845 fatis
536 809 683 845 autem
704 799 896 845 siderum
920 798 1180 861 qualeslibet
1209 814 1362 845 eorum
1385 815 1450 844 ar-

63 864 217 930 gutias,
248 880 292 915 et
312 872 434 932 quasi
456 870 511 915 de
532 871 716 916 mathesi
739 867 1105 915 documentorum
1129 871 1421 931 experimenta
1435 905 1447 925 ,

62 957 161 1001 quae
187 939 252 985 illi
280 949 520 994 etr-muoparon
544 951 726 998 vocant,
762 942 940 986 omnino
974 957 997 985 a
1020 951 1178 986 nostrae
1206 941 1308 985 fidei
1336 941 1451 985 sani-

62 1021 150 1056 tate
166 1026 438 1072 respuamus:
459 1012 620 1057 talibus
635 1013 753 1058 enim
766 1012 1136 1072 disputationibus
1152 1013 1281 1057 etiam
1298 1012 1452 1057 orandi

61 1097 208 1126 causas
238 1081 365 1126 nobis
395 1080 565 1127 auferre
588 1093 825 1138 conantur,
850 1092 893 1127 et
924 1083 1056 1144 impia
1093 1083 1373 1143 perversitate
1407 1082 1452 1126 in

60 1152 183 1198 malis
215 1153 362 1209 factis,
398 1170 499 1214 quae
535 1155 770 1199 rectissime
804 1154 1211 1215 reprehenduntur,
1246 1155 1454 1213 ingerunt

61 1223 355 1269 accusandum
374 1225 518 1284 potius
538 1229 678 1270 Deum
696 1235 918 1270 auctorem
936 1226 1143 1281 siderum,
1160 1241 1293 1286 quam
1312 1226 1454 1270 homi-

62 1310 163 1339 nem
185 1295 412 1340 scelerum.
440 1295 525 1342 Sed
554 1296 675 1356 quod
706 1299 863 1340 animae
893 1306 1051 1341 nostrae
1074 1313 1163 1341 non
1185 1297 1270 1340 sint
1297 1306 1452 1341 natura

63 1366 318 1426 corporibus
349 1382 408 1418 ¹ne
445 1366 624 1427 quidem
661 1367 911 1412 coelestibus
951 1367 1160 1423 subditae,
1198 1366 1379 1411 audiant
1411 1376 1455 1411 ct

62 1435 346 1496 philosophos
374 1452 496 1482 suos:
523 1437 626 1498 quia
647 1453 751 1482 vero
774 1439 956 1482 terrenis
978 1438 1234 1498 corporibus
1260 1437 1334 1482 illa
1357 1454 1455 1483 cor-

62 1522 169 1568 pora
198 1508 419 1567 superiora
450 1523 541 1552 non
570 1507 624 1554 ad
655 1524 702 1553 ea
734 1524 833 1569 quac
867 1509 949 1568 ipsi
984 1518 1173 1553 tractant
1207 1509 1454 1568 potentiora

63 1586 186 1633 sunt,
213 1577 283 1622 vel
314 1578 419 1623 hinc
453 1578 689 1640 aliquando
722 1589 1008 1639 cognoscant,
1039 1581 1142 1640 quia
1182 1596 1282 1625 cum
1316 1579 1454 1624 multa

63 1663 245 1709 corpora
267 1648 537 1694 diversorum
555 1665 778 1708 generum,
798 1650 868 1696 vel
891 1652 1194 1707 animantium,
1215 1651 1285 1696 vel
1302 1652 1456 1696 herba-

64 1734 162 1763 rum
183 1728 228 1763 et
249 1719 549 1776 arbustorum,
569 1737 660 1765 uno
680 1721 808 1766 simul
829 1731 995 1782 puncto
1018 1723 1226 1782 temporis
1241 1723 1455 1767 seminen-

64 1798 152 1846 tur,
178 1806 356 1852 unoque
384 1800 551 1851 puncto
573 1792 780 1852 temporis
806 1792 1185 1837 innumerabiliter
1201 1793 1340 1837 multa
1357 1810 1456 1839 nas-

63 1871 238 1917 cantur,
265 1878 355 1906 non
383 1872 554 1907 tantum
578 1862 778 1917 diversis,
804 1864 880 1908 sed
902 1865 1032 1908 etiam
1056 1864 1211 1909 iisdem
1242 1875 1456 1910 terrarum

63 1930 184 1987 locis,
210 1941 344 1977 tantae
361 1942 463 1977 sunt
484 1934 712 1978 varietates
733 1934 777 1979 in
801 1935 1116 1994 progressibus,
1143 1936 1190 1978 in
1207 1936 1396 1992 actibus,
1414 1945 1457 1981 et

65 2002 334 2062 passionibus
369 2019 542 2058 eorum,
579 2013 630 2048 ut
660 2020 761 2048 vere
796 2005 863 2049 isti
890 2005 1024 2062 (sicut
1057 2005 1239 2063 dicitur)
1272 2007 1457 2066 perdant

65 2072 227 2128 sidera,
250 2073 284 2117 si
305 2074 385 2117 ista
409 2073 703 2119 considerant.

124 2145 328 2188 XXXVI.
348 2145 466 2197 Quid
488 2154 634 2189 autem
654 2145 857 2191 insulsius
884 2156 927 2191 ct
949 2148 1172 2203 hebetius,
1199 2164 1331 2209 quam
1355 2165 1456 2194 cum

68 2213 154 2258 istis
186 2215 316 2259 rebus
348 2216 694 2271 convincuntur,
723 2217 867 2262 dicere
906 2220 960 2262 ad
997 2219 1109 2263 solos
1144 2220 1342 2264 homines
1376 2221 1457 2264 sibi

68 2283 357 2344 subjiciendos
397 2285 572 2330 fatalem
611 2287 831 2332 stellarum
874 2290 1092 2349 pertinere
1127 2293 1372 2335 rationein?
1407 2295 1458 2335 ln

69 2354 229 2413 quibus
256 2364 401 2399 tamen
428 2357 558 2400 etiam
581 2357 661 2417 ipsi
690 2357 744 2402 dc
773 2360 952 2416 geminis
975 2360 1318 2416 convincuntur,
1344 2378 1458 2422 quo-

69 2439 167 2468 rum
193 2423 359 2470 diverse
386 2427 650 2483 viventium,
677 2428 844 2473 diverse
877 2429 1070 2474 felicium
1100 2431 1171 2474 vcl
1194 2430 1454 2485 infelicium,

72 2494 325 2555 diverseque
347 2498 648 2555 morientium,
677 2501 848 2544 easdem
872 2501 1132 2562 plerumque
1161 2502 1457 2547 constellatio-

72 2579 146 2607 nes
169 2566 400 2625 accipiunt.
438 2570 546 2621 Quia
581 2571 655 2613 etsi
692 2570 888 2614 interfuit
922 2572 1085 2631 aliquid
1119 2590 1216 2617 cuin
1249 2573 1302 2616 do
1332 2583 1456 2616 moro
