1854 3219
411 185 495 224 546
846 200 880 226 s.
916 197 1145 227 Incusum
1179 200 1363 228 Eprscom

407 262 548 322 ipsum
574 261 766 322 primum
788 260 953 308 [actum
975 263 1030 315 ad
1052 265 1136 310 hoc
1153 266 1414 325 permissum
1437 275 1523 322 est,
1550 275 1600 310 ut
1622 282 1698 327 per
1717 283 1796 312 na-

404 342 548 378 turam
572 333 782 394 serpentis
811 334 1127 394 significaretur
1151 338 1297 397 generi
1320 338 1574 394 hominum,
1600 339 1671 383 cui
1692 355 1795 383 cru—

403 403 564 450 diendo
600 406 696 451 haec
730 415 848 465 gesta
870 409 1086 454 conscribi
1109 410 1365 469 oportebat,
1392 410 1532 455 omnis
1568 409 1797 456 diabolicas

405 476 654 522 tentationis
676 477 916 522 similitudo
939 498 948 523 :
974 479 1094 539 quod
1126 481 1379 540 apparebit,
1412 498 1514 527 cum
1547 484 1592 527 in
1619 498 1798 544 serpen-

404 557 491 593 tem
512 548 698 609 proferri
719 551 902 610 coeperit
923 549 1070 596 divina
1091 554 1320 597 sententia.

398 698 1746 721 mmmmmmmmmmmmmmmmmmm
1754 701 1794 718 m

877 819 1102 869 CAPUT
1139 822 1309 869 XXIX.

625 966 836 1028 Serpens
857 983 946 1014 cur
971 967 1127 1015 dictas
1146 968 1563 1029 prudentissimus.

451 1104 659 1149 XXXVI.
700 1122 722 1146 ι(
755 1107 950 1152 Pnomuu
982 1105 1353 1166 prudentissimus
1387 1107 1584 1152 omnium
1626 1107 1791 1152 bestia-

396 1195 418 1218 »
454 1191 578 1231 rum,
617 1193 637 1216 ³)
664 1177 758 1220 Hoc
785 1187 872 1231 est,
900 1178 1212 1233 astutissimus,
1254 1175 1314 1223 ita
1349 1177 1492 1223 dictus
1530 1187 1594 1222 est
1615 1193 1792 1238 serpens

391 1255 570 1307 propter
603 1246 805 1290 astutiam
833 1246 1021 1303 diaboli,
1060 1265 1161 1309 quae
1194 1249 1240 1293 in
1275 1249 1350 1294 illo
1385 1258 1430 1293 et
1459 1249 1513 1292 de
1536 1249 1611 1294 illo
1635 1249 1791 1307 agebat

392 1316 562 1373 dolum,
579 1317 952 1378 quemadmodum
973 1317 1135 1362 dicitur
1159 1319 1352 1378 prudens
1370 1319 1441 1364 vel
1459 1328 1598 1363 astuta
1617 1318 1784 1378 lingua,
1853 1308 1854 1323 ¹

390 1404 525 1449 quam
553 1387 744 1448 prudens
777 1388 845 1432 vel
885 1398 1052 1434 astutus
1080 1399 1227 1433 movet
1256 1389 1311 1433 ad
1342 1388 1510 1450 aliquid
1547 1389 1787 1449 prudenter

390 1467 620 1519 astuteque
641 1456 931 1502 suadendum.
959 1461 1058 1504 Non
1089 1460 1206 1503 enim
1233 1469 1297 1504 est
1327 1461 1421 1504 haec
1450 1460 1515 1505 vis
1541 1475 1618 1504 seu
1651 1461 1788 1504 virtus

388 1529 574 1574 membri
611 1529 845 1588 corporalis
861 1564 872 1584 ‚
913 1529 1035 1589 quod
1080 1539 1261 1574 vocatur
1299 1530 1449 1589 lingua
1466 1566 1477 1586 ‚
1517 1529 1594 1574 sed
1633 1531 1788 1591 utique

387 1600 545 1645 mentis
572 1616 671 1660 quae
689 1600 828 1644 utitur
850 1615 914 1644 ca.
944 1603 1007 1644 Ita
1032 1600 1163 1644 ctiam
1185 1600 1329 1645 dictus
1352 1610 1416 1645 est
1437 1600 1576 1658 stylus
1598 1601 1786 1646 mendax

386 1670 627 1715 scribarum
649 1690 657 1714 :
685 1686 827 1731 neque
850 1671 967 1714 enim
992 1686 1082 1715 esse
1106 1670 1363 1715 mendacem
1384 1672 1574 1731 pertinet
1590 1707 1601 1726 ,
1629 1672 1709 1715 nisi
1731 1671 1788 1716 ad

386 1741 606 1786 viventem
621 1750 751 1801 atque
771 1741 1030 1785 sentientem
1050 1762 1060 1797 3
1080 1741 1156 1785 scd
1174 1741 1312 1799 stylus
1334 1745 1522 1786 mendax
1545 1741 1688 1786 dictus
1706 1751 1785 1798 est,

385 1812 507 1873 quod
524 1828 600 1872 per
618 1827 719 1856 eum
740 1811 928 1856 mendax
950 1811 1218 1856 mendaciter
1242 1822 1476 1872 operetur3
1503 1813 1787 1873 quemadmo-

386 1883 493 1928 dum
515 1883 551 1927 si
573 1893 617 1927 et
641 1884 721 1926 iste
739 1897 915 1942 serpens
940 1881 1127 1926 mendax
1150 1882 1386 1939 diceretur,
1413 1883 1534 1944 quod
1553 1899 1605 1928 eo
1628 1884 1785 1929 diabo-

384 1964 457 2009 Jus
473 1963 682 2015 tanquam
698 1953 812 2011 stylo
834 1953 1101 1997 mendaciter
1123 1963 1337 1998 uteretur.

442 2026 672 2069 XXXVII.
710 2026 802 2068 Hoc
824 2023 923 2068 ideo
945 2023 1348 2068 commendandum
1376 2024 1554 2083 putavi,
1585 2040 1641 2068 ne
1661 2025 1786 2085 quis-

382 2112 515 2158 quam
554 2096 804 2140 existimans
842 2094 1078 2139 animantia
1113 2095 1290 2139 rationis
1323 2096 1515 2154 expertia
1537 2096 1785 2140 humanum

381 2168 543 2213 habere
575 2166 872 2222 intellectum,
895 2165 966 2211 vel
988 2167 1033 2209 in
1055 2165 1216 2210 animal
1244 2161 1456 2210 rationale
1478 2176 1656 2226 repente
1680 2182 1782 2211 mu-

383 2240 470 2284 turi
485 2274 497 2287 ,
524 2239 758 2284 seducatur
779 2239 825 2283 in
846 2238 967 2282 illam
999 2239 1255 2298 opinionem
1278 2237 1509 2282 ridiculam
1542 2247 1584 2282 et
1608 2239 1782 2283 noxiam

383 2310 666 2355 revolutionis
705 2309 950 2354 animarum
981 2309 1051 2354 vel
1078 2309 1304 2353 hominum
1337 2308 1382 2353 in
1417 2308 1602 2364 bestias,
1641 2308 1711 2353 vel
1735 2310 1780 2353 in

382 2381 580 2429 homines
604 2380 881 2425 bestiarum1.
911 2380 955 2425 Si
976 2394 1078 2438 ergo
1097 2379 1271 2424 locutus
1298 2388 1362 2423 est
1379 2394 1556 2438 serpens
1579 2379 1746 2423 homini
1763 2415 1775 2434 ‚

382 2453 496 2500 sicut
517 2453 656 2508 asina,
681 2453 725 2497 in
755 2468 844 2513 qua
875 2450 1054 2497 sedebat
1078 2451 1255 2496 Balaam
1268 2455 1300 2507 ²,
1325 2450 1474 2497 locuta
1494 2460 1561 2495 est
1581 2451 1773 2507 homini,

432 2556 442 2574 ¹
463 2559 484 2584 2
503 2552 591 2584 Sent.
607 2549 682 2583 dist.
702 2560 768 2592 xxi,
789 2560 863 2592 cap.
885 2560 915 2582 2.
935 2565 978 2572 —
996 2555 1010 2572 ²
1028 2550 1122 2581 Num.
1145 2559 1222 2589 xxu,
1242 2549 1296 2581 28.
