1854 3219
391 158 474 198 404
832 171 866 198 5.
903 173 1134 200 Auuus'rm‘i
1168 174 1351 199 El‘lscovl

387 245 467 291 est,
487 237 598 279 sicut
621 238 868 281 moriuntur
891 239 1035 283 caeteri
1057 240 1267 293 homines,
1289 238 1367 283 etsi
1390 253 1479 282 non
1501 239 1613 283 sicut
1634 239 1777 283 caeteri

386 323 438 350 ex
461 306 711 366 parentibus
729 316 871 363 natus,
897 308 973 353 sed
987 310 1097 354 sicut
1118 310 1318 369 primitus
1340 309 1572 368 oportebat
1592 326 1643 353 ex
1664 318 1778 353 terra

385 378 525 421 factus
549 387 612 421 est
637 397 646 422 :
673 378 732 422 ita
756 387 799 422 et
821 380 1061 439 paradisus,
1088 381 1134 425 in
1156 396 1244 441 quo
1269 396 1369 424 eum
1395 379 1625 425 collocavit
1644 383 1774 434 Deus,

384 448 495 492 nihil
522 448 641 493 aliud
658 465 790 509 quam
813 449 935 496 locus
961 451 1141 512 quidam
1161 451 1455 511 intelligatur,
1483 460 1595 496 terra
1615 450 1778 496 scilicet

383 518 461 562 ubi
484 519 701 564 habitaret
726 520 859 566 homo
883 531 1095 567 terrenus.

444 593 501 635 ΙΙ.
529 592 728 636 Narratio
755 593 920 653 quippe
947 594 990 638 in
1018 594 1085 639 his
1111 593 1231 637 libris
1253 607 1342 636 non
1367 607 1524 651 genere
1546 591 1778 637 locutionis

382 660 667 720 figuratarum
691 678 837 707 rerum
857 673 920 708 est
937 700 948 720 ,
969 665 1081 709 sicut
1104 664 1149 707 in
1171 662 1353 709 Cantico
1377 663 1682 718 Canticorum,
1703 662 1778 707 sed

381 732 561 777 omnino
586 743 826 791 gestarum,
857 735 968 780 sicut
990 735 1035 779 in
1058 738 1311 794 Regnorum
1342 733 1462 778 libris
1495 743 1538 778 et
1571 734 1776 794 hujusce-

382 803 500 848 modi
515 805 696 850 czeteris.
715 805 799 851 Sed
815 807 915 867 quia
935 806 1023 851 illic
1038 822 1087 851 ea
1099 805 1323 861 dicuntur,
1340 822 1439 866 quac
1454 805 1555 849 vitae
1573 806 1778 850 humanae

381 890 481 918 usus
512 876 758 921 notissimus
791 878 947 932 habet,
985 893 1075 921 non
1105 875 1305 931 difficile,
1340 876 1428 920 imo
1458 876 1778 936 promptissime

380 946 581 1005 primitus
605 948 880 1008 accipiuntur
901 949 957 993 ad
978 948 1195 1004 litteram,
1223 957 1273 992 ut
1295 948 1455 992 deinde
1483 964 1533 992 ex
1555 947 1638 992 illis
1668 947 1777 1007 quid

379 1018 511 1063 etiam
554 1019 807 1065 futurorum
842 1036 906 1066 res
942 1021 1046 1081 ipsae
1075 1029 1206 1080 gestae
1235 1020 1599 1079 significaverint,
1630 1019 1778 1064 excul-

379 1099 508 1149 patur
530 1107 541 1134 .·
568 1091 638 1135 1110
653 1101 799 1136 autem
817 1093 919 1152 quia
942 1107 991 1135 ea
1010 1090 1235 1146 dicuntur,
1262 1106 1362 1151 quae
1376 1090 1587 1134 usitatum
1609 1098 1777 1134 naturae

376 1175 553 1204 cursum
585 1161 859 1206 intuentibus
891 1178 982 1207 non
1014 1170 1273 1216 occurrant,
1309 1160 1467 1205 nolunt
1505 1176 1555 1205 ea
1596 1159 1777 1221 quidam

377 1231 569 1289 proprie,
597 1232 673 1275 sed
691 1232 873 1288 figurate
896 1231 1012 1275 dicta
1034 1231 1246 1290 intelligi,
1266 1240 1397 1292 atquc
1418 1247 1467 1275 ex
1490 1230 1565 1276 illo
1583 1230 1680 1276 loco
1697 1247 1777 1276 vo-

375 1301 475 1346 lunt
497 1301 688 1362 incipere
718 1302 966 1358 historiam,
1005 1302 1050 1346 id
1072 1311 1161 1357 est,
1188 1317 1333 1346 rerum
1361 1303 1536 1362 proprie
1560 1311 1777 1360 gestarum

377 1373 695 1429 narrationem,
725 1388 775 1417 ex
806 1389 895 1434 quo
928 1373 1093 1418 dimissi
1122 1374 1177 1418 de
1210 1372 1410 1433 paradiso
1442 1372 1584 1418 Adam
1614 1383 1657 1418 et
1684 1376 1777 1418 Eva

375 1454 680 1489 convenerunt
703 1454 834 1505 atque
857 1454 1118 1503 genuerunt.
1146 1445 1279 1498 Quasi
1298 1460 1401 1489 vero
1420 1443 1632 1488 usitatum
1649 1444 1775 1488 nobis

375 1515 454 1570 sit,
476 1514 547 1560 vel
572 1514 693 1575 quod
718 1525 782 1560 tot
804 1531 940 1559 annos
962 1516 1181 1569 vixerunt,
1210 1514 1280 1560 vel
1307 1515 1428 1575 quod
1454 1515 1609 1559 Enoch
1632 1524 1775 1559 trans-

375 1586 489 1631 latus
523 1596 613 1641 est,
648 1586 717 1631 vel
745 1586 866 1647 quod
898 1595 942 1630 et
977 1586 1209 1645 grandaeva
1245 1595 1288 1629 et
1318 1584 1472 1630 sterilis
1507 1586 1696 1645 peperit,
1732 1595 1776 1630 et

377 1667 534 1702 caetera
557 1658 825 1718 hujusmodi.

436 1731 518 1771 ΙΙΙ.
548 1727 632 1772 Sed
655 1727 737 1771 alia
760 1736 847 1781 est,
874 1726 1103 1786 inquiunt,
1131 1727 1321 1770 narratio
1351 1725 1567 1770 factorum
1595 1726 1775 1771 mirabi-

374 1800 506 1854 lium,
542 1798 624 1843 alia
654 1798 953 1842 institutarum
985 1806 1299 1842 creaturarum.
1329 1796 1423 1841 Illic
1455 1798 1572 1841 enim
1603 1813 1652 1842 ea
1684 1798 1776 1858 ipsa

375 1871 549 1916 insolita
577 1870 836 1925 ostendunt,
864 1869 969 1914 alios
1006 1884 1095 1913 esse
1132 1878 1341 1929 tanquam
1370 1869 1588 1913 naturales
1621 1871 1774 1915 modos

377 1959 545 1999 rerum,
572 1942 676 1988 alios
705 1941 1014 1987 miraculorum
1033 1976 1043 1996 ,
1077 1956 1177 2001 quae
1206 1939 1423 1999 magnalia
1451 1942 1736 1985 nominantur
1762 1961 1771 1987 :

376 2015 448 2059 hic
481 2023 629 2058 autem
656 2014 747 2074 ipsa
777 2013 1026 2057 insinuatur
1055 2012 1272 2056 institutio
1301 2021 1573 2055 naturarum.
1603 2013 1774 2066 Quibus

377 2085 689 2145 respondetur,
716 2084 791 2129 sed
819 2082 918 2128 ideo
945 2081 1120 2127 insolita
1143 2091 1186 2126 et
1214 2083 1326 2141 ipsa,
1353 2082 1455 2143 quia
1484 2083 1638 2142 prima.
1664 2085 1774 2128 Nam

375 2156 483 2216 quid
506 2164 595 2200 tam
616 2155 707 2199 sine
731 2152 950 2213 exemplo,
969 2162 1013 2197 et
1036 2153 1126 2197 sine
1149 2153 1241 2211 pari
1268 2151 1381 2196 facto
1406 2152 1451 2195 in
1472 2168 1617 2196 rerum
1638 2169 1774 2197 mun-

375 2227 589 2273 danarum
609 2226 920 2271 constitutione
940 2240 1072 2285 quam
1094 2224 1312 2268 mundus?
1332 2227 1447 2269 Num
1469 2224 1567 2269 ideo
1591 2226 1773 2271 creden-

375 2297 483 2342 dum
511 2313 601 2342 non
623 2306 686 2341 est
711 2300 852 2341 Deum
874 2294 1024 2340 fecisse
1051 2294 1291 2350 mundum,
1312 2295 1414 2355 quia
1441 2297 1533 2356 jam
1556 2312 1645 2341 non
1667 2296 1772 2342 facit

376 2368 588 2426 mundos,
609 2376 793 2412 autnon
818 2366 969 2411 secisse
987 2365 1138 2421 solem,
1164 2365 1265 2426 quia
1283 2366 1373 2425 jam
1397 2381 1486 2409 non
1508 2366 1614 2411 facit
1636 2367 1772 2412 soles?

376 2444 434 2487 Et
455 2441 538 2485 hoc
555 2438 734 2500 quidem
756 2454 846 2483 non
867 2437 922 2482 (le
944 2437 1166 2497 paradiso,
1192 2435 1269 2482 sed
1291 2436 1346 2481 de
1364 2437 1457 2497 ipso
1479 2437 1655 2482 homine
1670 2454 1771 2498 per-

377 2512 504 2558 motis
533 2510 686 2556 debuit
718 2508 969 2570 responderi
997 2529 1006 2555 :
1031 2524 1150 2554 nunc
1172 2524 1276 2555 vero
1306 2524 1409 2555 cum
1431 2509 1574 2569 ipsum
1594 2509 1655 2554 sic
1673 2525 1770 2555 cre-
