1854 3219
429 230 483 255 DE
518 226 669 255 enimsi
702 224 756 252 An
790 223 1031 261 LITTERAM,
1067 223 1148 250 Lm.
1186 223 1246 249 Ν.
1430 209 1514 248 259

129 311 240 352 rere,
266 304 317 340 ut
331 295 462 340 etiam
478 294 668 353 ipsarum
686 291 893 351 partium,
908 290 1070 351 quibus
1087 289 1165 333 iste
1186 300 1395 332 numerus
1416 302 1518 347 per-

128 368 296 422 ficitur,
331 372 536 426 appareat
567 362 689 424 quasi
720 360 897 420 gradata
930 361 1181 417 distinctio,
1210 359 1357 404 veniat
1386 358 1517 402 etiam

127 437 239 482 illud
260 438 306 481 in
326 444 536 490 mentem,
557 433 678 494 quod
699 431 782 476 alio
802 431 900 476 loeo
922 431 1253 491 ,Scripturarum
1270 430 1307 474 ei
1330 429 1511 485 dicitur,

132 528 154 551 «
188 508 344 553 Omnia
356 507 402 550 in
413 520 632 560 mensura,
644 512 687 547 et
697 517 896 558 numero,
909 512 952 546 et
962 502 1156 562 pondere
1174 501 1424 561 disposuisti
1437 503 1450 527 1
1466 521 1476 558 3
1490 518 1511 541 )›

129 589 259 640 atque
280 580 338 624 ita
361 577 521 636 cogitet
542 576 701 631 anima,
722 590 821 636 quae
843 583 1001 634 potest,
1019 575 1221 619 invocato
1242 573 1288 616 in
1307 573 1516 616 auxilium

129 653 242 706 Deo,
267 659 319 693 et
340 648 617 709 impertiente
650 656 781 707 atque
814 645 1050 705 inspirante
1078 645 1212 699 vires,
1237 653 1388 688 utrum
1422 643 1517 687 haee

130 721 233 777 tria,
250 735 468 776 mensura,
494 733 717 773 numerus,
743 716 938 778 pondus,
963 717 1009 759 in
1032 716 1192 777 quibus
1215 718 1355 760 Deum
1372 713 1519 774 dispo-

130 793 264 838 suisse
281 792 426 837 omnia
446 792 656 851 seriptum
679 798 756 844 est,
777 797 900 832 erant
922 786 1081 832 alieubi
1100 796 1334 847 antequam
1357 801 1520 831 creare-

131 873 204 910 tur
231 864 432 909 universa
463 871 683 917 creatura,
719 876 775 905 an
805 859 936 904 etiam
967 859 1060 918 ipsa
1089 868 1233 903 creata
1266 867 1395 916 sunt,
1421 866 1464 902 et
1486 857 1520 901 si

131 944 257 981 erant
289 944 438 990 antea,
463 933 544 977 ubi
576 933 730 977 erant?
751 934 904 992 Neque
935 930 1054 974 enim
1088 939 1189 975 ante
1222 939 1521 975 creaturarum

132 1017 224 1053 erat
236 1006 404 1069 aliquid
417 1006 498 1051 nisi
510 1007 704 1051 Creator.
724 1008 776 1049 In
789 1005 883 1065 ipso
897 1018 1001 1062 ergo
1013 1012 1151 1047 erant.
1174 1004 1259 1048 Sed
1272 1001 1523 1064 quomodo?

132 1092 236 1124 nam
253 1087 296 1123 et
315 1079 395 1123 ista
417 1094 517 1139 quae
539 1085 683 1122 creata
700 1084 817 1131 sunt,
841 1075 887 1119 in
903 1075 998 1135 ipso
1017 1089 1106 1118 esse
1122 1074 1354 1133 legimus2:
1376 1090 1431 1118 an
1447 1073 1522 1118 illa

133 1150 373 1210 sicutipse,
393 1149 474 1194 ista
491 1164 595 1195 vero
612 1149 724 1193 sicut
743 1148 787 1192 in
810 1147 886 1192 illo
909 1163 932 1192 a
956 1162 1045 1208 quo
1068 1156 1282 1206 reguntur
1300 1155 1343 1191 et
1361 1145 1523 1205 guber-

134 1223 323 1266 nantur?
338 1224 396 1266 Et
417 1219 640 1282 quomodo
660 1219 734 1264 issa
752 1219 869 1280 ipse}j
887 1221 1038 1280 Neque
1056 1219 1173 1263 enim
1190 1222 1305 1263 Deus
1319 1231 1524 1262 mensura

135 1302 214 1348 est,
241 1302 317 1337 aut
336 1308 560 1348 numerus,
581 1300 658 1336 aut
679 1289 868 1351 pondus,
889 1299 964 1334 aut
984 1290 1065 1334 ista
1087 1290 1247 1334 onmia.
1273 1293 1342 1335 An
1365 1305 1524 1334 secun-

136 1363 243 1407 dum
264 1362 310 1407 id
331 1363 452 1424 quod
471 1363 672 1408 novimus
693 1376 943 1405 mensuram
964 1360 1011 1404 in
1033 1360 1092 1405 eis
1114 1377 1213 1421 quae
1234 1361 1465 1415 metimur,
1483 1369 1526 1404 et

135 1448 370 1478 numerum
393 1433 439 1477 in
467 1433 525 1477 eis
552 1449 652 1493 quae
677 1447 979 1487 numeramus,
1006 1441 1049 1476 et
1070 1432 1244 1492 pondus
1271 1431 1318 1475 in
1343 1431 1402 1475 eis
1425 1445 1526 1491 quae

137 1504 444 1566 appendimus,
468 1521 559 1550 non
585 1514 649 1549 est
669 1508 784 1550 Deus
806 1501 914 1549 ista:
939 1502 1180 1548 secundum
1201 1503 1248 1548 id
1277 1519 1380 1548 vero
1404 1501 1527 1563 quod

136 1592 338 1621 mensura
360 1576 480 1621 omni
503 1575 564 1620 rei
587 1576 769 1621 modum
793 1575 1000 1636 praefigit,
1026 1584 1070 1619 et
1092 1591 1300 1620 numerus
1324 1574 1443 1619 omni
1464 1573 1526 1617 rei

137 1647 325 1707 speciem
357 1647 549 1708 praebet,
577 1656 621 1691 et
647 1646 821 1707 pondus
854 1661 1030 1691 omnem
1064 1662 1156 1690 rem
1179 1645 1236 1690 ad
1259 1646 1453 1706 quietem
1477 1659 1527 1688 ac

139 1719 418 1764 stabilitatem
435 1719 585 1774 trahit,
600 1718 674 1763 ille
687 1718 887 1779 primitus
904 1727 947 1762 et
958 1718 1166 1762 veraciter
1188 1727 1232 1762 et
1251 1717 1526 1776 singulariter

139 1790 218 1834 ista
240 1799 319 1845 est,
344 1790 421 1850 qui
442 1789 647 1834 terminat
664 1789 824 1844 omnia,
851 1798 894 1832 et
916 1788 1074 1833 format
1096 1789 1240 1833 omnia
1254 1824 1264 1844 ,
1292 1798 1334 1832 et
1357 1787 1529 1833 ordinat

141 1861 312 1917 omnia,
336 1859 535 1921 nihilque
557 1859 677 1904 aliud
698 1859 866 1904 dictum
893 1859 1171 1917 intelligitur,
1200 1859 1422 1920 quomodo
1450 1874 1528 1918 per

141 1947 216 1977 cor
244 1941 287 1976 et
314 1931 509 1991 linguam
534 1932 774 1976 humanam
802 1931 966 1991 potuit:
997 1950 1017 1973 «
1042 1931 1200 1975 Omnia
1226 1931 1272 1974 in
1298 1946 1525 1985 mensura,

144 2021 179 2054 »,
200 2011 244 2047 et
268 2018 452 2047 numero
481 2011 525 2047 et
551 2001 746 2063 pondere
776 2000 1051 2062 disposuisti,
1077 2019 1097 2043 υ
1123 2001 1205 2046 nisi
1234 2002 1379 2047 omnia
1411 2001 1457 2046 in
1486 2011 1528 2045 te

141 2072 388 2134 disposuisti
402 2075 423 2117 Ρ

190 2177 200 2194 ¹
221 2173 295 2214 Sap.
310 2165 431 2214 x1,'21.
448 2187 490 2193 —
512 2176 525 2193 ²
539 2172 630 2203 Rom.
652 2180 698 2212 xi,
718 2168 771 2202 36.

1311 2633 1374 2672 17.
