1854 3219
369 212 423 239 DE
454 211 605 239 GENEst
637 209 692 236 AD
725 207 968 247 LITTERAM,
1004 209 1086 235 Lm.
1123 208 1181 234 VI.
1374 193 1458 233 343

73 289 151 341 per
180 278 366 327 verbum
395 277 470 322 Dei
503 285 712 336 tanquam
745 274 1009 320 seminaliter
1039 272 1206 318 mundo
1237 271 1424 318 inditam
1447 294 1457 320 :

70 361 175 396 cum
193 349 356 396 creavit
375 347 520 394 omnia
542 346 672 393 simul
685 381 697 402 ‚
718 362 742 391 a
763 345 924 407 quibus
939 345 986 389 in
1002 344 1073 390 die
1092 344 1277 404 septimo
1293 345 1461 406 requie-

72 422 162 477 vit,
191 437 246 466 ex
272 419 433 482 quibus
458 418 604 464 omnia
635 417 723 463 suis
752 432 941 478 quaeque
965 415 1235 477 temporibus
1259 417 1352 476 jam
1382 430 1461 476 per

71 491 334 538 saeculorum
352 490 554 536 ordinem
570 490 750 535 fierentz
775 502 895 533 nunc
921 497 1071 533 autem
1087 485 1331 532 secundum
1350 502 1459 547 ope-

71 564 286 610 rationem
305 559 592 624 praebendam
615 560 886 621 temporibus
901 595 913 615 ‚
937 575 1025 621 qua
1045 573 1186 621 usque
1213 571 1333 603 nunc
1353 573 1462 618 ope-

72 644 209 691 ratur,
239 643 285 680 et
311 633 542 694 oportebat
561 634 653 694 jam
672 641 869 692 tempore
889 647 970 676 suo
1002 631 1097 676 fieri
1112 629 1255 676 Adam
1275 628 1332 674 de
1357 629 1463 675 limo

72 715 200 753 terrae
213 740 226 763 ‚
247 706 430 766 ejusque
445 704 673 750 mulierem
695 718 746 748 ex
765 702 848 749 viri
863 701 1014 747 latere.

72 839 682 858 mmmmm

897 837 967 854 m

606 937 824 987 CAPUT
867 937 956 985 vl.

160 1071 466 1119 Sententiam
492 1083 633 1117 suam
656 1068 882 1130 liquidius
902 1069 1141 1131 explieat,
1167 1085 1228 1115 ne
1248 1067 1378 1115 male

612 1141 923 1205 intelligatur.

134 1271 213 1314 IX.
245 1272 297 1314 ΙΝ
319 1284 408 1329 qua
428 1266 737 1313 distributione
770 1283 955 1328 operum
976 1268 1077 1323 Dei,
1109 1267 1270 1327 partim
1297 1266 1351 1310 ad
1369 1265 1467 1311 illos

74 1340 166 1386 dies
191 1339 430 1385 invisibiles
451 1339 765 1399 pertinentium
782 1374 793 1395 ,
811 1339 858 1384 in
881 1339 1042 1400 quibus
1063 1339 1226 1382 creavit
1244 1337 1391 1382 omnia
1408 1337 1467 1381 si-

73 1410 194 1467 mul,
219 1410 378 1471 partim
399 1411 455 1454 ad
473 1411 576 1455 istos
599 1410 838 1470 appositos,
866 1411 913 1454 in
940 1409 1100 1470 quibus
1123 1418 1330 1469 operatur
1351 1424 1466 1470 quo-

74 1484 180 1530 tidie
197 1481 417 1544 quidquid
439 1497 491 1526 ex
507 1481 591 1527 illis
619 1491 831 1543 tanquam
857 1481 1093 1527 involucris
1114 1480 1466 1542 primordialibus

73 1556 122 1600 in
156 1564 352 1615 tempore
379 1552 610 1609 evolvitur,
646 1554 681 1598 si
712 1569 803 1598 non
835 1553 1086 1613 importune
1119 1562 1252 1614 atque
1279 1551 1467 1597 absurde

77 1627 312 1687 Scripturae
333 1625 467 1671 verba
497 1624 634 1670 secuti
657 1640 830 1681 sumus,
863 1639 963 1686 quae
990 1640 1068 1670 nos
1096 1624 1151 1669 ad
1181 1625 1277 1669 haec
1309 1624 1468 1669 distin-

75 1697 249 1756 guenda
265 1695 502 1752 duxerunt,
518 1695 763 1741 cavendum
778 1705 842 1740 est
854 1711 909 1740 ne
921 1705 1100 1756 propter
1115 1696 1307 1756 ipsarum
1320 1711 1466 1741 rerum

76 1768 298 1829 aliquanto
312 1767 537 1812 difficilem
549 1768 876 1827 perceptionem
891 1803 902 1823 ‚
920 1783 1055 1828 quam
1070 1768 1283 1813 tardiores
1298 1770 1468 1828 assequi

74 1856 167 1885 non
186 1839 436 1894 sufficiunt,
470 1848 677 1899 putemur
700 1838 867 1899 aliquid
889 1839 1048 1883 sentire
1079 1855 1129 1883 ac
1151 1838 1317 1894 dicere,
1346 1839 1469 1900 quod

74 1911 234 1956 scimus
255 1926 335 1955 nos
355 1925 436 1954 nec
458 1909 632 1965 sentire,
657 1925 738 1954 nec
757 1909 917 1955 dicere.
936 1912 1201 1971 Quanquam
1222 1911 1340 1954 enim
1360 1926 1471 1971 prae-

75 1981 332 2027 cedentibus
370 1981 642 2027 sermonibus
658 2015 670 2037 ,
715 1990 933 2042 quantum
974 1981 1194 2042 potuerim
1209 2017 1220 2037 ,
1258 1981 1468 2027 lectorem

74 2054 424 2115 praestruxerim3
447 2053 593 2114 plures
608 2063 756 2098 tamen
777 2053 963 2099 arbitror
983 2053 1168 2113 caligare
1188 2054 1235 2098 in
1255 2054 1321 2099 his
1335 2053 1465 2111 locis,

75 2132 120 2170 et
140 2131 295 2185 putare
325 2125 384 2170 ita
404 2124 536 2170 fuisse
552 2125 672 2185 prius
689 2125 915 2170 hominem
935 2125 982 2169 in
998 2125 1073 2170 illo
1095 2126 1173 2170 Dei
1194 2140 1327 2185 opere
1340 2161 1352 2181 ‚
1377 2142 1466 2187 quo

77 2205 236 2242 cuncta
257 2196 389 2242 simul
408 2206 552 2241 creata
583 2206 710 2252 sunt,
742 2207 793 2242 ut
814 2196 1006 2259 aliquam
1023 2197 1158 2242 vitam
1182 2198 1362 2242 duceret
1376 2233 1387 2253 ,
1418 2208 1469 2243 ut

78 2268 156 2313 Dei
186 2267 455 2312 locutionem
476 2268 533 2312 ad
559 2283 604 2312 se
632 2267 841 2313 directam
857 2304 868 2324 ‚
893 2284 995 2313 cum
1016 2268 1126 2313 dixit
1145 2272 1287 2313 Deus:
1318 2271 1469 2313 «Ecce

80 2356 102 2380 »
137 2337 240 2382 dedi
256 2339 381 2384 vobis
402 2354 531 2383 omne
548 2338 762 2399 pabulum
785 2338 1011 2395 seminale,
1031 2357 1051 2381 »
1073 2339 1351 2395 discerneret,
1376 2355 1471 2384 cre-

78 2407 223 2465 deret,
260 2409 533 2468 intelligeret.
560 2409 739 2455 Noverit
765 2425 869 2469 ergo
891 2410 969 2471 qui
990 2410 1075 2455 hoc
1096 2419 1248 2470 putat,
1273 2426 1364 2456 non
1389 2411 1473 2455 hoe

79 2495 150 2524 me
172 2476 371 2535 sensisse,
396 2495 540 2541 neque
561 2479 729 2525 dixisse.

139 2553 195 2593 X.
221 2551 302 2595 Sed
330 2566 476 2595 rursus
503 2552 535 2594 si
558 2550 706 2595 dixero
736 2567 825 2596 non
846 2552 905 2596 ita
929 2550 1060 2596 fuisse
1082 2551 1302 2596 hominem
1324 2552 1370 2595 in
1398 2550 1470 2596 illa
