1854 3219
363 217 417 243 DE
449 214 600 243 GENESI
632 212 687 241 An
719 214 960 252 LlT'rssrzAM,
996 216 1077 241 Lis.
1116 214 1176 240 rx.
1382 199 1465 238 449

87 299 108 323 »
130 280 372 341 plicamini,
396 289 440 325 et
464 278 640 339 implete
664 287 844 333 terram,
886 287 928 322 et
965 277 1250 323 dominamini
1281 278 1414 337 ejusl.
1447 296 1466 318 »

84 355 195 405 Quae
211 352 321 396 ratio
342 350 603 396 conditionis
616 358 660 393 et
682 350 999 409 conjunctionis
1011 348 1193 394 masculi
1211 357 1254 392 et
1275 347 1470 392 foeminae

85 430 217 482 atque
238 421 485 466 benedictio
499 454 510 474 ,
536 434 617 464 nec
628 428 726 479 post
747 429 974 478 peccatum
994 419 1183 464 hominis
1203 433 1469 478 poenamque

84 491 287 536 defecit2.
314 494 412 550 Ipsa
433 490 550 534 enim
572 498 636 534 est
656 488 898 534 secundum
915 505 1048 550 quam
1066 504 1184 534 nunc
1201 497 1315 533 terra
1333 487 1473 532 homi-

84 562 214 606 nibus
234 561 364 621 plena
385 569 449 605 est
464 559 791 604 dominantibus
804 560 909 619 ejus.

145 634 222 675 VI.
248 633 512 690 Quanquam
523 629 639 673 enim
657 631 749 690 jam
770 629 912 673 emissi
933 629 988 674 de
1001 630 1201 690 paradiso
1218 627 1471 674 convenisse

86 710 130 746 et
147 700 343 760 genuisse
355 709 751 745 commemorentur
768 719 777 744 ι
796 708 941 743 tamen
955 715 1045 744 non
1058 700 1186 744 video
1202 698 1307 760 quid
1328 698 1476 758 prohi-

88 772 190 815 bere
211 771 426 831 potuerit,
450 780 502 815 ut
522 779 665 815 essent
685 770 744 814 eis
767 769 898 814 etiam
915 769 962 813 in
983 770 1182 830 paradiso
1196 769 1474 814 honorabiles

87 842 274 902 nuptiae,
294 851 338 886 et
359 838 482 886 torus
501 840 828 886 immaculatus3
851 860 860 886 ε
884 841 968 885 hoc
991 845 1081 885 Deo
1102 850 1336 901 praestante
1362 839 1471 883 fide-

63 966 66 970 .
88 912 187 957 liter
197 913 402 973 justeque
417 911 686 966 viventibus,
712 912 838 972 eique
855 909 1111 956 obedienter
1128 920 1362 970 sancteque
1385 924 1474 953 ser-

88 984 306 1029 vientibus
321 1018 332 1040 ‚
354 992 405 1029 ut
425 983 515 1027 sine
536 982 628 1027 ullo
650 982 849 1043 inquieto
871 981 1025 1026 ardore
1046 981 1258 1036 libidinis,
1275 982 1364 1025 sine
1386 980 1479 1024 ullo

88 1053 238 1099 labore
260 1070 308 1099 ac
331 1053 482 1099 dolore
503 1052 723 1113 pariendi,
748 1053 881 1097 foetus
904 1068 955 1096 ex
976 1068 1128 1097 eorum
1150 1053 1311 1097 semine
1329 1052 1479 1110 gigne—

89 1133 240 1169 rentur
256 1146 268 1183 ς
287 1140 375 1170 non
401 1133 451 1168 ut
473 1123 760 1168 morientibus
783 1123 1038 1182 parentibus
1060 1121 1136 1166 filii
1163 1121 1477 1177 succederent,

88 1194 164 1240 sed
186 1205 236 1240 ut
253 1194 338 1239 illis
359 1195 436 1256 qui
458 1194 707 1254 genuissent
720 1195 763 1238 in
784 1193 932 1254 aliquo
954 1192 1106 1238 formae
1123 1202 1239 1237 statu
1259 1193 1480 1236 manenti-

89 1267 172 1311 bus
187 1302 198 1323 ,
214 1276 258 1311 et
271 1282 322 1311 ex
333 1266 454 1326 ligno
467 1266 584 1321 vitae,
606 1265 727 1327 quod
744 1266 806 1309 ibi
819 1265 1068 1324 plantatum
1085 1274 1192 1320 erat,
1210 1264 1480 1324 corporalem

88 1339 283 1397 vigorem
304 1338 599 1393 sumentibus,
626 1346 670 1381 et
696 1336 758 1380 illi
780 1337 856 1397 qui
879 1337 1162 1396 gignerentur
1194 1336 1249 1380 ad
1276 1335 1482 1380 eumdem

89 1408 436 1470 perducerentur
466 1417 652 1463 statum,
679 1407 820 1451 donec
852 1415 971 1450 certo
1006 1421 1189 1450 numero
1217 1405 1420 1465 impleto,
1446 1405 1479 1449 si

83 1480 199 1540 juste
212 1494 363 1524 omnes
384 1477 726 1537 obedienterque
746 1477 944 1521 viverent
957 1511 967 1531 ,
992 1485 1098 1520 tunc
1117 1477 1239 1520 fieret
1258 1475 1332 1520 illa
1355 1492 1477 1520 eom-

89 1550 295 1605 mutatio,
313 1558 364 1593 ut
385 1548 477 1593 sine
497 1546 589 1591 ulla
612 1555 752 1592 morte
780 1545 983 1590 animalia
1008 1561 1189 1606 corpora
1203 1562 1416 1591 conversa
1436 1546 1483 1590 in

89 1620 216 1664 aliam
234 1619 504 1680 qualitatem,
519 1633 571 1661 eo
585 1616 706 1677 quod
722 1616 777 1660 ad
794 1631 969 1660 omnem
986 1625 1146 1660 nutum
1158 1616 1325 1675 regenti
1339 1632 1382 1660 se
1393 1616 1482 1675 spi-

90 1691 193 1736 ritui
214 1690 481 1735 deservirent
495 1723 506 1744 ,
532 1697 576 1732 et
600 1687 692 1732 solo
712 1687 867 1747 spiritu
883 1687 1132 1731 vivificante
1161 1688 1252 1731 sine
1274 1686 1374 1731 ullis
1398 1686 1480 1730 ali-

91 1771 340 1807 mentorum
375 1758 668 1819 corporalium
693 1757 995 1802 sustentaculis
1023 1757 1244 1813 viverent,
1275 1757 1482 1818 spiritalia

90 1841 365 1879 vocarentur.
392 1830 541 1875 Potuit
562 1830 645 1874 hoe
667 1830 760 1872 fieri
775 1863 787 1884 ,
811 1828 845 1873 si
862 1844 951 1873 non
969 1829 1175 1888 praecepti
1199 1829 1480 1887 transgressio

90 1904 241 1948 mortis
262 1900 524 1962 supplicium
541 1908 794 1944 mereretur.

148 1977 250 2019 Vll.
266 1973 352 2027 Qui
368 1971 484 2016 enim
498 1971 583 2016 hoc
599 1970 692 2014 fieri
709 1970 900 2030 potuisse
913 1985 1003 2014 non
1015 1969 1216 2025 eredunt,
1234 1969 1344 2014 nihil
1356 1969 1477 2015 aliud

91 2060 222 2107 quam
246 2041 609 2089 consuetudinem
626 2050 793 2085 naturae
803 2041 894 2101 jam
911 2049 1011 2099 post
1024 2049 1251 2100 peccatum
1271 2056 1474 2100 poenam-

31 2146 38 2155 ·
90 2131 177 2177 que
191 2115 430 2160 humanam
450 2111 509 2156 sic
530 2111 742 2156 currentis
760 2109 995 2155 attendunt
1020 2130 1029 2154 z
1054 2126 1143 2154 non
1166 2119 1311 2154 autem
1333 2111 1379 2155 in
1402 2127 1478 2156 eo-

91 2202 190 2232 rum
213 2200 369 2246 genere
391 2200 469 2229 nos
487 2198 577 2228 esse
598 2181 833 2237 debemus,
855 2182 931 2242 qui
949 2197 1038 2226 non
1053 2180 1239 2225 credunt
1255 2181 1336 2226 nisi
1357 2183 1481 2243 quod.

90 2257 238 2303 videre
254 2263 588 2303 consueverunt.
614 2253 719 2307 Quis
734 2252 849 2297 enim
865 2252 1037 2297 dubitet
1048 2252 1214 2297 homini
1227 2252 1481 2299 obedienter

91 2338 136 2374 et
150 2329 220 2389 pie
235 2327 397 2372 viventi
408 2325 601 2387 praestari
622 2324 811 2384 potuisse
825 2323 946 2385 quod
965 2323 1169 2379 diximus,
1190 2324 1264 2384 qui
1281 2341 1371 2370 non
1392 2325 1482 2370 du-

91 2400 203 2445 bitat
222 2397 414 2443 vestibus
439 2395 732 2441 Israelitarum
758 2394 1029 2454 impertitum
1050 2410 1140 2439 esse
1166 2395 1401 2455 quemdam
1433 2396 1480 2441 in

141 2504 149 2520 ¹
170 2499 249 2530 Gen.
269 2507 293 2538 1,
307 2504 362 2538 27.
396 2512 437 2517 —
457 2501 470 2517 ²
490 2503 510 2527 2
535 2496 623 2527 Sent.
644 2493 716 2525 dist.
745 2503 800 2533 xx,
828 2503 899 2535 cap.
930 2503 958 2524 1.
977 2509 1017 2524 -,
1033 2490 1047 2514 3
1074 2491 1156 2524 1101).
1185 2503 1242 2524 xm
1257 2518 1265 2534 ,
1285 2491 1316 2534 4.
1343 2502 1362 2524 2
1381 2495 1476 2525 Sent-

94 2552 166 2587 dist.
182 2563 239 2595 xx,
257 2563 328 2593 cap.
348 2549 389 2583 de
410 2550 581 2583 Termino.

280 2616 384 2646 exn.
1186 2602 1239 2641 29
