1854 3219
383 197 437 224 DE
468 196 620 224 GENESI
651 192 706 221 AD
738 192 977 230 LITTERAM,
1012 195 1095 221 Lm.
1132 194 1176 220 x.
1386 178 1469 218 487

89 264 233 326 aliqua
250 265 342 325 jam
362 261 475 308 facta
496 269 692 306 creatura
708 296 720 316 ,
744 259 857 304 sicut
877 275 1034 320 corpus
1055 273 1108 303 ex
1129 267 1243 303 terra
1266 276 1275 302 :
1307 265 1352 301 et
1371 257 1471 301 ideo

90 350 192 380 cum
217 332 355 391 redit,
380 348 470 378 non
485 331 620 376 habet
640 346 728 391 quo
750 328 897 374 redeat
912 365 923 386 ‚
959 330 1040 374 nisi
1068 328 1124 373 ad
1151 337 1373 373 auctorem
1396 328 1472 389 qui

90 421 187 451 eam
199 404 320 451 dedit
336 426 348 463 3
371 419 462 449 non
478 401 533 448 ad
550 417 645 447 eam
661 410 904 447 creaturam
917 437 928 457 ,
953 416 1004 445 ex
1020 416 1108 462 qua
1128 397 1243 444 facta
1264 407 1343 454 est,
1362 399 1475 444 sicut

90 492 247 537 corpus
270 476 326 520 ad
346 485 519 520 terram.
551 472 681 520 Nulla
709 482 774 517 est
797 473 911 516 enim
934 481 1152 527 creatura,
1178 486 1232 514 ex
1252 485 1339 531 qua
1358 470 1475 514 facta

91 556 177 604 est,
202 547 304 608 quia
317 561 369 591 ex
389 544 527 591 nihilo
543 545 657 589 facta
679 553 768 589 est:
790 559 838 588 ac
855 559 932 603 per
952 544 1037 588 hoc
1059 541 1115 587 ad
1131 540 1340 586 factorem
1362 537 1476 586 redit

90 635 191 680 quae
221 618 354 674 redit,
385 634 409 662 a
437 632 528 678 quo
560 632 611 660 ex
636 614 774 660 nihilo
801 615 915 660 facta
944 625 1024 659 est.
1054 616 1152 659 Non
1182 613 1299 657 enim
1327 626 1477 657 omnes

91 690 298 744 redeunt,
322 688 530 749 quoniam
549 696 651 732 sunt
673 686 728 731 de
749 686 908 747 quibus
925 686 1110 731 dicitur:
1135 704 1155 727 «
1178 684 1362 745 Spiritus
1381 698 1474 727 am·-

93 778 115 803 »
149 760 305 805 bulans
319 795 330 817 ,
350 769 395 805 et
413 775 505 805 non
521 767 739 804 revertens
753 758 785 801 ¹.
805 775 826 799 »

89 915 661 934 mmmmm

942 909 1479 933 mmmmm

615 1036 833 1087 CAPUT
869 1039 932 1085 Χ.

99 1174 315 1235 Quaestio
337 1172 399 1219 de
430 1175 599 1220 anima
615 1189 712 1219 non
713 1172 878 1236 facile
898 1173 1096 1220 solvitur
1114 1189 1177 1218 ex
1197 1172 1473 1233 Scripturis.

83 1346 85 1358 2
147 1314 292 1357 XVII.
324 1313 540 1364 Quocch
562 1310 739 1356 difficile
771 1320 837 1355 est
858 1309 1038 1371 quidem
1069 1310 1217 1355 omnia
1248 1309 1304 1354 de
1330 1310 1411 1354 hac
1433 1324 1479 1353 re

89 1383 414 1442 Scripturarum
434 1389 681 1426 sanctarum
710 1380 956 1427 testimonia
978 1380 1203 1438 colligere,
1233 1380 1354 1441 quod
1369 1389 1417 1425 et
1445 1381 1480 1424 si

89 1453 183 1501 fieri
216 1452 351 1512 possit
364 1487 376 1508 ,
409 1461 460 1497 ut
490 1468 580 1500 non
610 1451 752 1497 solum
782 1460 1197 1506 commemorentur,
1237 1449 1313 1495 sed
1349 1451 1479 1495 etiam

88 1532 425 1584 pertractentur,
436 1523 483 1567 in
493 1537 697 1581 magnam
710 1523 918 1566 sermonis
935 1521 1259 1580 longitudinem
1272 1531 1484 1581 pergunt3

87 1593 167 1639 sed
181 1603 328 1639 tamen
348 1593 431 1638 nisi
454 1592 621 1653 aliquid
640 1602 728 1637 tam
741 1602 910 1637 certum
928 1591 1191 1652 proferatur,
1211 1608 1345 1653 quam
1363 1602 1481 1637 certa

89 1663 389 1725 proferuntur,
409 1663 571 1724 quibus
591 1662 836 1708 ostenditur
862 1661 984 1723 quod
1009 1666 1124 1707 Deus
1145 1663 1335 1707 animam
1361 1661 1494 1710 fece—r

89 1736 168 1791 rit,
192 1734 262 1780 vel
290 1734 413 1796 quod
433 1750 529 1778 eam
551 1735 692 1794 primo
718 1734 886 1779 homini
908 1733 1080 1778 dederit
1095 1770 1106 1789 ,
1131 1750 1322 1795 quonam
1346 1734 1478 1779 modo

89 1823 167 1868 per
183 1807 318 1853 divini
339 1806 502 1866 eloquii
522 1806 820 1851 testimonium
843 1806 922 1850 ista
944 1806 1128 1867 quaestio
1144 1805 1336 1852 solvatur
1353 1807 1479 1865 igno⁶

90 1880 166 1924 ro?
186 1878 229 1924 Si
251 1878 368 1923 enim
389 1878 599 1938 scriptum
616 1887 740 1933 esset,
758 1876 879 1938 quod
895 1876 1090 1921 similiter
1108 1877 1348 1923 sufflaverit
1365 1866 1479 1922 Deus

91 1950 137 1994 in
159 1949 315 1994 faciem
336 1947 534 1994 formatae
551 1948 764 2004 mulieris,
790 1958 834 1992 et
850 1947 964 1993 saeta
986 1949 1117 1994 suerit
1138 1949 1184 1993 in
1207 1950 1396 1993 animam
1415 1950 1481 1994 vi-

89 2036 188 2065 vam
204 2055 216 2075 ‚
237 2021 328 2081 jam
348 2019 528 2080 quidem
545 2018 785 2079 plurimum
800 2019 910 2065 lucis
928 2019 1154 2064 accederet
1169 2056 1179 2075 ,
1207 2037 1294 2081 qua
1321 2021 1481 2082 cuique

89 2090 290 2136 sormatae
317 2092 436 2135 carni
465 2091 654 2135 hominis
683 2106 773 2135 non
806 2106 856 2135 ex
894 2090 1147 2150 parentibus
1176 2091 1270 2136 dari
1293 2092 1480 2136 animam

90 2154 366 2208 crederemus
395 2181 403 2206 :
429 2161 573 2206 adhuc
594 2171 740 2206 tamen
762 2171 1062 2221 expectaretur
1083 2162 1191 2223 quid
1218 2164 1390 2223 proprie
1412 2173 1480 2208 te-

91 2242 268 2277 neretur
281 2233 328 2276 in
350 2232 494 2292 prole,
520 2233 596 2293 qui
618 2232 744 2277 nobis
765 2232 922 2278 modus
942 2234 1124 2278 usitatus
1144 2244 1208 2279 est
1224 2235 1410 2279 hominis
1430 2251 1481 2279 ex

91 2303 285 2350 homine.
307 2303 451 2349 Prima
471 2319 573 2347 vero
592 2303 748 2346 mulier
771 2303 894 2347 aliter
918 2303 1032 2348 facta
1053 2314 1132 2356 est,
1158 2314 1201 2349 et
1221 2304 1320 2350 ideo
1337 2305 1480 2350 adhuc

92 2373 178 2420 dici
194 2382 353 2432 posset,
379 2374 565 2418 animam
581 2383 807 2433 propterea
825 2390 915 2418 non
931 2389 981 2418 ex
995 2374 1135 2420 Adam
1157 2375 1364 2421 divinitus
1378 2379 1481 2420 Evae

91 2444 262 2499 datam,
281 2444 385 2504 quia
404 2460 494 2489 non
507 2460 558 2489 ex
578 2444 654 2488 illo
674 2453 882 2505 tanquam
900 2445 1042 2505 proles
1062 2455 1155 2490 orta
1172 2456 1249 2491 est.
1270 2447 1312 2492 Si
1336 2456 1478 2491 autem

143 2547 151 2562 ¹
174 2540 252 2573 Psal.
274 2551 395 2581 mxxvn,
417 2541 470 2583 39.
