1854 3219
377 185 429 225 54
813 193 845 221 s.
883 192 1113 222 Atreusnm
1146 195 1327 222 El‘lscom

373 260 575 321 ponenda
600 259 829 303 necessitas
845 260 1089 319 occupavit.
1114 260 1330 312 Quoniam
1353 260 1387 303 si
1409 268 1587 303 acutum
1608 266 1652 301 et
1673 255 1760 301 fer-

373 349 478 378 vens
501 332 609 375 adsit
639 332 864 390 ingenium
885 366 895 386 ,
931 330 1098 375 facilius
1122 331 1315 376 adhaeret
1340 330 1590 391 eloquentia
1613 329 1763 388 legen-

372 405 489 449 tibus
517 413 560 447 ct
583 402 860 447 audientibus
883 402 1156 463 eloquentes,
1191 418 1325 463 quain
1352 401 1613 462 eloquentiae
1647 415 1762 460 proe-

373 484 498 535 cepta
521 473 803 519 sectantibus.
824 476 912 519 Nec
929 471 1089 518 desunt
1109 472 1407 518 ecclesiasticae
1428 472 1585 516 litterae
1599 505 1611 526 ‚
1632 470 1764 516 etiam

373 556 531 608 prfcter
550 560 762 591 canonem
778 546 823 589 in
840 545 1108 590 auctoritatis
1119 560 1217 589 arce
1234 543 1464 588 salubriter
1481 542 1762 598 collocatum,

373 635 481 681 quas
502 617 687 677 legendo
713 618 845 662 homo
876 632 1034 678 capax,
1059 617 1138 662 etsi
1158 615 1205 661 id
1226 631 1316 662 non
1333 625 1454 675 agat,
1479 614 1557 660 sed
1571 622 1767 660 tantum·-

373 690 507 735 modo
535 689 666 733 rebus
688 704 789 748 quae
811 688 871 732 ibi
893 687 1101 733 dicuntur
1122 688 1317 732 intentus
1335 686 1411 741 sit,
1436 685 1567 730 etiam
1590 683 1767 745 eloquio

373 777 462 821 quo
494 759 722 812 dicuntur,
751 757 858 803 dum
881 758 926 802 in
948 758 1014 802 his
1037 767 1250 813 versatur,
1274 756 1506 811 imbuitur,
1531 753 1768 800 accedente

373 832 443 876 vel
471 831 656 875 maxime
685 830 991 875 exercitatione
1023 830 1110 874 sive
1138 827 1378 883 scribendi,
1421 827 1511 872 sive
1544 825 1764 882 dictandi,

373 912 593 963 postremo
621 901 752 945 etiam
780 899 978 956 dicendi,
1014 915 1115 960 quae
1137 897 1381 943 secundum
1402 897 1573 957 pietatis
1597 913 1645 942 ac
1666 895 1769 941 fidei

374 974 570 1034 regulam
603 973 748 1018 sentit.
793 973 836 1018 Si
871 982 1016 1017 autem
1050 969 1136 1015 tale
1169 970 1279 1014 desit
1306 969 1559 1029 ingenium,
1591 984 1673 1013 nec
1695 967 1769 1013 illa

374 1045 588 1089 rhetorica
607 1052 823 1104 praecepta
841 1042 1089 1102 capiuntur,
1109 1056 1189 1086 nec
1213 1040 1247 1086 si
1268 1055 1430 1099 magno
1454 1039 1605 1084 labore
1624 1037 1769 1084 incul-

374 1126 468 1160 cata
485 1115 891 1176 quantulacumque
909 1121 1097 1172 exparte
1111 1112 1357 1171 capiantur,
1384 1110 1551 1171 aliquid
1565 1119 1766 1170 prosunt.

375 1186 746 1247 Quandoquidem
764 1185 896 1228 etiam
926 1184 1022 1243 ipsi,
1047 1184 1123 1243 qui
1154 1198 1202 1226 ea
1226 1182 1502 1237 didicerunt,
1528 1190 1571 1225 et
1599 1181 1774 1241 copiose

375 1267 615 1319 ornateque
649 1257 802 1300 dicunt
819 1291 829 1311 ,
854 1271 944 1299 non
966 1270 1117 1299 omnes
1140 1263 1190 1298 ut
1211 1252 1455 1297 secundum
1480 1253 1573 1312 ipsa
1595 1251 1743 1297 dicant
1757 1288 1769 1309 ,

374 1339 556 1391 possunt
581 1345 629 1373 ea
650 1328 840 1386 cogitare
863 1342 963 1371 cum
993 1325 1168 1380 dicunt,
1189 1325 1223 1369 si
1246 1341 1336 1369 non
1357 1324 1411 1368 de
1438 1325 1503 1368 his
1521 1323 1770 1383 disputant:

374 1402 567 1445 imovero
599 1398 672 1442 vix
716 1396 828 1445 ullos
862 1411 1014 1440 eorum
1043 1410 1132 1439 esse
1169 1395 1390 1449 existimo,
1428 1395 1505 1454 qui
1533 1403 1774 1455 utrumque

375 1470 562 1531 possint,
599 1478 641 1513 et
670 1466 814 1512 dicere
847 1467 986 1521 hene,
1013 1474 1056 1510 et
1079 1464 1135 1509 ad
1161 1466 1245 1509 hoc
1270 1463 1521 1509 faciendum
1554 1473 1775 1525 praecepta

376 1541 448 1586 illa
471 1539 644 1584 dicendi
677 1538 865 1596 cogitare
889 1551 989 1581 cum
1010 1536 1178 1581 dicunt.
1213 1535 1468 1581 Cavendum
1491 1544 1556 1579 est
1579 1535 1697 1580 enim
1719 1551 1776 1580 ne

376 1612 547 1671 fugiant
567 1626 619 1654 ex
642 1610 788 1653 animo
804 1644 814 1664 ,
840 1623 941 1669 quae
963 1607 1149 1652 dicenda
1171 1616 1295 1663 sunt,
1331 1606 1439 1651 dum
1463 1606 1708 1651 attenditur
1725 1617 1776 1653 ut

377 1692 466 1728 arte
490 1682 705 1726 dieantur.
744 1683 801 1724 Et
823 1689 970 1724 tamen
992 1679 1037 1722 in
1059 1678 1332 1723 sermonibus
1356 1686 1488 1739 atque
1509 1677 1776 1723 dictionibus

376 1754 676 1815 eloquentium
695 1788 705 1807 ,
736 1750 915 1811 impleta
938 1750 1216 1810 reperiuntur
1232 1758 1452 1809 praecepta
1478 1750 1745 1810 eloquentiae
1760 1785 1772 1806 ,

378 1826 432 1870 de
450 1825 611 1885 quibus
636 1823 696 1867 illi
714 1832 764 1867 ut
786 1822 1112 1882 eloquerentur,
1126 1820 1196 1865 vel
1214 1837 1315 1866 cum
1332 1820 1662 1881 eloquerentur,
1684 1837 1775 1867 non

378 1897 702 1956 cogitaverunt,
723 1894 810 1939 sive
833 1893 906 1938 illa
929 1893 1181 1937 didicissent
1194 1928 1205 1947 ,
1224 1892 1312 1937 sive
1329 1907 1384 1935 ne
1401 1892 1645 1951 attigissent
1672 1893 1775 1954 qui-

378 1967 494 2013 dem.
531 1965 722 2026 Implent
754 1965 919 2025 quippe
950 1963 1046 2019 illa,
1082 1963 1184 2024 quia
1225 1962 1480 2024 eloquentes
1517 1974 1646 2023 sunt3
1686 1980 1776 2010 non

380 2039 590 2084 adhibent
612 2045 662 2080 ut
684 2037 770 2081 sint
792 2035 1062 2097 eloquentes.
1779 2033 1781 2036 ⁴

437 2112 491 2154 V.
519 2112 795 2169 Quapropter
817 2123 918 2152 cum
935 2123 987 2152 ex
1009 2105 1252 2151 infantibus
1273 2105 1505 2167 loquentes
1523 2121 1614 2151 non
1636 2104 1746 2152 fiant
1761 2143 1773 2164 ,

378 2180 460 2227 nisi
482 2179 724 2224 locutiones
747 2177 955 2223 discendo
981 2177 1283 2238 loquentium,
1309 2192 1388 2221 cur
1403 2177 1660 2238 eloquentes
1681 2176 1776 2222 fieri

379 2251 652 2311 nonpossint
674 2250 796 2295 nulla
829 2249 1064 2311 eloquendi
1088 2259 1178 2294 arte
1200 2247 1382 2305 tradita,
1408 2248 1484 2293 sed
1508 2248 1778 2295 elocutiones

378 2322 679 2384 eloquentium
709 2321 893 2380 legendo
922 2331 965 2365 et
993 2320 1240 2377 audiendo,
1280 2329 1322 2364 et
1355 2329 1569 2381 quantum
1603 2320 1775 2381 assequi

377 2395 649 2449 conceditur,
680 2393 923 2438 imitando?
957 2393 1074 2447 Quid
1103 2393 1225 2454 quod
1255 2391 1315 2437 ita
1346 2392 1441 2436 fieri
1468 2391 1570 2452 ipsis
1596 2407 1774 2453 quoque

377 2466 623 2526 experimur
645 2464 877 2524 exemplis?
903 2465 1013 2510 Nam
1033 2464 1124 2508 sine
1146 2462 1374 2523 praeceptis
1396 2462 1620 2508 rhetoricis
1643 2463 1773 2508 novi-

378 2552 474 2582 mus
491 2536 700 2596 plurimos
717 2535 1037 2594 eloquentiores
1056 2535 1252 2595 plurimis
1266 2570 1276 2590 ,
1298 2534 1374 2594 qui
1393 2533 1466 2580 illa
1489 2533 1740 2580 didicerunt
1759 2555 1770 2591 ς
