1854 3219
373 196 426 221 DE
459 193 667 223 DOCTRINA
699 191 954 222 CHRISTIANA
988 195 1069 220 LIB.
1107 194 1172 219 111·
1424 180 1477 219 25

94 261 174 304 hac
195 260 284 304 vita
312 259 544 304 invenisset
570 260 742 304 Domini
765 259 1000 314 adventus,
1027 274 1127 303 cum
1151 260 1241 318 jam
1264 273 1354 302 non
1375 258 1477 302 mit-

93 330 229 385 tendi,
254 329 330 374 sed
351 329 584 388 colligendi
600 329 765 389 lapides
784 339 953 388 tempus
971 330 1119 382 esset1‚
1143 329 1287 372 statim
1309 344 1352 372 se
1366 329 1479 388 ipsos

93 409 329 444 castrarent
351 409 528 460 propter
549 415 734 458 regnum
756 399 968 443 coelorum
991 419 998 443 :
1020 414 1109 442 non
1127 398 1243 442 enim
1259 408 1323 443 est
1343 400 1387 443 in
1405 415 1479 443 ca-

92 469 229 515 rendo
253 469 507 525 difficultas,
534 470 616 514 nisi
637 485 738 514 cum
757 479 820 514 est
842 470 888 512 in
910 469 1116 513 habendo
1138 468 1367 528 cupiditas.
1388 472 1479 515 No-

49 553 53 557 ·
91 549 244 585 verant
265 542 429 601 quippe
449 540 513 584 illi
533 541 730 585 homines
748 540 877 583 etiam
892 540 936 584 in
954 540 1054 599 ipsis
1068 540 1327 599 conjugibus
1348 540 1480 584 luxu-

92 612 199 654 riam
223 626 312 655 esse
329 610 539 656 abutendi
560 611 938 670 intemperantiam
961 630 969 655 ;
995 609 1116 670 quod
1132 610 1281 654 Tobiae
1298 619 1481 655 testatur

93 685 251 739 oratio,
285 683 463 744 quando
492 692 557 728 est
589 683 816 742 copulatus
845 683 982 727 uxori.
1020 684 1092 726 Ait
1121 682 1262 726 enim:
1297 702 1317 723 «
1342 685 1481 726 Bene-

95 772 116 795 »
151 753 292 798 dictus
310 769 369 809 es,
390 754 574 798 Domine
590 756 704 797 Deus
726 762 902 812 patrum
914 762 1163 797 nostrorum
1178 789 1189 810 ‚
1215 762 1257 797 et
1269 752 1480 798 benedic-

94 842 115 866 »
150 834 246 868 tum
279 840 440 868 nomen
466 833 592 868 tuum
624 824 670 867 in
692 824 833 868 onmia
858 821 1015 867 saecula
1036 824 1313 869 saeculorum.
1340 827 1481 867 Bene-

94 913 115 939 »
151 894 299 940 dicant
320 905 364 939 te
384 894 484 939 coeli
505 903 549 938 et
571 896 710 940 omnis
733 904 928 940 creatura
952 903 1042 939 tua.
1067 898 1132 939 Tu
1154 894 1292 940 fecisti
1315 895 1478 950 Adam,

94 984 115 1008 »
150 975 194 1011 et
219 965 374 1010 dedisti
390 965 454 1009 illi
471 966 735 1027 adjutorium
757 969 910 1010 Evam.
944 969 1001 1010 Et
1028 982 1171 1021 nunc,
1209 966 1408 1020 Domine,
1434 975 1483 1010 tu

95 1055 116 1078 »
150 1036 227 1080 scis
246 1071 257 1091 ,
297 1036 506 1097 quoniam
554 1052 645 1081 non
682 1037 867 1081 luxuriae
905 1052 1033 1081 causa
1071 1036 1235 1096 accipio
1289 1051 1481 1081 sororem

94 1125 116 1148 »
150 1122 316 1162 meam,
357 1106 434 1151 sed
460 1107 553 1167 ipsa
585 1108 790 1163 veritate,
833 1115 884 1152 ut
915 1106 1154 1169 miserearis
1192 1107 1351 1163 nostri,
1391 1110 1482 1152 Do-

95 1196 116 1220 »
151 1178 267 1222 mine
277 1180 310 1222 ².
336 1196 356 1219 »

448 1440 692 1493 CAPITA
727 1444 848 1491 Xix
882 1444 965 1492 ΕΤ
1001 1442 1132 1491 ΧΧ3.

94 1584 226 1632 ῘΙῙαῘί
243 1585 368 1632 alios
389 1585 449 1631 cle
469 1602 555 1631 suo
586 1587 828 1631 cestt'mccnt
849 1586 1056 1649 ingenio.
1070 1586 1193 1631 —In
1217 1589 1385 1646 quavis
1415 1603 1486 1632 vz-

330 1656 472 1703 vendi
491 1659 678 1704 ratione
700 1656 813 1702 boni
832 1658 908 1702 sui
927 1667 1036 1702 sunt
1052 1656 1242 1702 similes.

152 1796 362 1837 XXVIII.
391 1795 475 1838 SED
497 1794 572 1853 qui
588 1794 796 1837 effrenata
818 1792 1001 1836 libidine
1017 1828 1027 1848 ,
1053 1793 1122 1836 vcl
1146 1808 1222 1852 per
1239 1792 1376 1838 multa
1393 1802 1486 1837 stu-

94 1879 171 1924 pra
193 1863 440 1907 diffluentes
463 1873 723 1920 evagantur,
760 1863 829 1907 vcl
851 1863 896 1906 in
921 1863 1011 1922 ipsa
1034 1880 1122 1907 una
1150 1865 1332 1923 conjuge
1348 1899 1358 1915 ‚
1395 1880 1485 1908 non

95 1933 236 1979 solum
257 1933 472 1977 excedunt
494 1933 549 1977 ad
571 1933 808 1977 libe-rorum
827 1935 1169 1992 procreationem
1193 1935 1484 1993 pcrtincntem

96 2006 303 2059 modum,
329 2004 405 2048 sed
443 2005 572 2048 etiam
604 2004 921 2048 inhumanioris
954 2005 1300 2064 intemperantiae
1339 2005 1485 2049 sordes

96 2074 389 2120 inverecunda
415 2074 594 2118 omnino
623 2074 798 2118 licentia
828 2074 991 2118 servilis
1026 2074 1252 2135 cujusdam
1275 2075 1486 2119 libcrtatis

98 2145 402 2200 accumulant,
438 2161 528 2189 non
558 2144 744 2189 credunt
766 2145 857 2188 fieri
880 2146 1092 2204 potuisse,
1119 2155 1169 2189 ut
1192 2155 1487 2206 temperanter

98 2217 245 2262 multis
269 2215 462 2261 foeminis
484 2217 653 2277 antiqui
683 2225 910 2262 uterentur
931 2217 1036 2272 viri,
1063 2217 1172 2261 nihil
1199 2227 1416 2262 servantes
1442 2218 1487 2261 in

148 2322 156 2338 ¹
178 2314 283 2347 Eccle.
304 2326 358 2356 111,
378 2315 408 2346 5.
430 2332 472 2337 —-
495 2321 508 2337 ²
527 2315 631 2347 Tobiae
651 2326 726 2356 vni,
749 2326 839 2357 7-10.
861 2333 903 2338 —
921 2314 933 2338 ³
956 2318 1031 2348 Haec
1051 2316 1112 2348 duo
1129 2316 1236 2359 capita
1254 2317 1285 2347 in
1303 2328 1399 2348 unum
1417 2316 1487 2348 col-

96 2370 219 2413 ligimus
232 2395 240 2411 ,
257 2370 330 2412 quia
348 2375 445 2413 caput
468 2381 510 2402 xx
532 2370 685 2412 incipiens
709 2371 748 2402 ad
773 2371 840 2403 lianc
855 2371 953 2403 verba
970 2384 976 2402 :
1004 2369 1304 2415 Credantpon'us,
1317 2376 1397 2413 etc„
1416 2382 1488 2403 scn-

98 2436 165 2458 sum
190 2425 271 2458 male
289 2425 461 2469 abrumpit.
481 2425 652 2468 Incipimus
677 2426 792 2457 iterum
807 2432 905 2470 caput
923 2439 975 2458 xxi
995 2438 1067 2458 cum
1086 2438 1218 2458 numero
1231 2438 1290 2468 xx,
1310 2437 1488 2469 quanquam

99 2483 131 2513 in
149 2482 241 2514 editis
265 2482 397 2525 incipiat
425 2483 465 2515 ad
482 2482 550 2514 haec
569 2483 666 2514 verba
687 2496 694 2513 :
712 2483 788 2515 Rex
807 2491 916 2515 autem
935 2483 1067 2522 David,
1086 2489 1167 2524 oto,
1187 2489 1317 2526 proptor
1336 2484 1482 2515 eamdem

100 2537 270 2570 rationem.
