1854 3219
380 277 434 305 DE
467 277 621 305 GENESI
655 273 710 301 AD
742 274 987 312 Ll'rTEnAM,
1023 275 1106 301 Lm.
1143 274 1203 300 iv.
1416 261 1495 299 261

113 345 263 404 itaque
294 358 439 398 omne,
460 340 580 402 quod
601 340 661 384 ita
683 339 820 395 novit,
847 348 922 383 aut
952 339 985 382 si
1017 337 1212 383 nondum
1236 346 1393 398 potest,
1420 352 1501 381 nec

113 415 214 474 ipsis
238 413 486 459 nominibus
516 412 693 466 haereat,
718 411 772 454 de
804 410 963 470 quibus
995 409 1185 468 cogitare
1216 408 1298 452 nisi
1329 406 1502 453 sordide

114 500 204 529 11011
220 492 378 544 potest.
404 486 542 527 Tanto
567 482 683 526 enim
701 481 837 539 magis
859 480 1018 541 cuique
1034 480 1115 524 ista
1138 480 1184 523 in
1206 478 1501 538 superioribus

114 556 243 601 chara
273 563 399 609 sunt,
435 562 600 614 quanto
623 553 714 612 ipse
743 552 888 596 minus
918 562 981 596 est
1006 553 1052 596 in
1073 550 1352 595 inferioribus
1382 566 1498 595 caro.

114 626 245 680 Quod
281 626 315 670 si
357 641 443 670 non
480 624 576 670 vult
613 624 767 685 aliquis
806 640 855 668 ea
893 623 1128 679 vocabula,
1164 639 1263 683 quae
1295 622 1341 666 in
1373 622 1502 666 rebus

112 697 273 741 infimis
290 705 334 740 et
350 695 645 757 abjectissimis
663 694 835 751 didicit,
852 694 1084 740 transferre
1107 694 1162 739 ad
1178 695 1252 738 illa
1274 693 1477 738 sublimia
1489 728 1501 748 ,

112 767 272 828 quibus
288 767 509 811 intuendis
526 775 717 810 mentem
730 781 928 810 serenare
943 775 1142 821 conatur,
1162 781 1252 810 non
1267 774 1331 809 est
1347 780 1506 823 urgen-

111 841 193 883 dus
214 847 265 882 ut
295 836 440 882 faciat.
467 841 580 882 Dum
612 837 729 881 enim
759 838 844 882 hoc
865 836 1158 896 intelligatur,
1188 835 1310 897 quod
1339 835 1503 879 intelli-

112 907 305 967 gendum
326 917 410 964 est,
430 924 520 953 non
537 923 801 968 magnopere
824 907 1068 953 curandum
1094 917 1158 952 est
1180 906 1289 968 quid
1304 916 1500 951 vocetur.

114 979 232 1025 Scire
263 989 436 1040 oportet
466 989 612 1024 tamen
635 979 880 1041 cujusmodi
907 978 1147 1024 similitudo
1165 989 1229 1024 est
1247 977 1505 1023 inferiorum

112 1050 168 1094 ad
188 1051 425 1110 superiora.
446 1053 544 1097 Non
566 1051 682 1095 enim
705 1051 830 1096 aliter
847 1060 962 1095 recte
979 1051 1082 1096 hinc
1098 1050 1204 1095 illuc
1223 1050 1331 1095 ratio
1347 1049 1501 1105 tendit,

112 1130 156 1166 et
172 1121 341 1166 nititur.

170 1194 227 1236 X.
254 1195 457 1238 Jamvero
479 1193 512 1237 si
535 1193 769 1254 quisquam
792 1193 898 1238 dicit
926 1202 1115 1238 creatam
1145 1208 1235 1238 esse
1256 1207 1506 1236 mensuram

112 1272 156 1307 et
176 1278 413 1306 numerum
444 1272 487 1307 et
515 1263 714 1323 pondus,
748 1264 793 1307 in
826 1264 985 1324 quibus
1018 1268 1156 1308 Deum
1186 1264 1332 1308 omnia
1355 1263 1505 1322 dispo-

111 1336 242 1379 suisse
267 1336 489 1395 Scriptura
517 1345 724 1394 testatur3
757 1337 791 1380 si
815 1337 860 1379 in
890 1336 971 1380 illis
1001 1337 1144 1380 omnia
1173 1337 1406 1396 disposuit,
1432 1351 1504 1380 ea-

111 1405 213 1449 dem
231 1406 321 1465 ipsa
342 1406 420 1450 ubi
448 1407 692 1467 disposuit?
712 1407 746 1451 si
766 1407 812 1450 in
829 1407 943 1463 aliis,
969 1407 1192 1468 quomodo
1215 1423 1318 1466 ergo
1340 1408 1384 1450 in
1403 1408 1503 1467 ipsis

111 1475 282 1531 omnia,
306 1475 484 1536 quando
512 1476 604 1536 ipsa
626 1477 672 1521 in
694 1476 814 1521 aliis?
835 1480 933 1523 Non
953 1478 1100 1539 itaque
1123 1477 1418 1522 dubitandum
1441 1488 1505 1523 est

111 1545 184 1591 illa
212 1561 302 1590 esse
335 1556 454 1592 extra
488 1562 554 1603 ea,
589 1563 688 1608 quae
716 1547 920 1609 disposita
948 1558 1074 1606 sunt,
1106 1550 1152 1594 in
1175 1550 1336 1611 quibus
1359 1551 1503 1595 omnia

112 1616 316 1677 disposita
339 1625 456 1662 sunt.

111 1774 1465 1796 ΜΝἉΜΜΜΜΜΜΜΜΜΜΜΜΜΜΜΜΜΜΜΜἉΜΜΜΜ
1470 1779 1499 1796 V!

670 1896 888 1945 CAPUT
925 1899 985 1946 V.
1036 1970 1038 1973 v

111 2040 175 2085 In
192 2039 300 2086 Deo
321 2041 424 2101 ipso
448 2050 587 2086 extat
610 2043 736 2087 ratio
759 2058 1011 2098 mensuroe,
1039 2045 1229 2088 numeri
1249 2052 1296 2088 et
1313 2043 1501 2104 ponde—

346 2113 411 2156 ris
432 2110 504 2156 acl
522 2128 670 2172 qaam
691 2110 923 2173 disposita
946 2123 1057 2158 sunt
1083 2115 1261 2159 omnia.

168 2249 247 2291 XI.
279 2250 346 2291 ΑΝ
377 2246 489 2292 forte
525 2249 778 2308 putabimus
800 2250 859 2294 ita
892 2250 1060 2295 dictum
1083 2266 1196 2295 esse:
1219 2270 1239 2293 «
1264 2252 1421 2296 Omnia
1457 2253 1502 2296 in

115 2335 135 2359 »
160 2332 361 2362 mensura
386 2328 428 2362 et
450 2336 633 2364 numero
657 2329 699 2364 et
720 2320 915 2379 pondere
938 2322 1203 2380 disposuisti,
1225 2340 1244 2363 »
1271 2338 1319 2367 ac
1343 2323 1376 2366 si
1390 2322 1501 2367 dice-

112 2397 245 2432 retur:
262 2407 282 2430 «
299 2389 456 2433 Omnia
469 2390 528 2434 sic
554 2389 800 2450 disposuisti
817 2401 868 2435 ut
881 2392 1348 2436 haberentmensuram
1361 2402 1404 2437 et
1413 2409 1498 2437 nu—

111 2473 280 2501 merum
303 2467 345 2502 et
362 2459 563 2519 pondus?
587 2479 608 2502 ))
650 2461 760 2514 Quia
786 2470 829 2505 et
850 2462 884 2505 si
906 2461 1123 2507 diceretur
1148 2483 1156 2507 ;
1187 2482 1206 2505 «
1232 2464 1388 2508 Omnia
1408 2479 1501 2507 cor-

112 2543 216 2587 pora
232 2528 278 2572 in
294 2528 512 2574 coloribus
526 2529 771 2591 disposuisti
785 2553 795 2588 3
810 2549 829 2573 >›
844 2548 933 2576 non
954 2533 1057 2577 hinc
1077 2543 1188 2578 esset
1207 2549 1476 2593 consequens
1488 2568 1499 2589 ,

114 2599 263 2658 utipsa
282 2600 359 2645 Dei
375 2601 613 2661 Sapientia,
635 2618 711 2661 per
734 2618 867 2662 quam
890 2602 1001 2648 facta
1025 2613 1127 2649 sunt
1144 2603 1313 2659 omnia,
1339 2603 1503 2650 colores
