1854 3219
339 192 393 219 DE
425 191 577 219 GENEs1
610 190 665 218 AD
698 189 947 228 LITTERAM,
982 192 1066 220 Lm.
1094 193 1154 219 vi.
1354 181 1437 220 365

523 465 741 515 CAPUT
776 465 974 514 XXIII.

43 617 109 664 In
140 634 221 665 eos
252 620 337 679 qui
364 617 529 666 dicunt
558 617 686 665 Adae
717 635 890 680 corpus
913 636 976 665 ex
995 619 1204 667 animali
1221 621 1441 681 spiritale

429 690 632 754 factum
663 691 713 736 in
729 689 983 750 paradiso.

101 826 308 870 XXXIV.
332 827 418 871 SED
439 841 587 871 rursus
608 841 698 871 non
714 826 888 882 vident,
909 827 987 887 qui
1006 829 1099 888 ejus
1119 843 1276 888 corpus
1300 829 1346 872 in
1360 843 1440 889 pa-

44 896 184 941 radiso
200 906 419 942 mutatum
445 907 624 958 putant,
650 908 700 943 ut
720 914 771 943 ex
794 897 969 943 animali
991 900 1114 944 fieret
1131 900 1344 959 spiritale,
1371 901 1441 944 ni-

43 966 105 1012 hil
128 967 359 1031 impedire,
406 969 441 1013 si
469 985 558 1014 non
587 979 826 1029 peccasset,
850 979 899 1014 ut
934 980 1032 1030 post
1064 972 1251 1030 paradisi
1280 971 1438 1027 vitam,

42 1054 175 1100 quam
188 1040 304 1099 juste
325 1040 670 1102 obedienterque
690 1041 882 1097 vixisset,
902 1042 1117 1102 acciperet
1127 1042 1325 1087 eamdem
1343 1059 1442 1087 cor-

42 1109 159 1169 poris
178 1111 466 1155 mutationem
483 1111 528 1155 in
547 1111 635 1157 vita
662 1120 845 1167 aeterna,
871 1113 945 1156 ubi
961 1114 1051 1173 jam
1073 1113 1179 1158 cibis
1201 1113 1440 1173 corporali-

44 1180 126 1225 bus
147 1196 238 1225 non
254 1190 414 1239 egeret.
436 1181 554 1234 Quid
571 1198 674 1241 ergo
695 1198 868 1227 necesse
883 1193 946 1228 est
958 1193 1136 1244 propter
1148 1185 1232 1229 hoc
1239 1186 1329 1244 jam
1344 1185 1441 1242 cogi

45 1253 230 1311 figurate
246 1288 257 1308 ,
294 1269 386 1297 non
427 1253 601 1313 proprie
634 1254 884 1313 paradisum
917 1254 1179 1313 intelligere,
1216 1256 1317 1315 quia
1351 1272 1443 1300 non

43 1333 187 1382 posset
207 1323 318 1368 mori
340 1339 496 1384 corpus
511 1324 592 1369 nisi
612 1328 822 1385 peccato?
841 1328 1005 1370 Verum
1020 1336 1083 1370 est
1098 1326 1298 1386 quidem,
1321 1326 1441 1387 quod

44 1409 134 1438 non
174 1403 418 1438 moreretur
466 1395 597 1438 etiam
643 1411 846 1455 corpore,
887 1396 969 1440 nisi
1008 1407 1245 1456 peccasset,
1293 1407 1441 1457 aperte

43 1464 206 1524 quippe
233 1464 339 1509 dicit
359 1464 616 1525 Apostolus,
653 1481 810 1525 corpus
832 1475 1057 1511 mortuum
1079 1476 1261 1526 propter
1282 1483 1439 1526 pecca-

44 1545 138 1580 tum
161 1555 170 1580 z
204 1535 391 1580 animale
424 1545 571 1581 tamen
592 1546 738 1596 posset
759 1552 848 1581 esse
867 1546 966 1581 ante
989 1547 1241 1597 peccatum,
1273 1548 1317 1582 et
1345 1548 1444 1598 post

44 1606 177 1651 vitam
191 1606 393 1666 justitiae,
413 1622 516 1651 cum
536 1612 646 1651 Deus
667 1605 821 1663 vellet,
846 1607 940 1651 ficri
957 1607 1160 1667 spiritale.

46 1750 1394 1769 mmmmm1mwmwmwvtmnmwmwummwummmmwuwn
1401 1754 1438 1770 Νι

504 1872 722 1922 CAPUT
762 1874 948 1924 XXIV-

47 2027 112 2073 In
143 2029 451 2075 renovatione
483 2027 721 2086 quomodo
744 2026 799 2073 id
824 2029 1102 2089 recipimus,
1127 2028 1260 2089 quod
1274 2029 1444 2076 Adam

641 2098 868 2159 perdidit.

108 2236 291 2280 XXXV.
326 2237 546 2288 QUOMODO
568 2249 694 2294 ergo,
724 2235 960 2296 inquiunt,
999 2237 1198 2281 renovari
1229 2236 1442 2293 dicimur,

49 2306 86 2351 si
107 2321 198 2351 non
218 2306 303 2351 hoc
318 2306 557 2366 recipimus
571 2341 582 2362 ,
598 2305 720 2367 quod
732 2306 925 2366 perdidit
941 2307 1107 2367 primus
1120 2309 1253 2353 homo
1265 2344 1276 2366 ,
1300 2309 1345 2354 in
1358 2324 1446 2368 quo

52 2392 203 2423 omnes
224 2377 504 2423 moriuntur?
525 2380 619 2422 Hoc
636 2375 765 2437 plane
782 2378 1014 2437 recipimus
1031 2378 1273 2423 secundum
1290 2394 1447 2439 quem—

52 2447 154 2491 dam
174 2446 356 2492 modum
372 2483 384 2504 ,
407 2457 450 2492 et
466 2463 557 2494 non
577 2449 661 2493 hoc
690 2448 921 2507 recipimus
947 2449 1189 2493 secundum
1212 2449 1447 2510 quemdam

53 2519 248 2566 modum.
273 2522 371 2566 Non
391 2519 539 2580 itaque
560 2519 932 2565 immortalitatem
953 2519 1153 2579 spiritalis
1170 2520 1363 2580 corporis
1376 2535 1447 2565 re-
