<?xml version="1.0" encoding="UTF-8"?>
<!DOCTYPE html PUBLIC "-//W3C//DTD XHTML 1.0 Transitional//EN"
    "http://www.w3.org/TR/xhtml1/DTD/xhtml1-transitional.dtd">
<html xmlns="http://www.w3.org/1999/xhtml" xml:lang="en" lang="en">
 <head>
  <title>
</title>
<meta http-equiv="Content-Type" content="text/html;charset=utf-8" />
  <meta name='ocr-system' content='tesseract 3.04.00' />
  <meta name='ocr-capabilities' content='ocr_page ocr_carea ocr_par ocr_line ocrx_word'/>
</head>
<body>
  <div class='ocr_page' id='page_1' title='image "./operaomniaaccura05auguuoft_0195.png"; bbox 0 0 1854 3219; ppageno 0'>
   <div class='ocr_carea' id='block_1_1' title="bbox 0 1873 9 2098">
    <p class='ocr_par' dir='ltr' id='par_1_1' title="bbox 0 1873 9 2098">
     <span class='ocr_line' id='line_1_1' title="bbox 0 1873 9 2098; textangle 90"><span class='ocrx_word' id='word_1_1' title='bbox 0 1954 7 2098; x_wconf 55' lang='lat' dir='ltr'>-ww-</span> <span class='ocrx_word' id='word_1_2' title='bbox 0 1891 3 1944; x_wconf 67' lang='lat'>--—</span> <span class='ocrx_word' id='word_1_3' title='bbox 0 1873 9 1881; x_wconf 45' lang='grc' dir='ltr'>ἶ</span> 
     </span>
    </p>
   </div>
   <div class='ocr_carea' id='block_1_2' title="bbox 1 890 24 2211">
    <p class='ocr_par' dir='ltr' id='par_1_2' title="bbox 1 890 24 2211">
     <span class='ocr_line' id='line_1_2' title="bbox 1 890 24 2211; baseline 0 0"><span class='ocrx_word' id='word_1_4' title='bbox 1 890 24 2211; x_wconf 95' lang='lat' dir='ltr'> </span> 
     </span>
    </p>
   </div>
   <div class='ocr_carea' id='block_1_3' title="bbox 1 890 29 2533">
    <p class='ocr_par' dir='ltr' id='par_1_3' title="bbox 1 890 29 2533">
     <span class='ocr_line' id='line_1_3' title="bbox 1 890 29 2533; baseline 0 0"><span class='ocrx_word' id='word_1_5' title='bbox 1 890 29 2533; x_wconf 95' lang='lat' dir='ltr'> </span> 
     </span>
    </p>
   </div>
   <div class='ocr_carea' id='block_1_4' title="bbox 388 235 1473 290">
    <p class='ocr_par' dir='ltr' id='par_1_4' title="bbox 388 235 1473 290">
     <span class='ocr_line' id='line_1_4' title="bbox 388 235 1473 290; baseline -0.009 -8"><span class='ocrx_word' id='word_1_6' title='bbox 388 256 443 283; x_wconf 87' lang='lat' dir='ltr'>DE</span> <span class='ocrx_word' id='word_1_7' title='bbox 477 254 630 282; x_wconf 78' lang='lat' dir='ltr'><strong>GENESI</strong></span> <span class='ocrx_word' id='word_1_8' title='bbox 663 253 718 280; x_wconf 86' lang='lat' dir='ltr'>An</span> <span class='ocrx_word' id='word_1_9' title='bbox 751 250 991 290; x_wconf 76' lang='lat' dir='ltr'>LITTERAM,</span> <span class='ocrx_word' id='word_1_10' title='bbox 1026 252 1107 278; x_wconf 74' lang='lat' dir='ltr'>Lm.</span> <span class='ocrx_word' id='word_1_11' title='bbox 1144 251 1174 276; x_wconf 86' lang='lat'>1.</span> <span class='ocrx_word' id='word_1_12' title='bbox 1391 235 1473 273; x_wconf 87' lang='lat'>179</span> 
     </span>
    </p>
   </div>
   <div class='ocr_carea' id='block_1_5' title="bbox 89 397 1475 425">
    <p class='ocr_par' dir='ltr' id='par_1_5' title="bbox 89 397 1475 425">
     <span class='ocr_line' id='line_1_5' title="bbox 89 397 1475 425; baseline -0.008 0"><span class='ocrx_word' id='word_1_13' title='bbox 89 397 1475 425; x_wconf 60' lang='lat' dir='ltr'>mmm*wwwummmmmmmwmmmmmmmmww</span> 
     </span>
    </p>
   </div>
   <div class='ocr_carea' id='block_1_6' title="bbox 552 526 948 577">
    <p class='ocr_par' dir='ltr' id='par_1_6' title="bbox 552 526 948 577">
     <span class='ocr_line' id='line_1_6' title="bbox 552 526 948 577; baseline -0.008 -1"><span class='ocrx_word' id='word_1_14' title='bbox 552 526 770 577; x_wconf 84' lang='lat' dir='ltr'><strong>CAPUT</strong></span> <span class='ocrx_word' id='word_1_15' title='bbox 813 527 948 574; x_wconf 86' lang='lat' dir='ltr'><strong>XVI.</strong></span> 
     </span>
    </p>
   </div>
   <div class='ocr_carea' id='block_1_7' title="bbox 91 664 1480 876">
    <p class='ocr_par' dir='ltr' id='par_1_7' title="bbox 91 664 1480 876">
     <span class='ocr_line' id='line_1_7' title="bbox 91 664 1480 733; baseline -0.006 -14"><span class='ocrx_word' id='word_1_16' title='bbox 91 671 211 720; x_wconf 82' lang='lat' dir='ltr'>Alia</span> <span class='ocrx_word' id='word_1_17' title='bbox 226 673 352 718; x_wconf 81' lang='lat' dir='ltr'>ratio</span> <span class='ocrx_word' id='word_1_18' title='bbox 369 669 653 733; x_wconf 75' lang='lat' dir='ltr'>explicandi</span> <span class='ocrx_word' id='word_1_19' title='bbox 668 667 905 732; x_wconf 79' lang='lat' dir='ltr'>quomodo</span> <span class='ocrx_word' id='word_1_20' title='bbox 922 667 1023 714; x_wconf 79' lang='lat' dir='ltr'>dies</span> <span class='ocrx_word' id='word_1_21' title='bbox 1038 676 1084 713; x_wconf 82' lang='lat' dir='ltr'>et</span> <span class='ocrx_word' id='word_1_22' title='bbox 1095 665 1350 731; x_wconf 74' lang='lat' dir='ltr'>noxfczcta</span> <span class='ocrx_word' id='word_1_23' title='bbox 1358 664 1480 728; x_wconf 78' lang='lat' dir='ltr'>fue-</span> 
     </span>
     <span class='ocr_line' id='line_1_8' title="bbox 152 737 1477 801; baseline -0.006 -11"><span class='ocrx_word' id='word_1_24' title='bbox 152 746 236 801; x_wconf 77' lang='lat' dir='ltr'>rit,</span> <span class='ocrx_word' id='word_1_25' title='bbox 274 744 523 790; x_wconf 76' lang='lat' dir='ltr'><em>emissione</em></span> <span class='ocrx_word' id='word_1_26' title='bbox 553 741 735 789; x_wconf 75' lang='lat' dir='ltr'>scilicet</span> <span class='ocrx_word' id='word_1_27' title='bbox 766 751 813 788; x_wconf 76' lang='lat' dir='ltr'>et</span> <span class='ocrx_word' id='word_1_28' title='bbox 839 742 1168 788; x_wconf 76' lang='lat' dir='ltr'>contractione</span> <span class='ocrx_word' id='word_1_29' title='bbox 1201 737 1344 794; x_wconf 76' lang='lat' dir='ltr'>lacis,</span> <span class='ocrx_word' id='word_1_30' title='bbox 1378 753 1477 783; x_wconf 81' lang='lat' dir='ltr'>non</span> 
     </span>
     <span class='ocr_line' id='line_1_9' title="bbox 148 813 402 876; baseline -0.012 -14"><span class='ocrx_word' id='word_1_31' title='bbox 148 813 402 876; x_wconf 77' lang='lat' dir='ltr'>probatur.</span> 
     </span>
    </p>
   </div>
   <div class='ocr_carea' id='block_1_8' title="bbox 96 945 1493 2151">
    <p class='ocr_par' dir='ltr' id='par_1_8' title="bbox 96 945 1493 2151">
     <span class='ocr_line' id='line_1_10' title="bbox 153 945 1484 1011; baseline -0.004 -14"><span class='ocrx_word' id='word_1_32' title='bbox 153 954 318 997; x_wconf 86' lang='lat' dir='ltr'>XXXI.</span> <span class='ocrx_word' id='word_1_33' title='bbox 350 954 623 998; x_wconf 80' lang='lat' dir='ltr'><strong>EMISSIONEM</strong></span> <span class='ocrx_word' id='word_1_34' title='bbox 648 967 752 998; x_wconf 88' lang='lat' dir='ltr'>vero</span> <span class='ocrx_word' id='word_1_35' title='bbox 774 951 1206 1011; x_wconf 75' lang='lat' dir='ltr'>contractionemque</span> <span class='ocrx_word' id='word_1_36' title='bbox 1227 947 1334 993; x_wconf 89' lang='lat' dir='ltr'>lucis</span> <span class='ocrx_word' id='word_1_37' title='bbox 1365 945 1484 992; x_wconf 81' lang='lat' dir='ltr'>illius</span> 
     </span>
     <span class='ocr_line' id='line_1_11' title="bbox 98 1017 1489 1085; baseline -0.005 -16"><span class='ocrx_word' id='word_1_38' title='bbox 98 1024 132 1069; x_wconf 87' lang='lat' dir='ltr'>si</span> <span class='ocrx_word' id='word_1_39' title='bbox 148 1023 331 1070; x_wconf 87' lang='lat' dir='ltr'>velimus</span> <span class='ocrx_word' id='word_1_40' title='bbox 349 1022 466 1068; x_wconf 86' lang='lat' dir='ltr'>diem</span> <span class='ocrx_word' id='word_1_41' title='bbox 488 1033 752 1085; x_wconf 86' lang='lat' dir='ltr'>noctemque</span> <span class='ocrx_word' id='word_1_42' title='bbox 776 1022 1018 1082; x_wconf 83' lang='lat' dir='ltr'>intelligere</span> <span class='ocrx_word' id='word_1_43' title='bbox 1035 1058 1046 1078; x_wconf 88' lang='lat'>,</span> <span class='ocrx_word' id='word_1_44' title='bbox 1072 1038 1153 1066; x_wconf 90' lang='lat' dir='ltr'>nec</span> <span class='ocrx_word' id='word_1_45' title='bbox 1173 1035 1345 1065; x_wconf 81' lang='lat' dir='ltr'>causam</span> <span class='ocrx_word' id='word_1_46' title='bbox 1365 1017 1489 1065; x_wconf 83' lang='lat' dir='ltr'>vide-</span> 
     </span>
     <span class='ocr_line' id='line_1_12' title="bbox 96 1091 1486 1156; baseline -0.004 -16"><span class='ocrx_word' id='word_1_47' title='bbox 96 1110 194 1140; x_wconf 88' lang='lat' dir='ltr'>mus</span> <span class='ocrx_word' id='word_1_48' title='bbox 216 1111 294 1140; x_wconf 89' lang='lat' dir='ltr'>cur</span> <span class='ocrx_word' id='word_1_49' title='bbox 314 1095 373 1140; x_wconf 85' lang='lat' dir='ltr'>ita</span> <span class='ocrx_word' id='word_1_50' title='bbox 389 1096 527 1152; x_wconf 82' lang='lat' dir='ltr'>fieret.</span> <span class='ocrx_word' id='word_1_51' title='bbox 560 1098 658 1141; x_wconf 91' lang='lat' dir='ltr'>Non</span> <span class='ocrx_word' id='word_1_52' title='bbox 681 1096 796 1139; x_wconf 89' lang='lat' dir='ltr'>enim</span> <span class='ocrx_word' id='word_1_53' title='bbox 814 1096 905 1156; x_wconf 81' lang='lat' dir='ltr'>jani</span> <span class='ocrx_word' id='word_1_54' title='bbox 928 1103 1052 1139; x_wconf 85' lang='lat' dir='ltr'>erant</span> <span class='ocrx_word' id='word_1_55' title='bbox 1074 1092 1300 1149; x_wconf 76' lang='lat' dir='ltr'>animalia,</span> <span class='ocrx_word' id='word_1_56' title='bbox 1324 1091 1486 1152; x_wconf 86' lang='lat' dir='ltr'>quibus</span> 
     </span>
     <span class='ocr_line' id='line_1_13' title="bbox 96 1163 1490 1227; baseline -0.003 -16"><span class='ocrx_word' id='word_1_57' title='bbox 96 1166 192 1212; x_wconf 85' lang='lat' dir='ltr'>haec</span> <span class='ocrx_word' id='word_1_58' title='bbox 214 1163 468 1212; x_wconf 75' lang='lat' dir='ltr'>vicissitudo</span> <span class='ocrx_word' id='word_1_59' title='bbox 487 1165 719 1212; x_wconf 81' lang='lat' dir='ltr'>salubriter</span> <span class='ocrx_word' id='word_1_60' title='bbox 740 1166 1036 1222; x_wconf 73' lang='lat' dir='ltr'>exhiberetur,</span> <span class='ocrx_word' id='word_1_61' title='bbox 1063 1175 1106 1210; x_wconf 85' lang='lat' dir='ltr'>et</span> <span class='ocrx_word' id='word_1_62' title='bbox 1122 1165 1282 1227; x_wconf 84' lang='lat' dir='ltr'>quibus</span> <span class='ocrx_word' id='word_1_63' title='bbox 1294 1173 1490 1225; x_wconf 83' lang='lat' dir='ltr'>postmo-</span> 
     </span>
     <span class='ocr_line' id='line_1_14' title="bbox 98 1236 1489 1299; baseline -0.001 -17"><span class='ocrx_word' id='word_1_64' title='bbox 98 1237 206 1283; x_wconf 88' lang='lat' dir='ltr'>dum</span> <span class='ocrx_word' id='word_1_65' title='bbox 230 1239 386 1284; x_wconf 87' lang='lat' dir='ltr'>exortis</span> <span class='ocrx_word' id='word_1_66' title='bbox 417 1255 495 1299; x_wconf 89' lang='lat' dir='ltr'>per</span> <span class='ocrx_word' id='word_1_67' title='bbox 523 1239 753 1283; x_wconf 89' lang='lat' dir='ltr'>circuitum</span> <span class='ocrx_word' id='word_1_68' title='bbox 781 1238 880 1283; x_wconf 89' lang='lat' dir='ltr'>solis</span> <span class='ocrx_word' id='word_1_69' title='bbox 908 1238 1124 1282; x_wconf 89' lang='lat' dir='ltr'>cernimus</span> <span class='ocrx_word' id='word_1_70' title='bbox 1157 1236 1368 1282; x_wconf 82' lang='lat' dir='ltr'>exhiberi.</span> <span class='ocrx_word' id='word_1_71' title='bbox 1400 1237 1489 1281; x_wconf 86' lang='lat' dir='ltr'>Nec</span> 
     </span>
     <span class='ocr_line' id='line_1_15' title="bbox 97 1309 1485 1370; baseline -0.001 -17"><span class='ocrx_word' id='word_1_72' title='bbox 97 1309 240 1354; x_wconf 89' lang='lat' dir='ltr'>ullum</span> <span class='ocrx_word' id='word_1_73' title='bbox 263 1311 454 1355; x_wconf 87' lang='lat' dir='ltr'>occurrit</span> <span class='ocrx_word' id='word_1_74' title='bbox 475 1309 743 1370; x_wconf 73' lang='lat' dir='ltr'>exemplum,</span> <span class='ocrx_word' id='word_1_75' title='bbox 765 1326 854 1370; x_wconf 88' lang='lat' dir='ltr'>quo</span> <span class='ocrx_word' id='word_1_76' title='bbox 870 1310 997 1354; x_wconf 80' lang='lat' dir='ltr'>istam</span> <span class='ocrx_word' id='word_1_77' title='bbox 1016 1310 1289 1354; x_wconf 77' lang='lat' dir='ltr'>emissionem</span> <span class='ocrx_word' id='word_1_78' title='bbox 1311 1317 1485 1353; x_wconf 84' lang='lat' dir='ltr'>contra-</span> 
     </span>
     <span class='ocr_line' id='line_1_16' title="bbox 98 1379 1488 1442; baseline -0.001 -18"><span class='ocrx_word' id='word_1_79' title='bbox 98 1379 424 1442; x_wconf 84' lang='lat' dir='ltr'>dictionemque</span> <span class='ocrx_word' id='word_1_80' title='bbox 437 1381 561 1436; x_wconf 87' lang='lat' dir='ltr'>lucis,</span> <span class='ocrx_word' id='word_1_81' title='bbox 578 1391 629 1425; x_wconf 88' lang='lat' dir='ltr'>ut</span> <span class='ocrx_word' id='word_1_82' title='bbox 644 1381 731 1425; x_wconf 91' lang='lat' dir='ltr'>diei</span> <span class='ocrx_word' id='word_1_83' title='bbox 742 1381 969 1442; x_wconf 84' lang='lat' dir='ltr'>noctisque</span> <span class='ocrx_word' id='word_1_84' title='bbox 984 1380 1300 1426; x_wconf 82' lang='lat' dir='ltr'>vicissitudines</span> <span class='ocrx_word' id='word_1_85' title='bbox 1317 1380 1488 1436; x_wconf 85' lang='lat' dir='ltr'>fierent,</span> 
     </span>
     <span class='ocr_line' id='line_1_17' title="bbox 96 1450 1492 1511; baseline -0.001 -16"><span class='ocrx_word' id='word_1_86' title='bbox 96 1451 284 1511; x_wconf 81' lang='lat' dir='ltr'>probare</span> <span class='ocrx_word' id='word_1_87' title='bbox 304 1451 530 1511; x_wconf 87' lang='lat' dir='ltr'>possimus.</span> <span class='ocrx_word' id='word_1_88' title='bbox 563 1453 588 1495; x_wconf 85' lang='lat' dir='ltr'><strong>J</strong></span> <span class='ocrx_word' id='word_1_89' title='bbox 592 1460 712 1496; x_wconf 84' lang='lat' dir='ltr'>actus</span> <span class='ocrx_word' id='word_1_90' title='bbox 735 1451 849 1496; x_wconf 88' lang='lat' dir='ltr'>enim</span> <span class='ocrx_word' id='word_1_91' title='bbox 866 1451 1087 1496; x_wconf 78' lang='lat' dir='ltr'>radiorum</span> <span class='ocrx_word' id='word_1_92' title='bbox 1106 1467 1157 1496; x_wconf 83' lang='lat' dir='ltr'>ex</span> <span class='ocrx_word' id='word_1_93' title='bbox 1179 1450 1314 1496; x_wconf 87' lang='lat' dir='ltr'>oculis</span> <span class='ocrx_word' id='word_1_94' title='bbox 1334 1450 1492 1494; x_wconf 86' lang='lat' dir='ltr'>nostris</span> 
     </span>
     <span class='ocr_line' id='line_1_18' title="bbox 97 1521 1487 1583; baseline -0.001 -16"><span class='ocrx_word' id='word_1_95' title='bbox 97 1521 326 1583; x_wconf 83' lang='lat' dir='ltr'>cujusdam</span> <span class='ocrx_word' id='word_1_96' title='bbox 354 1522 463 1567; x_wconf 90' lang='lat' dir='ltr'>lucis</span> <span class='ocrx_word' id='word_1_97' title='bbox 501 1521 680 1583; x_wconf 88' lang='lat' dir='ltr'>quidem</span> <span class='ocrx_word' id='word_1_98' title='bbox 715 1531 779 1567; x_wconf 89' lang='lat' dir='ltr'>est</span> <span class='ocrx_word' id='word_1_99' title='bbox 800 1524 966 1583; x_wconf 79' lang='lat' dir='ltr'>jactus3</span> <span class='ocrx_word' id='word_1_100' title='bbox 1007 1532 1051 1567; x_wconf 87' lang='lat' dir='ltr'>et</span> <span class='ocrx_word' id='word_1_101' title='bbox 1083 1521 1284 1567; x_wconf 85' lang='lat' dir='ltr'>contrahi</span> <span class='ocrx_word' id='word_1_102' title='bbox 1322 1530 1487 1582; x_wconf 79' lang='lat' dir='ltr'>potest,</span> 
     </span>
     <span class='ocr_line' id='line_1_19' title="bbox 97 1592 1488 1653; baseline -0.001 -16"><span class='ocrx_word' id='word_1_103' title='bbox 97 1608 200 1638; x_wconf 89' lang='lat' dir='ltr'>cum</span> <span class='ocrx_word' id='word_1_104' title='bbox 219 1596 361 1637; x_wconf 72' lang='lat' dir='ltr'>aerem</span> <span class='ocrx_word' id='word_1_105' title='bbox 380 1628 391 1649; x_wconf 88' lang='lat'>,</span> <span class='ocrx_word' id='word_1_106' title='bbox 417 1593 493 1653; x_wconf 89' lang='lat' dir='ltr'>qui</span> <span class='ocrx_word' id='word_1_107' title='bbox 521 1602 585 1638; x_wconf 88' lang='lat' dir='ltr'>est</span> <span class='ocrx_word' id='word_1_108' title='bbox 604 1593 740 1638; x_wconf 86' lang='lat' dir='ltr'>oculis</span> <span class='ocrx_word' id='word_1_109' title='bbox 771 1593 928 1639; x_wconf 89' lang='lat' dir='ltr'>nostris</span> <span class='ocrx_word' id='word_1_110' title='bbox 954 1593 1199 1653; x_wconf 82' lang='lat' dir='ltr'>proximus,</span> <span class='ocrx_word' id='word_1_111' title='bbox 1234 1592 1488 1652; x_wconf 63' lang='lat' dir='ltr'>intuemur,</span> 
     </span>
     <span class='ocr_line' id='line_1_20' title="bbox 99 1662 1492 1725; baseline 0 -18"><span class='ocrx_word' id='word_1_112' title='bbox 99 1672 143 1708; x_wconf 89' lang='lat' dir='ltr'>et</span> <span class='ocrx_word' id='word_1_113' title='bbox 164 1664 327 1720; x_wconf 83' lang='lat' dir='ltr'>emitti,</span> <span class='ocrx_word' id='word_1_114' title='bbox 353 1680 454 1709; x_wconf 88' lang='lat' dir='ltr'>cum</span> <span class='ocrx_word' id='word_1_115' title='bbox 472 1662 527 1709; x_wconf 87' lang='lat' dir='ltr'>ad</span> <span class='ocrx_word' id='word_1_116' title='bbox 543 1665 742 1709; x_wconf 86' lang='lat' dir='ltr'>eamdem</span> <span class='ocrx_word' id='word_1_117' title='bbox 765 1663 1070 1709; x_wconf 84' lang='lat' dir='ltr'>rectitudinem</span> <span class='ocrx_word' id='word_1_118' title='bbox 1085 1700 1095 1720; x_wconf 83' lang='lat'>,</span> <span class='ocrx_word' id='word_1_119' title='bbox 1114 1680 1214 1725; x_wconf 83' lang='lat' dir='ltr'>quae</span> <span class='ocrx_word' id='word_1_120' title='bbox 1237 1672 1341 1709; x_wconf 89' lang='lat' dir='ltr'>sunt</span> <span class='ocrx_word' id='word_1_121' title='bbox 1360 1663 1492 1723; x_wconf 82' lang='lat' dir='ltr'>longe</span> 
     </span>
     <span class='ocr_line' id='line_1_21' title="bbox 98 1733 1492 1794; baseline -0.001 -15"><span class='ocrx_word' id='word_1_122' title='bbox 98 1734 238 1794; x_wconf 85' lang='lat' dir='ltr'>posita</span> <span class='ocrx_word' id='word_1_123' title='bbox 274 1733 554 1779; x_wconf 86' lang='lat' dir='ltr'>attendimus.</span> <span class='ocrx_word' id='word_1_124' title='bbox 591 1738 682 1781; x_wconf 89' lang='lat' dir='ltr'>Nec</span> <span class='ocrx_word' id='word_1_125' title='bbox 719 1751 821 1779; x_wconf 84' lang='lat' dir='ltr'>sane</span> <span class='ocrx_word' id='word_1_126' title='bbox 847 1751 948 1780; x_wconf 89' lang='lat' dir='ltr'>cum</span> <span class='ocrx_word' id='word_1_127' title='bbox 981 1735 1270 1790; x_wconf 76' lang='lat' dir='ltr'>contrahitur,</span> <span class='ocrx_word' id='word_1_128' title='bbox 1311 1735 1492 1779; x_wconf 90' lang='lat' dir='ltr'>omnino</span> 
     </span>
     <span class='ocr_line' id='line_1_22' title="bbox 100 1804 1493 1867; baseline 0.001 -18"><span class='ocrx_word' id='word_1_129' title='bbox 100 1820 276 1850; x_wconf 88' lang='lat' dir='ltr'>cernere</span> <span class='ocrx_word' id='word_1_130' title='bbox 297 1822 397 1866; x_wconf 69' lang='lat' dir='ltr'>quae</span> <span class='ocrx_word' id='word_1_131' title='bbox 413 1804 542 1863; x_wconf 82' lang='lat' dir='ltr'>longe</span> <span class='ocrx_word' id='word_1_132' title='bbox 560 1815 662 1850; x_wconf 89' lang='lat' dir='ltr'>sunt</span> <span class='ocrx_word' id='word_1_133' title='bbox 678 1805 852 1861; x_wconf 87' lang='lat' dir='ltr'>desinit,</span> <span class='ocrx_word' id='word_1_134' title='bbox 872 1806 948 1850; x_wconf 88' lang='lat' dir='ltr'>sed</span> <span class='ocrx_word' id='word_1_135' title='bbox 966 1816 1082 1850; x_wconf 88' lang='lat' dir='ltr'>certe</span> <span class='ocrx_word' id='word_1_136' title='bbox 1099 1806 1341 1862; x_wconf 88' lang='lat' dir='ltr'>obscurius,</span> <span class='ocrx_word' id='word_1_137' title='bbox 1360 1822 1493 1867; x_wconf 87' lang='lat' dir='ltr'>quam</span> 
     </span>
     <span class='ocr_line' id='line_1_23' title="bbox 101 1877 1492 1938; baseline 0.001 -18"><span class='ocrx_word' id='word_1_138' title='bbox 101 1892 202 1921; x_wconf 90' lang='lat' dir='ltr'>cum</span> <span class='ocrx_word' id='word_1_139' title='bbox 227 1877 344 1921; x_wconf 79' lang='lat' dir='ltr'>in-ea</span> <span class='ocrx_word' id='word_1_140' title='bbox 365 1877 546 1921; x_wconf 84' lang='lat' dir='ltr'>obtutus</span> <span class='ocrx_word' id='word_1_141' title='bbox 578 1877 803 1921; x_wconf 84' lang='lat' dir='ltr'>emittitur.</span> <span class='ocrx_word' id='word_1_142' title='bbox 833 1877 919 1922; x_wconf 90' lang='lat' dir='ltr'>Sed</span> <span class='ocrx_word' id='word_1_143' title='bbox 945 1886 1092 1921; x_wconf 78' lang='lat' dir='ltr'>tamen</span> <span class='ocrx_word' id='word_1_144' title='bbox 1119 1893 1169 1921; x_wconf 83' lang='lat' dir='ltr'>ea</span> <span class='ocrx_word' id='word_1_145' title='bbox 1191 1877 1291 1932; x_wconf 81' lang='lat' dir='ltr'>lux,</span> <span class='ocrx_word' id='word_1_146' title='bbox 1322 1894 1421 1938; x_wconf 86' lang='lat' dir='ltr'>quae</span> <span class='ocrx_word' id='word_1_147' title='bbox 1447 1877 1492 1922; x_wconf 91' lang='lat' dir='ltr'>in</span> 
     </span>
     <span class='ocr_line' id='line_1_24' title="bbox 101 1947 1490 2009; baseline 0.001 -18"><span class='ocrx_word' id='word_1_148' title='bbox 101 1963 231 1991; x_wconf 82' lang='lat' dir='ltr'>sensu-</span> <span class='ocrx_word' id='word_1_149' title='bbox 250 1947 434 1992; x_wconf 88' lang='lat' dir='ltr'>videntis</span> <span class='ocrx_word' id='word_1_150' title='bbox 456 1957 539 2003; x_wconf 89' lang='lat' dir='ltr'>est,</span> <span class='ocrx_word' id='word_1_151' title='bbox 557 1957 646 1992; x_wconf 82' lang='lat' dir='ltr'>tam</span> <span class='ocrx_word' id='word_1_152' title='bbox 664 1948 814 2006; x_wconf 81' lang='lat' dir='ltr'>exigua</span> <span class='ocrx_word' id='word_1_153' title='bbox 837 1947 1034 2004; x_wconf 89' lang='lat' dir='ltr'>docetur,</span> <span class='ocrx_word' id='word_1_154' title='bbox 1056 1957 1107 1992; x_wconf 91' lang='lat' dir='ltr'>ut</span> <span class='ocrx_word' id='word_1_155' title='bbox 1128 1948 1208 1993; x_wconf 92' lang='lat' dir='ltr'>nisi</span> <span class='ocrx_word' id='word_1_156' title='bbox 1231 1949 1490 2009; x_wconf 81' lang='lat' dir='ltr'>adjuvemur</span> 
     </span>
     <span class='ocr_line' id='line_1_25' title="bbox 102 2017 1493 2081; baseline 0.002 -19"><span class='ocrx_word' id='word_1_157' title='bbox 102 2027 303 2062; x_wconf 82' lang='lat' dir='ltr'>extranea</span> <span class='ocrx_word' id='word_1_158' title='bbox 325 2017 444 2074; x_wconf 84' lang='lat' dir='ltr'>luce,</span> <span class='ocrx_word' id='word_1_159' title='bbox 465 2018 575 2063; x_wconf 90' lang='lat' dir='ltr'>nihil</span> <span class='ocrx_word' id='word_1_160' title='bbox 591 2019 737 2063; x_wconf 82' lang='lat' dir='ltr'>videre</span> <span class='ocrx_word' id='word_1_161' title='bbox 755 2019 967 2079; x_wconf 85' lang='lat' dir='ltr'>possimus</span> <span class='ocrx_word' id='word_1_162' title='bbox 984 2041 994 2078; x_wconf 78' lang='lat'>3</span> <span class='ocrx_word' id='word_1_163' title='bbox 1015 2029 1058 2065; x_wconf 88' lang='lat' dir='ltr'>et</span> <span class='ocrx_word' id='word_1_164' title='bbox 1074 2020 1283 2081; x_wconf 84' lang='lat' dir='ltr'>quoniam</span> <span class='ocrx_word' id='word_1_165' title='bbox 1305 2020 1493 2065; x_wconf 88' lang='lat' dir='ltr'>discerni</span> 
     </span>
     <span class='ocr_line' id='line_1_26' title="bbox 102 2088 1490 2151; baseline 0.003 -19"><span class='ocrx_word' id='word_1_166' title='bbox 102 2088 158 2133; x_wconf 86' lang='lat' dir='ltr'>ab</span> <span class='ocrx_word' id='word_1_167' title='bbox 180 2104 228 2132; x_wconf 85' lang='lat' dir='ltr'>ea</span> <span class='ocrx_word' id='word_1_168' title='bbox 250 2104 340 2133; x_wconf 90' lang='lat' dir='ltr'>non</span> <span class='ocrx_word' id='word_1_169' title='bbox 356 2098 520 2148; x_wconf 87' lang='lat' dir='ltr'>potest,</span> <span class='ocrx_word' id='word_1_170' title='bbox 536 2105 625 2149; x_wconf 86' lang='lat' dir='ltr'>quo</span> <span class='ocrx_word' id='word_1_171' title='bbox 642 2090 842 2150; x_wconf 81' lang='lat' dir='ltr'>exemplo</span> <span class='ocrx_word' id='word_1_172' title='bbox 864 2089 1152 2135; x_wconf 86' lang='lat' dir='ltr'>demonstrari</span> <span class='ocrx_word' id='word_1_173' title='bbox 1170 2091 1304 2151; x_wconf 89' lang='lat' dir='ltr'>possit</span> <span class='ocrx_word' id='word_1_174' title='bbox 1322 2091 1490 2136; x_wconf 88' lang='lat' dir='ltr'>emissio</span> 
     </span>
    </p>
   </div>
   <div class='ocr_carea' id='block_1_9' title="bbox 101 2158 1490 2275">
    <p class='ocr_par' dir='ltr' id='par_1_9' title="bbox 101 2158 1490 2275">
     <span class='ocr_line' id='line_1_27' title="bbox 101 2158 1490 2223; baseline 0.003 -20"><span class='ocrx_word' id='word_1_175' title='bbox 101 2159 148 2203; x_wconf 91' lang='lat' dir='ltr'>in</span> <span class='ocrx_word' id='word_1_176' title='bbox 168 2158 309 2216; x_wconf 85' lang='lat' dir='ltr'>diem,</span> <span class='ocrx_word' id='word_1_177' title='bbox 335 2169 378 2204; x_wconf 88' lang='lat' dir='ltr'>et</span> <span class='ocrx_word' id='word_1_178' title='bbox 399 2160 640 2206; x_wconf 84' lang='lat' dir='ltr'>contractio</span> <span class='ocrx_word' id='word_1_179' title='bbox 662 2161 770 2206; x_wconf 89' lang='lat' dir='ltr'>lucis</span> <span class='ocrx_word' id='word_1_180' title='bbox 792 2161 838 2205; x_wconf 92' lang='lat' dir='ltr'>in</span> <span class='ocrx_word' id='word_1_181' title='bbox 857 2170 1054 2218; x_wconf 88' lang='lat' dir='ltr'>noctem,</span> <span class='ocrx_word' id='word_1_182' title='bbox 1085 2162 1196 2207; x_wconf 91' lang='lat' dir='ltr'>sicut</span> <span class='ocrx_word' id='word_1_183' title='bbox 1224 2161 1336 2219; x_wconf 83' lang='lat' dir='ltr'>dixi,</span> <span class='ocrx_word' id='word_1_184' title='bbox 1364 2177 1490 2223; x_wconf 88' lang='lat' dir='ltr'>repe-</span> 
     </span>
     <span class='ocr_line' id='line_1_28' title="bbox 102 2228 481 2275; baseline 0.005 -3"><span class='ocrx_word' id='word_1_185' title='bbox 102 2228 381 2275; x_wconf 84' lang='lat' dir='ltr'>riredifficile</span> <span class='ocrx_word' id='word_1_186' title='bbox 403 2238 481 2275; x_wconf 85' lang='lat' dir='ltr'>est.</span> 
     </span>
    </p>
   </div>
  </div>
 </body>
</html>
