1854 3219
330 253 384 280 nr.
416 252 567 280 omnm
599 249 653 279 An
685 251 926 292 ιιΤΤΕιιΑΜ,
961 255 1043 281 Lm.
1080 255 1121 281 v.
1335 243 1420 282 329

43 317 228 362 cutionis
262 333 362 362 cum
391 332 469 377 per
506 317 767 361 efficientem
805 316 851 361 id
883 317 1003 378 quod
1038 319 1224 364 efficitur
1257 320 1421 379 signifi-

42 399 165 434 catur
181 425 191 444 ,
224 391 374 435 creber
394 399 457 434 est
479 390 525 434 in
550 389 779 449 Scripturis
807 391 963 434 sanctis
992 411 1000 435 :
1037 391 1223 435 maxime
1245 406 1349 436 cum-
1368 391 1423 435 de

42 465 132 506 Deo
154 461 319 522 aliquid
355 460 530 516 dicitur,
566 459 687 520 quod
711 460 749 504 ei
771 460 825 504 ad
854 463 1161 521 proprietatem
1188 462 1422 507 locutionis

41 548 132 576 non
164 531 396 578 convenire
427 529 663 591 praesidens
692 530 913 576 mentibus
946 532 1101 577 nostris
1138 532 1230 592 ipsa
1264 532 1421 577 veritas

41 601 214 648 clamat.

42 756 1426 775 mmmmmmmmnmmmwummmmwvvvuwuwmmmmm

552 865 768 916 CAPUT
802 867 915 915 XX.

439 1023 600 1069 Deum
620 1022 692 1069 ad
706 1021 798 1069 huc
819 1025 1029 1084 operari.

96 1163 190 1205 XL.
226 1163 251 1205 J
255 1177 316 1205 AM
339 1176 457 1205 nunc
475 1176 577 1220 ergo
590 1160 882 1205 discernamus
904 1176 1034 1221 opera
1056 1161 1150 1215 Dei,
1167 1177 1266 1221 qum
1289 1176 1427 1221 usque

39 1248 158 1277 nunc
175 1242 381 1292 operatur
396 1268 407 1288 ‚
433 1233 488 1276 ab
511 1231 594 1276 illis
623 1233 827 1292 operibus
855 1249 878 1276 a
900 1233 1060 1293 quibus
1081 1232 1127 1276 in
1155 1231 1225 1275 die
1243 1232 1427 1291 septimo

39 1302 266 1363 requievit.
295 1305 407 1347 Sunt
429 1302 546 1346 enim
567 1302 644 1362 qui
666 1302 932 1346 arbitrentur
964 1301 1271 1346 tantummodo
1296 1317 1428 1346 mun-

39 1374 145 1418 dum
164 1373 307 1433 ipsum
324 1373 491 1418 factum
510 1389 534 1417 a
548 1376 654 1428 Deo,
673 1382 827 1417 caetera
843 1375 934 1433 jam
950 1373 1043 1417 fieri
1060 1374 1115 1417 ab
1130 1373 1222 1433 ipso
1239 1374 1423 1428 mundo,

39 1444 151 1489 sieut
171 1443 244 1488 ille
275 1442 514 1499 ordinavit,
551 1452 595 1487 et
619 1444 772 1504 jussit3
808 1448 947 1488 Deum
970 1453 1116 1488 autem
1144 1445 1287 1503 ipsum
1315 1443 1427 1487 nihil

40 1515 222 1576 operari.
239 1516 402 1561 Contra
418 1529 528 1576 quos
545 1514 766 1576 profertur
782 1515 853 1560 illa
870 1515 1260 1560 sententiaDomini
1278 1535 1286 1561 ;
1307 1535 1326 1558 «
1341 1519 1427 1560 Pa-

42 1605 63 1629 »
89 1596 154 1632 ter
166 1602 288 1632 meus
303 1602 442 1648 usque
463 1603 582 1632 nunc
604 1596 853 1647 operatur.»
866 1590 922 1632 Et
940 1602 994 1631 ne
1008 1587 1239 1648 quisquam
1254 1596 1428 1646 putaret

39 1657 157 1719 apud
184 1673 229 1703 se
249 1657 375 1702 illum
392 1656 558 1719 aliquid
574 1658 743 1718 operari
760 1694 771 1714 ,
796 1674 886 1703 non
900 1658 946 1702 in
967 1659 1052 1703 hoo
1073 1658 1241 1703 mundo
1264 1677 1272 1703 :
1297 1677 1314 1699 «
1341 1661 1427 1702 Pa-

41 1746 63 1770 »
97 1737 163 1773 ter
181 1728 228 1772 in
247 1743 319 1772 me
342 1742 521 1772 manens
535 1763 546 1783 ‚
572 1728 737 1789 inquit,
763 1728 868 1773 facit
885 1743 1013 1788 opera
1031 1744 1107 1773 sua
1121 1764 1132 1784 ,
1158 1737 1201 1772 et
1218 1728 1329 1773 sicut
1349 1731 1428 1772 Pa-

42 1817 63 1842 »
96 1807 163 1843 ter
183 1797 360 1842 suscitat
385 1806 580 1842 mortuos
595 1807 638 1842 et
658 1798 848 1842 vivificat
862 1833 873 1853 ‚
898 1799 957 1842 sic
979 1807 1022 1842 et
1042 1797 1177 1843 Filius
1199 1814 1307 1859 quos
1328 1798 1425 1843 vult

42 1887 63 1912 »
97 1869 289 1914 vivificat
305 1870 335 1913 ¹.
359 1886 380 1909 »
405 1867 571 1913 Deinde
587 1867 689 1929 quia
707 1883 797 1912 non
819 1867 961 1913 solum
979 1882 1134 1926 magna
1158 1877 1289 1928 atque
1310 1885 1427 1928 prae-

39 1940 167 1999 cipua
184 1974 195 1994 ,
213 1938 499 1984 verumetiam
519 1939 599 1984 ista
617 1947 791 1983 terrena
811 1947 855 1983 et
876 1947 1069 1983 extrema
1090 1938 1182 1998 ipse
1203 1948 1424 1998 operatur,

40 2010 99 2055 ita
122 2008 230 2054 dicit
249 2008 482 2069 Apostolus
512 2028 520 2056 :
551 2028 572 2051 «
600 2008 740 2055 Stulte
760 2018 809 2053 tu
826 2008 947 2070 quod
967 2009 1152 2054 seminas
1176 2025 1265 2054 non
1281 2010 1426 2055 vivifi-

42 2098 64 2122 »
98 2088 238 2135 catur,
272 2078 355 2123 nisi
386 2079 622 2131 moriatur;
655 2088 699 2124 et
729 2079 850 2140 quod
892 2080 1074 2124 seminas
1089 2115 1100 2136 ‚
1137 2095 1227 2125 non
1270 2096 1428 2141 corpus

43 2168 65 2193 »
99 2148 221 2211 quod
256 2147 458 2194 futurum
487 2159 551 2194 est
574 2150 779 2206 seminas,
814 2149 890 2194 sed
922 2149 1092 2195 nudum
1122 2167 1303 2211 granum
1337 2151 1428 2196 fere

43 2239 65 2264 »
99 2220 258 2276 tritici,
293 2229 368 2265 aut
398 2219 579 2281 alicujus
610 2229 890 2276 caeterorum,
927 2224 1041 2266 Deus
1076 2231 1222 2267 autem
1257 2221 1332 2267 dat
1363 2222 1428 2266 illi

44 2310 65 2335 »
99 2307 256 2352 corpus
278 2291 501 2352 quomodo
523 2291 736 2347 voluerit,
761 2301 805 2337 et
826 2292 1065 2354 unicuique
1089 2294 1305 2338 seminum
1322 2309 1427 2354 pro—

44 2381 64 2405 »
97 2362 243 2423 prium
270 2378 427 2423 corpus
441 2366 474 2407 2.
498 2379 519 2404 »
554 2363 621 2408 Sic
643 2377 746 2422 ergo
768 2362 993 2409 credamus
1009 2399 1020 2420 ,
1046 2363 1116 2409 vel
1142 2365 1176 2409 si
1197 2378 1428 2425 possumus

41 2434 170 2478 etiam
190 2432 482 2492 intelligamus
509 2448 649 2494 usque
671 2449 790 2479 nunc
811 2435 980 2494 operari
1001 2438 1168 2491 Deum,
1193 2445 1244 2480 ut
1260 2436 1294 2480 si
1317 2450 1425 2480 con-

42 2502 140 2549 ditis
162 2504 215 2548 ab
231 2518 283 2548 eo
299 2504 429 2549 rebus
441 2504 634 2565 operatio
648 2505 740 2564 ejus
761 2505 1058 2563 subtrahatur,
1082 2505 1361 2552 intercidant.

92 2605 101 2622 ¹
117 2601 210 2634 Joan.
227 2610 260 2643 v,
282 2610 334 2642 ¹7·
353 2616 396 2624 —·
415 2607 428 2624 ²
449 2610 462 2634 1
483 2602 558 2635 Cor.
573 2611 629 2643 xv,
649 2599 768 2633 36-38.
