1854 3219
398 181 483 222 460
850 191 883 221 S.
920 191 1149 222 Auen-‘frmi
1181 193 1363 222 prscom

399 260 470 303 tiae
492 258 597 317 agri,
621 266 664 302 ct
681 258 825 302 omnia
841 259 1031 305 volatilia
1046 259 1163 315 coeli,
1182 269 1231 304 ut
1247 257 1305 303 eis
1327 259 1503 303 nomina
1518 259 1782 319 imponeret3

396 340 526 390 atque
549 331 606 375 ita
631 329 752 373 velut
774 332 1001 376 necessitas
1023 332 1209 376 oriretur
1226 329 1401 376 creandi
1424 330 1462 374 ei
1486 329 1712 374 foeminam
1735 344 1786 373 ex

394 403 486 463 ejus
507 400 642 446 latere
657 437 668 456 ,
695 416 795 445 cum
817 402 930 446 inter
950 402 1023 448 illa
1047 403 1249 447 animalia
1271 401 1408 446 simile
1432 400 1495 445 illi
1518 401 1786 462 adjutorium

394 488 482 516 11011
502 471 651 516 {uisset
673 473 915 518 inventum.
932 473 1117 518 Videtur
1138 474 1254 517 enim
1275 473 1382 517 mihi
1399 481 1577 532 propter
1596 471 1787 532 aliquam

394 543 752 600 significationem
771 543 1070 603 propheticam
1085 543 1263 599 factum,
1281 543 1356 587 sed
1374 551 1521 587 tamen
1538 543 1719 597 factum,
1737 551 1789 586 ut
1853 538 1854 580 ἶ

393 630 439 657 rc
458 623 574 673 gesta
593 614 848 659 confirmata
864 615 1012 673 figurae
1025 615 1324 675 interpretatio
1337 614 1475 658 libera
1492 614 1784 675 relinquatur.

393 685 511 738 Quid
528 694 591 729 est
612 685 728 729 enim
746 686 994 746 hoc‘ipsum
1011 686 1132 748 quod
1153 685 1404 731 volatilibus
1423 685 1788 745 terrestribusque

393 756 701 811 animantibus,
714 772 803 801 non
816 757 944 801 etiam
962 757 1152 818 piscibus
1167 766 1297 817 atque
1312 756 1515 801 omnibus
1533 755 1789 801 natatilibus

392 826 534 870 Adam
552 828 730 872 nomina
752 828 993 888 imposuit?
1023 828 1065 874 Si
1087 828 1204 872 enim
1225 827 1387 887 linguae
1413 827 1619 871 humanae
1638 842 1789 871 0011511-1

393 897 556 953 lantur‚
594 899 652 943 sic
682 898 958 959 appellantur
984 900 1080 944 haec
1113 898 1284 953 omnia,
1321 896 1696 958 quemadmodum
1730 897 1790 941 eis

391 969 590 1013 homines
611 969 834 1031 loquendo
863 970 1040 1015 nomina
1066 971 1383 1031 imposuerunt.
1409 972 1508 1015 Non
1530 968 1672 1014 solum
1693 969 1789 1012 haec

391 1056 491 1101 quse
513 1050 614 1085 sunt
648 1041 694 1085 in
716 1041 838 1102 aquis
863 1051 906 1086 et
938 1042 1085 1097 terris,
1121 1041 1407 1086 verumetiam
1440 1041 1531 1100 ipsa
1566 1049 1709 1096 terra,
1744 1048 1789 1084 et

392 1128 526 1172 aqua,
561 1121 605 1156 et
632 1111 818 1168 coelum,
846 1122 890 1157 et
915 1128 1016 1173 quae
1038 1112 1245 1157 videntur
1272 1112 1318 1155 in
1340 1110 1455 1156 coelo
1473 1146 1483 1166 ‚
1511 1119 1555 1155 et
1577 1127 1676 1171 quae
1699 1126 1789 1155 non

390 1181 612 1237 videntur,
634 1181 709 1225 sed
726 1182 984 1239 creduntur,
1004 1198 1084 1243 pro
1108 1182 1357 1227 diversitate
1374 1181 1625 1241 linguarum
1649 1182 1790 1240 genti-

390 1253 514 1308 liuni‚
537 1252 714 1297 diversis
730 1254 979 1297 nominibus
997 1253 1290 1314 appellantur.
1316 1256 1456 1298 Unam
1470 1268 1573 1297 sane
1594 1253 1790 1311 linguam

391 1325 592 1383 primitus
615 1324 745 1369 fuisse
763 1323 995 1369 didicimus
1013 1361 1023 1381 ‚
1050 1334 1285 1386 antequam
1309 1324 1512 1384 superbia
1531 1323 1661 1367 turris
1675 1322 1790 1367 illius

391 1405 487 1454 post
510 1395 726 1440 diluvium
749 1394 995 1451 fabricatae,
1020 1396 1067 1439 in
1089 1394 1280 1440 diversos
1305 1395 1532 1454 signorum
1554 1409 1681 1439 sonos
1710 1394 1791 1437 hu-

392 1481 565 1509 manam
584 1465 797 1511 divideret
811 1467 1101 1510 societatem1.
1120 1469 1425 1527 Quaecumque
1445 1474 1592 1510 autem
1614 1464 1689 1509 illa
1712 1464 1791 1508 lin-

392 1553 477 1595 gua
499 1536 651 1591 fuerit,
678 1536 787 1596 quid
819 1537 973 1580 attinet
1002 1539 1224 1597 quaerere?
1254 1536 1333 1581 Illa
1362 1545 1479 1581 certe
1502 1546 1609 1581 tunc
1630 1535 1790 1596 loque-

392 1608 522 1652 batur
541 1607 681 1652 Adam
697 1643 707 1663 ,
736 1617 779 1651 et
809 1608 854 1651 in
875 1623 925 1652 ea
946 1608 1096 1667 lingua
1114 1643 1124 1663 ,
1151 1608 1184 1651 si
1207 1607 1350 1652 adhuc
1372 1624 1512 1668 usque
1533 1617 1786 1668 permanet,

390 1689 492 1723 sunt
513 1679 605 1723 istae
628 1694 756 1723 voces
780 1678 1021 1722 articulatae
1038 1714 1048 1733 ‚
1074 1678 1235 1738 quibus
1258 1679 1423 1738 primus
1441 1680 1575 1724 homo
1591 1678 1791 1723 animali-

391 1752 473 1795 bus
506 1750 783 1794 terrestribus
825 1759 868 1794 et
905 1749 1158 1795 volatilibus
1192 1751 1371 1795 nomina
1410 1751 1631 1811 imposuit.
1674 1753 1790 1796 Num

390 1822 524 1881 igitur
546 1820 637 1865 ullo
666 1821 799 1865 modo
832 1820 1042 1865 credibile
1070 1831 1155 1877 est,
1190 1822 1235 1865 in
1264 1822 1416 1866 eadem
1437 1822 1585 1881 lingua
1611 1822 1788 1866 nomina

390 1893 576 1953 piscium
601 1908 691 1937 non
714 1892 768 1936 ab
790 1893 991 1947 homine‚
1011 1891 1087 1936 sed
1105 1892 1313 1937 divinitus
1331 1893 1551 1949 instituta,
1577 1910 1676 1954 quae
1698 1896 1790 1938 Deo

391 1963 578 2008 docente
601 1963 733 2007 homo
758 1972 907 2023 postea
930 1963 1140 2006 disceret?
1172 1961 1302 2016 Quod
1331 1963 1364 2007 si
1390 1965 1447 2008 ita
1471 1965 1601 2008 etiam
1623 1962 1789 2008 factum

390 2044 522 2090 esset,
548 2050 683 2096 quare
702 2035 763 2078 ita
788 2033 953 2079 factum
976 2043 1111 2089 esset,
1145 2034 1301 2094 procul
1329 2033 1467 2079 dubio
1494 2036 1676 2094 mystica
1703 2035 1789 2094 sig-

391 2107 582 2151 nificatio
613 2115 850 2151 resonaret.
877 2105 963 2151 Sed
986 2105 1257 2150 credendum
1278 2115 1342 2150 est
1371 2106 1580 2166 paulatim
1603 2107 1790 2166 cognitis

390 2178 574 2237 piscium
594 2178 825 2237 generibus
842 2176 1020 2221 nomina
1043 2177 1245 2237 imposita
1268 2197 1275 2222 ;
1294 2186 1398 2221 tunc
1421 2186 1565 2221 autem
1589 2193 1690 2221 cum
1708 2193 1787 2238 pe-

390 2264 511 2303 cora,
543 2257 586 2291 et
618 2247 793 2302 bestiae,
821 2256 864 2292 et
895 2246 1087 2292 volatilia
1115 2247 1171 2292 ad
1193 2247 1417 2292 hominem
1444 2246 1634 2292 adducta
1657 2258 1784 2304 sunt,

391 2329 440 2364 ut
463 2319 520 2362 eis
544 2318 598 2362 ad
616 2334 660 2363 se
679 2319 968 2378 congregatis,
995 2319 1323 2379 generatimque
1350 2318 1562 2363 distinctis
1577 2355 1587 2374 ‚
1609 2319 1787 2363 nomina

390 2392 657 2450 imponeret,
687 2391 848 2452 quibus
883 2392 1012 2435 etiam
1044 2391 1145 2451 ipsis
1173 2390 1383 2451 paulatim
1413 2400 1456 2434 et
1483 2391 1624 2435 multo
1657 2391 1785 2435 citius

391 2477 523 2522 quam
545 2461 758 2521 piscibus,
783 2464 816 2507 si
842 2463 926 2509 hoc
954 2461 1120 2509 sactum
1150 2477 1241 2508 non
1272 2470 1410 2518 esset,
1442 2471 1585 2522 posset
1607 2461 1784 2509 nomina

443 2552 451 2567 ¹
476 2548 554 2579 Gen.
576 2558 618 2589 xi,
642 2558 671 2580 1.
