1854 3219
373 181 427 220 34
804 193 837 220 s.
873 194 1104 223 Aucusnm
1138 196 1319 224 Ei’iscom

371 259 592 318 Scriptura
624 258 892 319 ubicumque
930 259 1117 306 inventis
1159 270 1291 321 atque
1333 261 1538 307 adhibitis
1576 260 1756 305 testibus

373 337 643 374 terminetur.

369 462 1116 484 Mwwwwwwwwwvvmwwwwmmwwx
1122 463 1760 482 mmmtmmmmMM‘m

847 562 1065 612 CAPUT
1103 565 1292 611 XXIX.

661 682 709 728 T
704 698 928 743 roporam
948 685 1160 746 cognitio
1183 685 1475 730 necessaria.

426 823 518 865 XL.
547 824 702 867 Senam
724 831 870 866 autem
892 821 1093 876 litterati,
1118 819 1256 865 modis
1277 820 1482 865 omnibus
1499 819 1758 874 locutionis,

368 909 477 953 quos
508 895 775 952 grammatici
799 910 940 954 graeco
974 893 1151 938 nominc
1182 903 1328 953 tropos
1356 900 1539 946 vocant⁷
1566 901 1763 937 auctores

368 974 537 1010 nostros
558 982 657 1010 usos
680 965 834 1021 fuisse,
855 975 898 1010 et
916 964 1202 1025 multiplicius
1222 974 1353 1025 atque
1371 963 1609 1024 copiosius,
1630 977 1764 1023 quam

368 1046 550 1096 possunt
571 1037 813 1082 existimare
834 1036 904 1082 vel
921 1035 1096 1080 credere
1114 1036 1189 1096 qui
1208 1036 1411 1079 nesciunt
1433 1050 1528 1090 eos,
1548 1044 1591 1079 ct
1608 1035 1654 1078 in
1670 1033 1764 1078 aliis

369 1108 448 1153 ista
470 1108 734 1153 didicerunt.
762 1112 881 1163 Quos
907 1118 1051 1153 tamen
1074 1117 1220 1167 tropos
1241 1108 1317 1168 qui
1342 1115 1581 1162 noverunt,
1608 1121 1765 1165 agnos-

368 1190 477 1225 cunt
496 1181 542 1225 in
561 1181 737 1226 Litteris
758 1181 916 1225 sanctis
932 1216 942 1236 ‚
968 1195 1209 1240 eorumque
1233 1179 1413 1224 scientia
1438 1179 1494 1223 ad
1511 1194 1581 1222 eas
1604 1176 1766 1222 intelli-

369 1252 531 1309 gendas
548 1251 824 1312 aliquantum
841 1252 1120 1312 adjuvantur.
1142 1249 1226 1294 Sed
1246 1250 1316 1293 hic
1334 1265 1406 1293 eos
1424 1248 1582 1308 ignaris
1599 1247 1766 1293 tradere

368 1338 459 1367 non
495 1322 645 1379 decet,
684 1339 738 1367 ne
776 1332 913 1367 artem
954 1321 1281 1382 grammaticam
1323 1320 1480 1366 docere
1519 1319 1762 1366 videamur.

369 1398 500 1439 Extra
518 1410 620 1438 sane
649 1403 700 1438 ut
722 1395 946 1439 discantur
968 1393 1183 1438 admoneo
1200 1429 1210 1449 ,
1236 1393 1437 1453 quamvis
1452 1394 1545 1454 jam
1568 1393 1766 1453 superius

367 1465 413 1509 id
435 1465 738 1510 admonuerim
754 1500 764 1520 ‚
801 1464 846 1508 id
874 1474 938 1509 est
960 1464 1007 1508 in
1037 1463 1228 1508 secundo
1253 1464 1387 1520 libro,
1412 1464 1490 1507 11111
1515 1463 1570 1507 (10
1591 1463 1765 1522 lingua-

370 1552 468 1581 rum
490 1536 726 1581 necessaria
748 1536 996 1594 cognitione
1015 1535 1210 1579 disserui.
1232 1538 1342 1581 Nam
1359 1535 1540 1591 litterae,
1563 1551 1587 1580 a
1604 1535 1766 1596 quibus

369 1609 461 1668 ipsa
483 1609 762 1667 grammatica
785 1623 947 1652 nomen
972 1607 1138 1667 accepit
1154 1642 1164 1662 ‚
1190 1615 1366 1661 γράμματα
1390 1604 1506 1650 0111111
1532 1607 1671 1651 Graeci
1692 1606 1766 1651 lit-

368 1689 479 1724 teras
505 1689 686 1735 vocant‚
714 1679 834 1738 signa
863 1679 1018 1739 utique
1044 1687 1147 1723 sunt
1175 1693 1384 1722 sonorum
1409 1677 1465 1722 ad
1490 1678 1763 1723 articulatam

371 1768 525 1797 vocem
557 1768 643 1812 qua
669 1751 893 1811 loquimur
923 1749 1255 1810 pertinentium.
1292 1752 1482 1793 Istorum
1506 1758 1652 1794 autem
1679 1759 1767 1794 tro-

368 1840 527 1885 porum
547 1840 637 1869 non
659 1823 802 1868 solum
819 1821 1016 1881 exempla
1033 1857 1043 1877 ‚
1069 1821 1181 1866 sicut
1202 1821 1399 1866 omnium
1413 1856 1424 1876 ‚
1450 1821 1527 1866 sed
1554 1837 1766 1882 quorum.-

368 1895 470 1939 dam
493 1894 624 1939 etiam
646 1893 823 1938 nomina
850 1893 896 1937 in
921 1891 1078 1938 divinis
1102 1892 1242 1936 Libris
1264 1892 1487 1950 leguntur,
1519 1892 1629 1937 sicut
1657 1892 1764 1937 alle—

368 1967 510 2026 goria,
536 1966 721 2024 aenigma
738 2000 749 2020 ,
774 1963 998 2024 parabola.
1026 1963 1232 2017 Quamvis
1254 1979 1366 2023 pene
1394 1979 1544 2008 omncs
1567 1964 1596 2007 ii
1624 1965 1760 2025 tropi,

367 2038 444 2099 qui
465 2037 635 2082 liberali
667 2037 890 2091 dicuntur,
916 2046 1007 2080 arte
1030 2036 1260 2095 cognosci,
1295 2035 1426 2080 etiam
1448 2026 1668 2083 in'eorum
1691 2053 1763 2081 re-

366 2110 590 2170 periantur
611 2107 795 2168 loquelis
810 2143 822 2163 ,
849 2107 925 2168 qui
951 2106 1095 2152 nullos
1118 2106 1422 2166 grammaticos
1441 2105 1697 2163 audierunt,
1719 2117 1764 2157 et

365 2197 417 2226 eo
438 2196 527 2241 quo
548 2179 707 2239 vulgus
740 2178 879 2223 utitur
914 2193 1113 2222 sermone
1137 2177 1332 2227 contenti
1367 2187 1484 2223 sunt.
1517 2178 1623 2232 Quis
1644 2179 1763 2224 enim

367 2268 458 2298 non
491 2251 622 2306 dicit,
658 2250 725 2296 Sic
755 2250 908 2294 floreas
940 2266 948 2291 :
986 2249 1063 2310 qui
1090 2259 1242 2309 tropus
1269 2249 1526 2309 metaphora
1559 2259 1758 2298 vocatur..

368 2324 474 2378 Quis
495 2338 586 2368 11011
607 2321 713 2366 dicit
734 2321 944 2381 piscinam
965 2320 1111 2376 etiam,
1132 2337 1232 2381 quae
1255 2321 1496 2367 nonhabet
1513 2320 1665 2380 pisces,
1683 2337 1764 2367 nec

367 2394 482 2440 facta
503 2402 567 2438 est
593 2402 770 2453 propter
788 2393 947 2452 pisces,
967 2401 1011 2437 et
1030 2400 1179 2436 tamen
1200 2408 1224 2437 a
1241 2392 1432 2452 piscibus
1455 2407 1617 2440 nomen
1639 2408 1763 2441 acce-

368 2467 433 2528 pit
446 2469 464 2511 ?
484 2466 570 2520 Qui
594 2474 744 2524 tropus
763 2463 1020 2509 catachresis
1037 2464 1212 2508 dicitur.

429 2539 544 2589 XLI.
581 2539 781 2593 Longum
813 2544 876 2579 est
908 2535 988 2580 isto
1027 2535 1158 2580 modo
1188 2544 1369 2584 caeteros
1397 2536 1625 2596 persequi3
1663 2552 1765 2582 nam
