1854 3219
398 200 452 228 οε
485 194 697 228 noc-rnna
728 194 982 224 cnms'rraiu
1015 197 1097 224 ne.
1133 196 1194 222 xv.
1404 185 1482 222 101

95 258 217 312 more
232 266 378 327 potius
394 280 528 327 quam
546 264 729 323 gemitu,
747 262 982 323 aliquando
1000 262 1131 307 etiam
1148 261 1367 320 lacrymis,
1382 275 1486 321 pos-

96 331 237 383 tremo
257 338 359 384 vitae
375 335 620 381 mutatione
640 342 914 379 monstrasse.

156 410 270 453 LIV.
314 405 539 453 Submisso
572 405 703 450 etiam
736 402 912 450 dicendi
954 417 1109 461 genere
1146 410 1247 448 sunt
1288 402 1489 464 plerique

95 478 280 533 mutati,
311 476 390 522 sed
410 485 462 521 ut
488 474 610 537 quod
642 474 921 529 nesciebant,
952 473 1139 529 scirent,
1176 481 1251 518 aut
1282 473 1404 533 quod
1429 471 1489 517 eis

94 548 331 595 videbatur
348 546 604 593 incredibile
620 581 632 603 ,
666 546 916 604 crederent;
940 561 1030 590 non
1064 554 1209 590 autem
1238 553 1290 588 ut
1310 553 1490 603 agerent

96 620 218 682 quod
239 619 460 681 agendum
475 621 566 680 jam
595 627 810 664 noverant
824 653 835 673 ,
860 627 904 662 et
921 633 1047 677 agere
1062 616 1288 662 nolebant.
1313 614 1384 660 Ad
1403 616 1491 660 hu-

90 691 284 753 jusmodi
316 706 509 752 namque
548 689 753 735 duritiam
784 688 1070 743 flectendam,
1112 687 1244 732 debet
1269 685 1491 746 granditer

97 762 204 807 dici.
233 765 345 808 Nam
368 771 412 806 et
431 760 583 806 laudes
605 770 649 805 et
675 759 1017 819 vituperationes
1035 757 1213 819 quando
1235 756 1493 817 eloquenter

96 832 330 888 dicuntur,
369 847 471 877 cum
498 832 582 876 sint
614 831 662 875 in
701 846 858 890 genere
890 839 1159 890 temperato,
1194 829 1254 873 sic
1292 828 1491 872 afficiunt

95 903 332 965 quosdam,
358 912 409 947 ut
431 918 521 947 non
551 901 693 947 solum
721 902 769 945 in
795 901 1001 946 laudibus
1023 911 1066 945 et
1094 899 1491 960 vituperationibus

90 973 344 1035 eloquentia
367 963 669 1028 delectentur,
695 987 849 1017 verum
873 982 916 1016 et
948 971 1028 1032 ipsi
1052 969 1334 1015 laudabiliter
1353 985 1491 1030 appe-

97 1053 191 1089 tant
208 1080 218 1100 ,
258 1044 521 1104 fugiantque
561 1041 911 1103 vituperabiliter
953 1043 1113 1086 vivere.
1156 1042 1241 1086 Sed
1274 1040 1493 1101 numquid

96 1131 246 1160 omnes
267 1115 344 1175 qui
365 1113 661 1169 delectantur,
687 1123 938 1168 mutantur,
963 1114 1074 1157 sicut
1094 1113 1141 1156 in
1159 1112 1313 1171 grandi
1335 1127 1492 1170 genere

96 1200 246 1231 omnes
272 1185 350 1246 qui
370 1185 632 1240 flectuntur,
659 1193 818 1243 agunt3
843 1193 886 1228 et
911 1184 957 1228 in
978 1183 1194 1228 submisso
1218 1197 1374 1242 genere
1396 1198 1493 1227 om-

96 1269 173 1299 nes
192 1255 269 1314 qui
293 1254 529 1310 docentur,
550 1254 714 1308 sciunt,
740 1261 814 1298 aut
846 1252 1034 1298 credunt
1060 1268 1215 1298 verum
1248 1267 1338 1298 esse
1370 1251 1492 1313 quod

96 1324 324 1370 nesciunt?

97 1481 593 1500 mmmmm
597 1481 668 1498 m
862 1481 876 1497 ἱ
880 1480 1375 1498 mmmmm
1378 1481 1445 1498 m
1449 1482 1489 1498 §fi

572 1591 790 1642 CAPUT
826 1594 983 1643 XXV.

106 1746 450 1810 Temperatum
481 1746 676 1794 dicendi
701 1765 854 1812 genus
890 1765 1030 1809 quem
1063 1750 1111 1795 in
1136 1751 1293 1812 finem
1318 1750 1494 1814 ηψπ-η’

712 1819 862 1866 decet.

158 1958 250 2001 LV.
278 1959 403 2002 UNDE
436 1955 657 2016 colligitur
683 1955 757 2001 illa
787 1956 876 2002 duo
900 1971 1055 2015 genera
1079 1936 1203 2018 quod
1220 1958 1396 2002 efficere
1417 1958 1488 2002 in-

58 2071 62 2074 ,
98 2027 308 2084 tendunt,
334 2029 418 2073 hoc
437 2028 496 2072 eis
518 2043 608 2072 esse
630 2028 815 2072 maxime
838 2029 1147 2085 necessarium,
1175 2030 1251 2090 qui
1273 2030 1489 2089 sapienter

98 2109 141 2145 et
161 2098 418 2161 eloquenter
433 2099 591 2144 volunt
606 2099 765 2144 dicere.
790 2099 907 2144 Illud
924 2116 1025 2145 vero
1043 2100 1162 2162 quod
1176 2102 1318 2160 agitur
1331 2117 1487 2161 genere

97 2180 336 2231 temperato
350 2207 361 2226 ,
399 2171 446 2214 id
476 2179 555 2226 est,
581 2180 630 2215 ut
648 2170 896 2231 eloquentia
929 2172 1018 2231 ipsa
1054 2171 1267 2227 delectet,
1300 2188 1389 2216 non
1424 2182 1487 2217 est

95 2251 274 2302 propter
294 2242 495 2301 seipsum
514 2241 816 2302 usurpandum
838 2278 848 2297 ,
875 2241 950 2286 sed
971 2253 1021 2287 ut
1043 2243 1173 2287 rebus
1196 2260 1295 2304 quae
1318 2243 1486 2288 utiliter

95 2314 365 2374 honesteque
382 2312 588 2357 dicuntur
605 2349 614 2367 ,
641 2313 674 2356 si
697 2328 776 2357 nec
794 2312 979 2357 docente
991 2313 1191 2373 indigent
1211 2314 1386 2375 eloquio
1404 2330 1484 2359 nec

98 2393 322 2439 movente,
347 2383 449 2444 quia
478 2393 520 2427 et
542 2383 723 2428 scientes
752 2393 795 2427 et
826 2382 1020 2428 faventes
1045 2383 1260 2429 auditores
1287 2385 1480 2436 habent3

98 2452 320 2514 aliquanto
336 2454 580 2513 promptius
598 2470 647 2497 ex
665 2452 951 2499 delectatione
965 2455 1055 2515 ipsa
1074 2453 1347 2510 elocutionis,
1366 2471 1485 2500 acce-

98 2522 172 2569 dat
196 2523 265 2568 vel
292 2524 484 2570 tenacius
506 2525 769 2570 adhaerescat
786 2541 994 2571 assensus.
1020 2528 1128 2571 Nam
1147 2542 1248 2571 cum
1267 2525 1485 2586 eloquen-
