1854 3219
395 168 476 207 450
807 183 839 209 s.
876 181 1106 210 Aucusrnvi
1140 185 1319 212 EPISCOPI

391 262 468 289 suo
486 260 640 302 genere
659 255 818 290 statum
836 282 846 302 ,
873 257 922 291 ut
940 263 1015 307 pci-
1035 265 1169 294 annos
1185 250 1473 310 quadraginta
1495 250 1615 296 nulla
1628 261 1775 297 vetus-

392 317 488 361 tatis
512 317 773 363 detrimenta
790 323 1070 379 paterentur?

386 475 1421 498 vwkumwwwmwwummmwwmmmwmmmumumw
1424 480 1779 500 mmmmm

866 601 1085 653 CAPUT
1130 604 1216 652 IV.

447 756 616 820 Quare
636 771 733 802 non
748 762 958 804 coierent
975 759 1125 819 primi
1134 766 1367 819 parentes
1388 760 1438 804 in
1453 756 1710 820 paradiso.

443 893 568 938 VIII.
587 895 683 940 Cun
704 909 808 955 ergo
826 909 916 940 non
937 897 1142 940 coierunt
1155 930 1166 951 ‚
1187 894 1269 940 nisi
1287 910 1389 940 cum
1407 895 1607 940 exiissent
1623 894 1679 940 de
1701 911 1782 956 pa-

384 964 556 1009 radiso?
578 965 676 1011 Cito
706 966 958 1027 responderi
989 975 1134 1026 potest
1155 985 1163 1011 :
1199 985 1220 1009 «
1245 967 1356 1020 Quia
1389 982 1492 1012 mox
1514 975 1658 1011 creata
1679 981 1781 1011 mu-

382 1033 503 1092 liere,
528 1037 648 1097 prius
665 1054 798 1099 quam
821 1041 1011 1094 coirent,
1034 1037 1148 1083 facta
1169 1047 1233 1082 est
1254 1037 1329 1082 illa
1342 1038 1638 1096 transgressio,
1656 1039 1782 1098 cujus

381 1108 536 1152 merito
559 1109 605 1153 in
625 1118 812 1153 mortem
834 1108 1061 1166 destinati,
1081 1110 1213 1154 etiam
1236 1108 1290 1154 de
1305 1108 1403 1154 loco
1426 1107 1541 1153 illius
1564 1108 1783 1153 felicitatis

384 1179 594 1224 exierunt.
631 1198 652 1221 »
684 1183 783 1226 Non
813 1181 930 1224 enim
955 1181 1177 1240 Scriptura
1197 1190 1368 1240 tempus
1391 1179 1620 1239 expressit,
1642 1195 1782 1240 quan-

386 1259 481 1294 tum
502 1249 751 1295 interfuerit
783 1251 898 1295 inter
919 1267 990 1296 eos
1030 1250 1167 1296 factos
1182 1287 1193 1307 ‚
1235 1260 1279 1295 et
1301 1266 1351 1295 ex
1376 1251 1436 1294 eis
1471 1260 1626 1295 natum
1651 1252 1779 1295 Cai'n.

386 1324 536 1367 Potest
553 1323 684 1367 etiam
706 1321 793 1367 dici
811 1359 822 1378 ,
848 1322 951 1384 quia
968 1322 1169 1368 nondum
1191 1326 1307 1367 Deus
1318 1323 1505 1383 jusserat
1525 1331 1576 1366 ut
1593 1325 1778 1366 coirent.

387 1395 478 1438 Cur
494 1394 610 1438 enim
625 1409 716 1439 non
737 1393 793 1438 ad
804 1394 917 1438 hanc
931 1410 1022 1438 rem
1038 1393 1186 1439 divina
1205 1402 1506 1455 expectaretur
1524 1392 1756 1438 auctoritas
1767 1427 1779 1448 ‚

386 1464 465 1508 ubi
486 1463 608 1509 nulla
641 1465 993 1525 concupiscentia
1014 1474 1227 1526 tanquam
1256 1463 1457 1509 stimulus
1491 1463 1783 1509 inobedientis

383 1537 523 1581 carnis
548 1537 764 1596 urgebat?
789 1536 894 1581 Ideo
913 1545 1059 1581 autem
1081 1537 1165 1581 hoc
1197 1552 1287 1581 non
1304 1537 1491 1597 jusserat
1513 1540 1654 1592 Deus,
1680 1535 1782 1596 quia

383 1607 629 1652 seeundum
652 1624 775 1652 suam
806 1608 1122 1668 praescientiam
1147 1607 1408 1668 disponebat
1435 1608 1604 1663 onmia⁷
1629 1608 1673 1651 111
1696 1623 1783 1668 qua

385 1689 429 1723 et
457 1695 608 1724 60111111
628 1694 775 1723 casum
790 1679 946 1738 procul
965 1678 1100 1722 dubio
1123 1678 1396 1738 praesciebat,
1416 1679 1535 1724 unde
1552 1680 1645 1739 jam
1665 1693 1783 1723 mor-

390 1749 474 1795 tale
493 1766 628 1810 genus
651 1749 986 1811 propagandum
1010 1758 1120 1794 esset
1142 1749 1405 1795 humanum:

385 1919 884 1937 mmmmmrvvumm
889 1917 1778 1935 wmtvwmmmwmwmmvuwwxmmwmwmw

929 2042 1148 2092 CAPUT
1184 2043 1245 2092 V.

381 2189 564 2238 Mulier
568 2191 725 2255 facta
757 2191 807 2236 in
824 2187 1121 2251 adjutoriam
1142 2204 1238 2234 non
1275 2186 1379 2233 alia
1411 2200 1564 2245 “qaam
1602 2183 1780 2232 sobolis

996 2276 1166 2306 caasa.

444 2400 524 2444 IX.
550 2401 645 2443 Am
673 2397 708 2443 si
729 2396 885 2442 adhoc
908 2395 1180 2457 adjutorium
1210 2393 1416 2454 gignendi
1439 2392 1551 2437 filios
1563 2428 1579 2449 ,
1605 2407 1695 2436 non
1717 2400 1782 2436 est

384 2470 500 2516 saeta
520 2470 676 2515 mulier
705 2470 798 2514 viro
815 2505 825 2525 ,
855 2467 910 2512 ad
937 2467 1058 2528 quod
1084 2481 1187 2526 ergo
1211 2464 1477 2525 adjutorium
1501 2462 1614 2508 facta
1636 2464 1731 2507 est?
1748 2462 1782 2506 si

384 2560 484 2605 quac
505 2541 637 2588 simul
658 2550 913 2602 operaretur
934 2549 1095 2585 terram
1113 2560 1124 2598 3
1152 2536 1353 2583 nondum
1375 2545 1468 2581 erat
1487 2535 1612 2581 labor
1629 2543 1679 2580 ut
1698 2533 1780 2579 ad-
