1854 3219
345 185 398 210 DE
431 181 639 211 noonNA
671 181 922 209 cnmsrrnma
955 182 1037 209 Lm.
1074 182 1133 207 1v.
1372 170 1425 207 97

50 267 72 291 »
106 251 279 303 Quanta
306 248 401 292 haec
422 247 609 292 amentia
624 282 635 303 ‚
660 247 849 306 effigiem
871 256 1040 291 mutare
1065 254 1254 299 naturae,
1282 245 1429 304 pictu-

49 337 71 361 »
106 335 198 364 ram
214 333 407 379 quaerere
427 337 436 363 ε
456 327 500 362 et
520 317 627 362 dum
642 326 850 362 verentur
863 316 1059 361 maritale
1070 316 1286 377 judicium
1298 351 1308 371 ,
1327 331 1431 375 pro-

51 407 72 431 »
108 388 210 433 dere
241 390 398 434 suum?
431 387 553 433 Prior
575 387 691 432 enim
713 387 767 431 de
795 402 839 431 se
870 388 1146 447 pronuntiat,
1184 403 1284 447 quae
1311 387 1434 447 cupit

50 477 71 502 )›
106 455 274 504 mutare
291 458 412 520 quod
427 467 526 503 nata
543 467 607 502 est
625 477 634 502 :
651 458 710 503 ita
728 457 836 502 dum
854 457 926 502 alii
942 457 1088 502 studet
1103 457 1296 517 plaeere,
1315 458 1434 517 prius

51 548 71 572 »
106 530 198 590 ipsa
210 529 292 574 sibi
311 529 523 590 displicet.
541 531 682 582 Quem
700 527 910 589 judicem,
935 528 1105 584 mulier,
1125 529 1338 573 veriorem
1362 543 1433 572 re-

53 620 71 642 »
106 600 329 661 quiremus
350 598 635 644 deformitatis
654 608 741 643 tuae
756 634 767 654 ,
785 615 917 660 quam
935 608 978 642 te
995 599 1132 659 ipsam
1148 634 1158 654 ‚
1177 616 1276 659 quae
1297 599 1436 643 videri

51 688 72 713 >›
106 671 262 716 times?
281 671 324 717 Si
340 670 524 730 pulchra
536 685 601 726 es,
620 686 698 715 cur
716 670 1018 714 absconderis?
1039 670 1081 715 Si
1101 669 1306 714 deformis
1324 705 1334 725 ,
1357 685 1436 714 cur

52 759 72 784 »
106 751 150 786 te
171 740 405 787 formosam
438 757 528 786 esse
549 741 743 785 mentiris
759 777 770 796 ‚
796 757 876 785 nec
898 751 985 785 tuae
1015 741 1289 786 conscientiae
1308 776 1318 796 ‚
1356 756 1436 785 nec

51 830 72 853 »
106 811 234 856 alieni
256 813 436 870 gratiam
466 812 620 856 erroris
640 811 873 856 habitura?
894 811 974 861 Ille
997 813 1113 856 enim
1131 812 1311 856 alteram
1334 810 1436 855 dili—-

52 899 72 923 »
108 883 189 942 git,
215 891 265 927 tu
286 881 409 926 alteri
427 882 490 927 vis
512 882 681 942 placere
708 902 716 927 :
742 892 786 926 et
808 882 999 926 irasceris
1021 883 1055 926 si
1085 892 1200 927 amet
1231 883 1437 938 alteram,

53 972 73 994 »
107 954 184 1014 qui
214 953 458 998 adulterare
480 954 525 997 in
548 963 590 997 te
611 953 807 998 docetur.
839 953 954 999 Mala
977 953 1180 1012 magistra
1204 969 1246 998 es
1269 953 1440 1013 injuriae

51 1043 72 1067 >›
107 1034 210 1069 tuae.
235 1025 493 1069 Lenocinari
515 1025 630 1069 enim
653 1024 839 1083 refugit,
865 1025 996 1070 etiam
1018 1042 1116 1085 quae
1142 1034 1206 1069 est
1230 1041 1351 1084 passa
1374 1023 1440 1067 lc-

21 1149 25 1151 ,
52 1113 73 1136 »
115 1111 275 1141 nonem
298 1116 306 1140 ε
333 1112 381 1140 ac
399 1095 500 1140 licet
519 1095 613 1140 vilis
635 1096 808 1151 mulier,
833 1112 923 1140 non
937 1095 1061 1140 alteri
1080 1105 1246 1151 tamen7
1268 1095 1341 1140 sed
1360 1095 1442 1139 sibi

53 1184 73 1207 »
108 1176 272 1226 peccat.
293 1165 604 1211 Tolerabiliora
617 1167 937 1227 propemodum
960 1168 1006 1211 in
1030 1167 1246 1212 adulterio
1262 1167 1443 1210 crimina

53 1255 74 1278 υ
109 1247 239 1282 sunt:
279 1238 340 1281 ibi
369 1238 484 1281 enim
514 1238 749 1297 pudicitia,
784 1239 855 1281 hic
883 1248 1039 1282 natura
1070 1238 1388 1283 adulteratur1.
1419 1258 1439 1282 >›

53 1307 162 1352 Satis
178 1343 189 1363 ,
207 1317 257 1352 ut
280 1307 501 1364 existimo,
521 1317 700 1368 apparet
723 1307 924 1352 foeminas
937 1344 947 1363 ,
968 1325 1022 1352 nc
1045 1325 1166 1353 suam
1189 1310 1300 1354 fucis
1319 1310 1446 1354 adul-

50 1387 193 1422 terent
208 1376 411 1433 formam,
428 1388 471 1422 et
489 1378 545 1422 ad
562 1378 779 1438 pudorem
795 1388 838 1422 et
853 1379 909 1422 ad
929 1380 1124 1423 timorem
1142 1381 1223 1424 hac
1238 1379 1447 1427 facundia

50 1449 332 1493 vehementer
362 1448 543 1508 impelli.
575 1449 762 1493 Proinde
793 1465 937 1510 neque
971 1451 1233 1495 submissum
1251 1487 1261 1506 ,
1301 1468 1447 1513 neque

52 1528 371 1579 temperatum,
404 1518 480 1563 sed
511 1518 673 1577 grande
695 1521 875 1565 omnino
905 1536 1038 1579 genus
1069 1523 1154 1567 hoc
1188 1523 1445 1568 elocutionis

52 1590 340 1650 agnoscimus.
363 1593 421 1635 Et
437 1590 484 1634 in
497 1590 563 1635 his
579 1600 724 1635 autem
741 1608 850 1652 quos
869 1592 976 1637 duos
990 1610 1042 1637 ex
1056 1594 1260 1639 omnibus
1280 1611 1445 1655 propo-

53 1676 156 1705 nere
169 1661 305 1717 volui,
321 1670 365 1705 et
385 1660 432 1704 in
446 1660 538 1705 aliis
556 1661 852 1707 ecclesiasticis
869 1664 968 1708 viris
981 1674 1024 1708 et
1040 1664 1171 1720 bona,
1194 1675 1237 1709 et
1253 1666 1382 1721 benc,
1398 1666 1447 1710 id

55 1740 135 1787 est,
156 1730 267 1776 sicut
288 1747 354 1776 res
371 1731 565 1792 postulat
580 1767 590 1787 ‚
610 1742 757 1787 acute,
780 1744 952 1789 ornate,
979 1734 1269 1796 ardenterque
1291 1736 1445 1781 dicen-

0 1851 1 1871 ζ
55 1801 199 1857 tibus,
233 1817 310 1862 per
341 1801 481 1847 multa
515 1818 667 1847 eorum
701 1804 859 1864 scripta
891 1805 960 1848 vel
989 1804 1105 1850 dicta
1138 1816 1320 1866 possunt
1352 1809 1446 1852 haec

0 1924 2 1995 ῑ

0 2014 4 2132 l

1 2176 4 2194 ⁴.

3 2200 5 2216 l

2 2223 6 2294 ἓ

3 2298 7 2334 l

4 2339 6 2381 l

55 1868 138 1916 tria
155 1887 311 1930 genera
328 1872 527 1933 reperiri,
548 1882 590 1917 et
604 1873 774 1918 assidua
794 1873 980 1920 lectione
996 1876 1066 1921 vel
1089 1878 1338 1934 auditione,
1366 1877 1446 1923 ad-

55 1941 190 1987 mixta
211 1942 342 1988 etiam
363 1943 666 1989 exercitatione
682 1979 694 2001 ,
720 1945 999 1991 studentibus
1021 1947 1272 1995 inolescere.

102 2057 112 2075 ¹
130 2054 204 2086 Haec
217 2056 292 2086 sunt
304 2064 343 2086 ex
356 2052 522 2087 Ambrosio
539 2054 707 2099 desumpta
722 2054 777 2089 lib.
792 2066 802 2088 ι
814 2082 823 2099 ‚
838 2056 878 2088 de
891 2056 1084 2100 Virginibus

277 2595 384 2625 exn.
1264 2595 1287 2632 7
