1854 3219
270 214 339 250 *DE
371 213 523 241 GENESI
554 210 611 239 AD
643 210 886 250 LITTEnAM‚
922 214 1004 239 Lm.
1040 213 1117 240 vn.
1315 201 1400 239 379

19 293 122 324 cum
141 278 226 323 hoc
246 277 302 323 ab
319 293 370 323 eo
391 276 562 332 defluit,
582 276 701 321 unde
723 277 865 321 anima
882 278 946 321 fit.
971 280 1069 323 Non
1090 287 1155 322 est
1176 277 1291 322 enim
1309 293 1402 322 cor-

18 365 120 410 pus,
145 357 196 399 ut
216 358 425 411 tanquam
441 346 685 393 exhalando
702 348 941 393 minuatur.

24 504 1221 528 mmwmxmmmmmmnmwmwm
1226 506 1401 524 ἋΛῚΜΜΜ

517 629 742 679 CAPUT
778 631 876 679 IX¹.

17 770 194 831 Neque
215 770 353 818 illam
378 773 632 819 materiem
658 787 760 816 esse
781 770 1048 832 quamdam
1072 769 1404 818 irrationalem

594 859 828 889 ammam.

75 982 180 1027 XII.
203 983 249 1028 S1
271 989 417 1026 autem
438 979 581 1026 anima
596 981 876 1037 irrationalis,
906 981 1108 1026 materies
1128 990 1193 1026 est
1214 980 1406 1041 quodam

15 1052 166 1108 modo,
185 1052 241 1098 de
262 1068 351 1114 qua
370 1053 422 1097 fit
442 1053 586 1098 anima
606 1053 844 1109 rationalis⁷
868 1053 914 1098 id
931 1061 1010 1109 est,
1031 1054 1239 1108 humana,
1260 1068 1407 1097 rursus

15 1125 226 1185 quaeritur
248 1125 378 1169 etiam
405 1125 497 1184 ipsa
519 1125 774 1170 irrationalis
798 1123 916 1169 unde
940 1125 1042 1183 fiat3
1066 1125 1169 1185 quia
1197 1134 1240 1168 et
1268 1125 1405 1184 ipsam

13 1210 106 1240 ⁴non
124 1195 229 1240 facit
255 1195 336 1239 nisi
355 1204 524 1239 creator
547 1196 745 1240 omnium
763 1205 1034 1240 naturarum.
1056 1199 1126 1240 An
1148 1194 1221 1238 illa
1243 1195 1298 1239 de
1320 1210 1408 1238 ma-

15 1265 122 1310 terie
138 1265 378 1325 corporali?
395 1268 484 1310 Cur
506 1282 596 1310 non
617 1282 720 1325 ergo
735 1276 778 1310 et
790 1266 896 1310 ista?
911 1267 1000 1311 Nisi
1018 1266 1132 1311 forte
1150 1265 1270 1326 quod
1287 1265 1408 1310 velut

17 1335 230 1396 gradatim
253 1336 346 1380 fieri
367 1336 644 1390 conceditur,
665 1336 928 1396 compendio
957 1353 1080 1397 posse
1102 1341 1242 1381 Deum
1265 1335 1408 1380 facere

16 1408 248 1470 quisquam
269 1408 462 1466 negabit.
490 1409 678 1453 Proinde
700 1408 911 1469 quaelibet
927 1408 1186 1452 adhibeatur
1210 1408 1407 1467 interpo-

9 1480 137 1535 sitio,
161 1479 196 1524 si
222 1494 379 1540 corpus
399 1489 465 1523 est
489 1480 689 1524 materies
712 1481 869 1524 animae
890 1479 1172 1534 irrationalis,
1194 1490 1237 1524 et
1264 1479 1408 1524 anima

16 1549 277 1595 irrationalis
300 1558 365 1594 est
394 1549 595 1594 materies
624 1549 781 1594 animae
812 1550 1054 1605 rationalis,
1086 1549 1241 1609 procul
1271 1549 1408 1594 dubio

18 1637 176 1682 corpus
208 1629 273 1665 est
303 1620 503 1664 materies
544 1620 701 1664 animae
741 1619 977 1664 rationalis.
1021 1619 1151 1674 Quod
1190 1621 1410 1664 neminem

17 1707 215 1751 unquam
235 1691 326 1736 scio
340 1705 496 1735 ausum
511 1705 602 1734 esse
620 1691 795 1746 sentire,
813 1691 894 1734 nisi
908 1691 984 1751 qui
1001 1700 1046 1735 et
1062 1691 1198 1750 ipsam
1221 1691 1409 1735 animam

18 1763 192 1808 nonnisi
212 1762 258 1806 in
283 1776 440 1821 genere
463 1760 644 1822 alicujus
666 1762 859 1822 eorporis
881 1763 1020 1822 ponit.

76 1835 204 1878 XIII.
223 1832 390 1877 Deinde
411 1832 655 1877 cavendum
672 1842 750 1888 est,
775 1848 831 1878 ne
853 1832 1058 1894 quaedam
1080 1832 1303 1877 translatio
1320 1833 1410 1876 ani-

19 1916 104 1949 mae
124 1903 218 1948 fieri
235 1920 259 1948 a
277 1919 435 1964 pecore
451 1903 498 1947 in
515 1903 741 1948 hominem
761 1919 886 1963 posse
899 1903 1117 1959 credatur,
1133 1903 1276 1964 (quod
1296 1903 1412 1948 veri-

20 1976 98 2020 tati
114 1975 305 2036 fideique
321 1974 547 2019 catholicae
569 1976 748 2020 omnino
765 1976 1034 2020 contrarium
1057 1978 1163 2034 est,)
1180 1976 1214 2020 si
1237 1991 1410 2021 conoes-

21 2047 201 2091 serimus
220 2045 515 2090 irrationalem
538 2048 727 2092 animam
747 2046 884 2093 veluti
912 2047 1138 2091 materiem
1162 2048 1408 2107 subjacere,

21 2117 141 2162 unde
157 2117 376 2162 rationalis
399 2118 542 2162 anima
561 2119 663 2173 fiat,
684 2119 743 2162 sic
765 2119 882 2162 enim
899 2118 989 2173 fiet,
1014 2127 1065 2162 ut
1083 2118 1117 2161 si
1138 2119 1232 2162 haec
1254 2119 1300 2162 in
1317 2134 1412 2162 me-

22 2188 106 2233 lius
134 2197 426 2244 commutata,
460 2188 542 2232 erit
574 2189 791 2246 hominis3
825 2189 899 2233 illa
935 2204 1113 2250 quoque
1143 2189 1189 2232 in
1223 2189 1414 2233 deterius

24 2268 312 2315 commutata,
353 2259 407 2303 sit
444 2260 624 2320 peeoris.
663 2263 725 2303 De
757 2276 846 2320 quo
885 2259 1077 2305 ludibrio
1119 2260 1412 2321 quorumdam

25 2330 385 2390 philosophorum
412 2331 542 2375 etiam
570 2346 722 2375 eorum
744 2331 904 2390 posteri
921 2331 1217 2386 erubuerunt,
1240 2347 1320 2376 nec
1343 2347 1416 2375 eos

25 2401 109 2446 hoc
133 2402 331 2455 sensisse,
358 2401 432 2445 sed
455 2417 545 2446 non
576 2410 691 2445 recte
714 2401 957 2446 intellectos
990 2417 1079 2446 esse
1113 2401 1330 2446 dixerunt.
1357 2405 1415 2445 Et

75 2505 85 2521 ¹
110 2499 214 2541 Caput
240 2508 294 2539 ix,
327 2498 358 2530 in
391 2498 505 2540 editis,
526 2498 713 2541 principium
731 2497 830 2530 habet
860 2500 1003 2541 superius
1024 2512 1029 2529 ι
1058 2500 1138 2532 Νοη
1162 2506 1215 2530 est
1231 2500 1317 2530 em'm
1337 2509 1415 2529 cor-

26 2565 111 2598 pus,
131 2558 197 2586 etc.
