1854 3219
367 224 419 249 DE
451 223 600 250 GENESI
631 222 686 250 AD
719 222 963 262 LITTERAM,
1000 226 1081 251 Lm.
1119 225 1161 250 x.
1366 212 1449 252 477

70 301 141 331 sex
173 285 343 331 dierum
364 287 567 348 operibus
592 288 716 333 nullo
746 289 878 334 modo
907 305 996 334 esse
1017 289 1183 335 sactum
1203 290 1451 348 hominem,

65 365 142 401 aut
177 358 366 417 corporis
402 358 583 402 humani
623 359 839 403 causalem
883 360 1095 404 rationem
1143 360 1448 405 tantummodo

64 426 250 484 factam,
286 428 441 473 animae
480 437 627 473 autem
659 428 853 485 nullam,
892 446 992 474 cum
1028 431 1172 490 potius
1205 430 1448 475 secundum

63 497 202 557 ipsam
234 498 289 543 sit
315 499 448 544 homo
482 498 538 543 ad
570 499 805 559 imaginem
833 501 910 544 Dei
937 519 945 545 z
977 510 1053 545 aut
1085 510 1200 545 certe
1236 502 1315 545 etsi
1357 517 1448 547 non

62 569 363 615 contra'verba
387 570 620 630 Scripturae
654 579 800 631 aperte
824 572 961 631 posita
976 607 986 627 ,
1013 582 1159 616 tamen
1190 571 1300 615 dure
1320 581 1451 632 atque

62 639 393 684 intolerabiliter
410 640 673 697 diceremus,
691 640 763 686 vel
779 641 825 685 in
847 657 896 686 ea
914 651 1111 686 creatura
1124 640 1326 701 spiritali,
1352 659 1451 702 quae

63 710 120 754 ad
152 710 236 755 hoc
273 711 581 757 tantummodo
610 720 754 757 creata
786 721 917 768 esset,
947 711 1107 757 factam
1133 712 1263 756 fuisse
1293 712 1449 756 animae

61 780 266 825 humanae
295 782 529 838 rationem,
559 798 660 827 cum
689 783 779 842 ipsa
809 791 1028 838 creatura,
1057 783 1103 827 in
1125 799 1211 843 qua
1233 783 1312 827 ista
1342 783 1450 827 ratio

61 849 174 895 facta
187 850 419 908 diceretur,
436 868 526 897 non
546 862 956 898 commemoraretur
974 854 1020 897 in
1035 854 1239 912 operibus
1258 854 1334 897 Dei
1350 875 1360 911 3
1379 853 1450 897 vel

60 920 106 964 in
121 920 266 983 aliqua
280 932 474 967 creatura
488 958 499 978 ,
520 939 619 983 quae
635 923 680 967 in
694 923 778 968 illis
793 933 1206 968 commemoraretur
1223 923 1446 983 operibus,

60 990 222 1037 iactam
238 992 450 1038 rationem
465 993 636 1049 animae,
653 993 834 1038 velutin
849 994 1117 1049 hominibus,
1135 995 1211 1054 qui
1221 995 1312 1054 jam
1327 1003 1445 1047 sunt,

60 1063 174 1108 facta
202 1064 310 1109 ratio
339 1065 445 1109 latet
471 1063 819 1123 generandorum
844 1064 1064 1109 filiorum:
1091 1080 1139 1109 ac
1168 1066 1226 1108 sic
1257 1080 1350 1108 eam
1379 1063 1448 1108 vel

58 1134 326 1194 Angelorum
341 1134 492 1191 filiam,
505 1135 574 1179 vel
591 1134 712 1196 quod
729 1145 792 1180 est
813 1135 1144 1192 intolerabilius,
1160 1135 1339 1196 alicujus
1362 1135 1449 1180 ele-

59 1205 198 1250 menti
220 1205 417 1266 corporei
437 1204 726 1250 crederemus.

59 1362 690 1380 WUWWWWWMMMm1WU¹W½¹mA
695 1361 1400 1380 mmmmmmmmmfflm
1404 1361 1450 1378 W

573 1484 789 1534 CAPUT
828 1488 925 1533 HI.

298 1632 511 1696 Originis
529 1634 806 1678 animarum
829 1631 1005 1692 triplex
1022 1631 1205 1677 modas.

116 1770 192 1812 IV.
217 1769 301 1812 SED
315 1782 434 1810 nunc
455 1767 490 1810 si
506 1765 564 1810 ob
581 1767 665 1810 1100
681 1765 836 1809 mulier
852 1781 940 1810 non
958 1766 1012 1809 de
1030 1767 1137 1821 viro,
1157 1765 1231 1810 sed
1249 1766 1444 1810 similiter

57 1848 105 1883 ut
135 1836 208 1881 ille
225 1873 236 1893 ,
270 1853 294 1882 a
326 1840 417 1882 Deo
444 1836 605 1881 factam
637 1836 827 1880 animam
849 1837 1051 1880 asseritur
1074 1837 1284 1895 accepisse
1301 1872 1311 1890 ,
1343 1838 1443 1896 quia

49 1909 238 1970 singulas
260 1907 438 1968 singulis
463 1911 577 1952 Deus
600 1907 723 1963 facit,
753 1923 842 1952 non
870 1917 960 1952 erat
982 1906 1094 1951 facta
1116 1908 1160 1950 in
1182 1906 1266 1951 illis
1294 1907 1444 1967 primis

51 1981 259 2041 operibus
289 1980 431 2024 anima
459 1977 652 2023 foeminae
680 1997 688 2022 ε
726 1988 801 2022 aut
836 1979 869 2022 si
889 1978 1099 2037 generalis
1125 1978 1321 2023 omnium
1350 1979 1444 2022 ani-

51 2067 223 2098 marum
251 2052 360 2096 ratio
390 2049 502 2094 sacta
536 2050 701 2104 fuerat,
727 2050 840 2108 sicut
860 2050 905 2093 in
927 2050 1178 2094 hominibus
1206 2050 1314 2094 ratio
1346 2050 1442 2108 gig-

52 2123 210 2179 nendi,
235 2121 400 2166 reditur
424 2120 479 2164 ad
498 2120 608 2164 illud
631 2119 791 2164 durum
822 2136 870 2164 ac
895 2119 1128 2165 molestum
1143 2156 1153 2176 ,
1179 2130 1230 2164 ut
1256 2120 1326 2164 vel
1351 2124 1443 2164 An-

51 2194 271 2253 gelorum,
295 2191 366 2238 vel
382 2192 503 2253 quod
522 2190 868 2248 indignissimum
893 2200 977 2245 est,
1003 2190 1103 2234 coeli
1125 2191 1347 2251 corporei,
1374 2189 1443 2234 vel

47 2265 227 2327 alicujus
254 2265 385 2309 etiam
411 2261 624 2307 inferioris
652 2260 855 2306 elementi
879 2262 985 2305 filias
1016 2262 1178 2306 animas
1217 2262 1445 2306 hominum

52 2354 141 2383 esse
163 2337 374 2382 dicamus.
399 2337 461 2380 Ac
481 2349 558 2394 per
589 2333 672 2376 1100
702 2331 940 2377 videndum
969 2341 1058 2387 est,
1091 2333 1169 2376 etsi
1195 2332 1302 2377 latet
1332 2331 1440 2392 quid

50 2425 204 2454 veri-im
225 2408 300 2463 sit,
320 2407 430 2468 quid
450 2404 603 2450 saltem
620 2401 885 2447 tolerabilius
906 2403 991 2448 dici
1007 2404 1164 2463 possit,
1184 2413 1333 2448 utrum
1352 2403 1436 2447 hoc

49 2481 172 2542 quod
191 2477 323 2525 modo
337 2478 426 2523 dixi
445 2497 453 2522 :
471 2493 526 2522 an
547 2475 594 2520 in
607 2473 690 2519 illis
706 2475 855 2534 primis
872 2475 949 2520 Dei
966 2475 1169 2536 operibus
1185 2490 1319 2520 unam
1339 2474 1433 2517 ani-

49 2567 164 2597 mam
186 2549 315 2612 primi
341 2548 535 2594 hominis
567 2545 748 2605 saetam,
779 2544 834 2591 de
862 2547 986 2607 cujus
1021 2546 1256 2607 propagine
1284 2560 1434 2591 omnes
