1854 3219
376 167 457 206 304
806 175 838 201 s.
875 175 1103 202 ,incusum
1140 175 1318 202 episcopt

375 242 482 286 mihi
514 239 688 283 videtur
725 239 823 283 idco
862 239 1073 298 posuisse,
1108 247 1158 283 ut
1193 238 1507 298 significantius
1543 239 1764 283 intimaret

377 327 512 372 quem
534 310 651 354 diem
679 309 1065 365 commendaverit,
1091 309 1211 370 quod
1224 310 1305 364 ait,
1336 328 1356 351 «
1380 311 1494 354 Cum
1526 306 1665 353 factus
1702 317 1767 353 est

380 400 400 423 »
436 380 542 425 dies.
577 398 597 421 »
629 379 727 425 Cito
758 379 875 423 enim
911 380 1142 441 quisquam
1172 388 1348 439 putaret
1379 379 1498 423 hunc
1520 377 1638 423 diem
1659 378 1768 423 lucis

377 467 598 511 corporeae
622 450 1000 507 commendatum,
1026 467 1114 512 quo
1137 453 1437 495 circumeunte
1459 449 1584 495 nobis
1606 449 1771 494 vicissi-

381 522 487 568 tudo
523 521 669 567 diurni
700 522 994 583 nocturnique
1028 522 1235 582 temporis
1269 522 1515 566 exhibetur.
1552 519 1637 566 Sed
1670 536 1771 566 cum

378 602 680 639 creaturarum
711 592 990 638 conditarum
1021 593 1219 638 ordinem
1249 591 1500 647 recolimus,
1530 600 1575 636 et
1600 591 1771 637 inveni-

379 681 476 710 mus
499 679 628 710 omne
661 663 798 708 viride
822 665 911 722 agri
944 664 1072 709 tertio
1104 662 1174 708 die
1207 672 1425 719 creatum,
1452 671 1688 724 antequam
1709 662 1772 707 sol

379 738 526 794 fieret,
551 735 628 796 qui
651 744 808 795 quarto
825 735 896 779 die
918 734 1058 780 factus
1076 744 1163 790 est,
1189 735 1312 795 cujus
1332 734 1564 795 praesentia
1586 733 1678 778 dies
1695 733 1775 778 iste

381 805 666 868 quotidianus
708 806 982 868 usitatusque
1023 805 1274 866 peragitur3
1318 805 1498 867 quando
1539 804 1772 851 audimus:

386 898 407 920 «
443 880 557 923 Cum
586 877 726 923 factus
755 887 819 922 est
840 877 952 934 dies,
983 877 1088 922 fecit
1114 880 1228 922 Deus
1256 876 1422 922 coelum
1453 886 1497 922 et
1530 886 1713 933 terram,
1733 885 1778 922 et

386 967 407 989 »
443 964 574 994 omne
597 947 733 993 viride
761 948 874 1008 agri,
899 967 919 990 >›
945 947 1233 993 admonemur
1261 947 1316 993 de
1344 948 1437 1008 ipso
1464 947 1534 992 die
1562 947 1775 1007 cogitare,

382 1035 516 1079 quem
550 1020 639 1064 sive
669 1018 939 1080 corporalem
972 1019 1116 1064 nescio
1144 1035 1231 1080 qua
1257 1018 1356 1063 luce
1384 1018 1510 1064 nobis
1531 1018 1775 1078 incognita,

382 1090 470 1134 sive
495 1090 731 1150 spiritalem
754 1091 800 1134 in
822 1091 1028 1135 societate
1057 1090 1236 1135 unitatis
1259 1089 1489 1149 angelicae,
1521 1105 1610 1134 non
1635 1098 1778 1134 tamen

385 1160 517 1205 talem
551 1161 728 1222 qualem
772 1161 842 1206 hic
875 1161 1098 1217 novimus,
1135 1160 1364 1206 intellectu
1398 1160 1610 1220 vestigare
1645 1176 1780 1206 cone-

385 1246 500 1275 mur.

388 1375 1032 1392 mmmmmmmmmwmwwu
1038 1373 1781 1391 mmmmmmmmmmm

902 1492 1119 1546 CAPUT
1159 1498 1250 1543 ΙΙΙ.

390 1641 442 1687 E
444 1658 480 1686 a*
492 1640 793 1687 narracionis
810 1638 978 1686 ordine
991 1639 1276 1703 intellegitur
1289 1641 1453 1686 omnia
1465 1638 1610 1685 simul
1617 1649 1787 1685 creata

981 1711 1163 1774 sitisse.

451 1848 504 1890 V.
533 1848 668 1890 ILLUD
701 1846 831 1890 etiam
866 1860 957 1890 non
989 1845 1045 1889 ab
1066 1850 1125 1889 ‘re
1156 1844 1289 1889 fuerit
1315 1845 1500 1902 intueri,
1532 1845 1654 1907 quod
1685 1861 1788 1891 cum

393 1925 538 1976 posset
557 1915 727 1961 dicere:
753 1935 773 1958 «
797 1916 879 1961 Hic
904 1924 968 1960 est
982 1914 1095 1959 liber
1115 1924 1328 1960 creaturae
1345 1915 1447 1960 coeli
1465 1926 1509 1962 et
1526 1925 1669 1973 terrae,
1685 1931 1787 1962 cum

397 2007 417 2029 «
453 1986 561 2031 iecit
580 1991 694 2031 Deus
709 1987 873 2032 coelum
887 1996 930 2030 ct
946 1995 1123 2043 terram,
1144 2005 1165 2027 ν
1184 1995 1234 2030 ut
1247 1986 1293 2031 in
1314 1987 1430 2032 coelo
1447 1997 1490 2032 et
1501 1996 1614 2032 terra
1624 1987 1788 2033 intelli-

394 2073 592 2116 geremus
616 2057 835 2119 quidquid
856 2058 898 2102 in
922 2057 981 2101 eis
1004 2067 1089 2113 est,
1110 2058 1222 2103 sicut
1241 2057 1365 2118 loqui
1394 2058 1541 2103 divina
1567 2059 1791 2120 Scriptura

394 2129 642 2185 consuevit,
663 2139 714 2174 ut
741 2129 917 2173 nomine
944 2127 1044 2173 coeli
1067 2137 1111 2173 ct
1138 2138 1264 2173 terrae
1293 2128 1548 2189 saepissime,
1569 2129 1791 2174 interdum

393 2197 542 2243 addito
561 2209 604 2243 ct
622 2199 766 2255 maris,
788 2198 1036 2244 universam
1058 2199 1249 2243 insinuet
1268 2208 1530 2255 creaturam,
1550 2199 1791 2260 aliquando

395 2261 636 2329 adjungens
653 2279 695 2313 et
717 2269 885 2314 dicens:
917 2289 936 2311 «
959 2272 1014 2313 Et
1038 2285 1137 2330 quoe
1161 2270 1326 2315 suntin
1348 2270 1432 2315 eis:
1461 2288 1481 2312 »
1502 2279 1553 2314 ut
1571 2270 1793 2332 quidquid

395 2340 554 2384 horum
577 2339 754 2395 diceret,
776 2339 837 2383 ibi
858 2339 1198 2398 intelligeremus
1218 2350 1261 2385 et
1283 2340 1416 2397 dlem,
1441 2341 1530 2386 sive
1552 2358 1686 2403 quem
1708 2341 1794 2402 pri-

396 2410 528 2456 mitus
560 2409 779 2467 condidit,
807 2410 894 2456 sive.
927 2410 1057 2455 istum
1090 2427 1223 2471 quem
1256 2412 1489 2472 praesentia
1524 2412 1626 2458 solis
1663 2411 1790 2458 fecit:

446 2515 453 2532 ¹
476 2508 557 2542 rsal.
571 2519 664 2551 cxw,
685 2508 718 2541 6.
