1854 3219
377 121 459 160 334
807 128 840 156 s.
877 128 1107 158 Aucusnm
1140 129 1321 157 131>1scoi³1

375 201 492 257 Ergo
506 207 549 241 et
569 211 715 240 semen
734 210 784 240 ex
806 196 958 241 arbore
974 232 984 252 ‚
1006 205 1048 241 et
1070 197 1198 241 arbor
1215 211 1267 239 ex
1290 195 1452 239 semine
1466 228 1477 250 ,
1497 204 1541 239 et
1563 194 1691 240 arbor
1709 210 1760 239 ex

377 270 544 314 arbore.
587 270 744 312 Semen
774 275 920 311 autem
943 283 994 311 ex
1012 269 1174 312 semine
1197 266 1320 311 nullo
1341 265 1488 320 modo,
1514 266 1596 311 nisi
1633 267 1762 310 arbor

376 337 635 382 interveniat
670 337 804 397 prius.
840 337 983 382 Arbor
1007 353 1106 383 vero
1128 353 1181 382 ex
1212 337 1387 393 arbore,
1411 336 1578 381 etiamsi
1611 351 1760 381 semen

377 425 466 454 non
490 408 763 454 interveniat.
803 407 990 453 Alternis
1030 409 1161 468 igitur
1182 408 1525 453 successionibus
1575 406 1760 452 alterum

378 496 428 523 cx
453 478 610 534 altero,
655 477 731 523 sed
766 487 1002 540 utrumque
1034 495 1084 522 ex
1127 488 1263 534 terra,
1299 494 1379 523 nec
1402 494 1452 522 cx
1474 477 1575 538 ipsis
1603 487 1716 521 terra
1748 495 1757 521 ι

377 551 496 610 prior
515 550 646 608 igitur
675 564 825 594 eorum
856 565 1010 610 parens
1038 560 1164 595 terra.
1205 550 1273 594 Sic
1291 559 1334 593 et
1355 548 1558 594 animalia
1575 584 1586 604 ,
1611 556 1756 609 potest

378 621 597 665 incertum
635 636 747 675 esse,
771 630 921 665 utrum
954 637 1005 666 ex
1026 621 1128 681 ipsis
1152 620 1340 676 semina,
1363 636 1419 665 an
1440 620 1532 680 ipsa
1554 635 1605 663 ex
1632 618 1766 664 semi-

380 691 538 749 nibus3
562 689 792 751 quodlibet
821 701 968 736 tamen
991 693 1151 736 horum
1173 691 1308 751 prius,
1341 707 1393 736 ex
1416 700 1529 735 terra
1555 705 1646 735 esse
1668 705 1765 735 cer-

381 762 598 807 tissimum
616 772 694 807 est.

440 835 576 879 XLV.
596 834 716 880 Sicut
737 844 885 880 autem
909 835 1064 895 inipso
1086 849 1220 893 grano
1240 833 1514 879 invisibiliter
1531 842 1655 879 erant
1676 847 1771 879 om-

384 905 456 950 nia
476 904 632 963 simul,
665 922 765 967 quae
786 922 862 967 per
884 915 1079 966 tempora
1112 906 1159 950 in
1190 905 1391 950 arborem
1421 915 1646 965 surgerent
1673 925 1682 951 :
1713 905 1774 950 ita

383 977 474 1038 ipse
490 976 683 1022 mundus
704 976 962 1036 cogitandus
985 986 1047 1022 est
1064 1013 1074 1034 ,
1091 993 1192 1022 cum
1206 980 1320 1022 Deus
1340 976 1469 1022 simul
1487 979 1633 1023 omnia
1653 992 1774 1023 erea-

383 1049 469 1105 vit,
510 1049 713 1094 habuisse
751 1049 880 1094 simul
901 1049 1048 1094 omnia
1069 1048 1234 1109 quaein
1255 1048 1331 1094 illo
1365 1058 1409 1094 et
1431 1065 1532 1094 cum
1562 1049 1638 1095 illo
1661 1048 1776 1094 faeta

384 1129 509 1175 sunt,
535 1119 714 1180 quando
736 1119 876 1169 factus
899 1130 963 1166 est
979 1121 1070 1166 dies
1087 1142 1098 1179 3
1114 1136 1204 1166 non
1217 1120 1359 1165 solum
1376 1121 1541 1166 coelum
1561 1137 1663 1167 cum
1686 1120 1776 1167 sole

385 1201 429 1236 et
449 1191 555 1236 luna
577 1201 621 1236 et
642 1191 877 1248 sideribus,
896 1208 1087 1253 quorum
1099 1193 1262 1253 species
1278 1202 1427 1238 manet
1439 1203 1565 1239 motu
1582 1193 1774 1250 rotabili,

384 1271 429 1307 et
465 1270 625 1307 terram
646 1271 690 1307 et
718 1262 917 1321 abyssos,
951 1279 1052 1324 quae
1073 1262 1196 1308 velut
1214 1263 1510 1309 inconstantes
1531 1274 1675 1311 motus
1696 1280 1778 1325 pa-

386 1333 581 1390 tiuntur,
617 1343 749 1394 atque
769 1332 949 1379 inferius
977 1333 1182 1395 adjuncta
1204 1344 1373 1395 partem
1399 1335 1581 1380 alteram
1606 1335 1778 1381 mundo

386 1403 650 1464 conferunt,
676 1404 752 1449 sed
773 1405 905 1450 etiam
932 1404 1005 1449 illa
1026 1421 1126 1466 quae
1147 1421 1260 1466 aqua
1282 1415 1326 1450 et
1347 1415 1459 1451 terra
1476 1405 1681 1469 produxit
1696 1422 1779 1468 po-

387 1476 622 1523 tentialiter
656 1486 789 1538 atque
825 1477 1077 1532 causaliter,
1111 1476 1231 1537 prius
1254 1492 1387 1537 quam
1420 1472 1498 1538 per
1530 1487 1780 1539 temporum

388 1563 530 1592 moras
551 1548 612 1593 ita
640 1547 930 1604 exorirentur,
959 1547 1182 1608 quomodo
1205 1548 1329 1594 nobis
1355 1551 1447 1610 jam
1477 1559 1581 1595 nota
1602 1550 1780 1596 suntin

388 1620 448 1665 eis
468 1620 672 1680 operibus
687 1655 698 1675 ,
718 1636 818 1680 quae
839 1623 955 1664 Deus
973 1634 1112 1680 usque
1134 1635 1253 1664 nunc
1275 1631 1497 1680 operatur.

449 1693 608 1735 XLVI.
635 1693 744 1744 Quae
765 1706 866 1735 cum
882 1691 941 1735 ita
958 1691 1066 1746 sint,
1093 1710 1113 1733 «
1130 1691 1211 1736 Hic
1229 1700 1292 1735 est
1310 1691 1423 1736 liber
1444 1701 1654 1737 creaturae
1676 1692 1779 1737 coeli
1838 1707 1849 1711 ‘

394 1780 415 1804 1)
444 1771 488 1806 et
519 1771 674 1820 terrae,
710 1777 813 1806 cum
842 1761 983 1806 factus
1015 1771 1080 1807 est
1111 1761 1227 1817 dies,
1267 1762 1372 1807 fecit
1405 1765 1519 1807 Deus
1551 1763 1716 1808 coelum
1739 1772 1783 1808 et

394 1852 414 1876 »
432 1843 589 1878 terram
598 1870 608 1889 ,
626 1843 670 1878 et
682 1849 811 1878 omne
824 1833 962 1878 viride
975 1834 1066 1894 agri
1083 1842 1319 1894 antequam
1331 1843 1440 1879 esset
1457 1850 1587 1895 super
1601 1844 1777 1891 terram,

393 1924 415 1947 >›
436 1914 480 1950 et
498 1920 628 1950 omne
644 1904 816 1949 foenum
834 1905 924 1965 agri
946 1914 1182 1965 antequam
1203 1915 1405 1951 exortum
1427 1916 1491 1951 est
1504 1909 1518 1932 1
1538 1925 1546 1952 ε
1571 1925 1591 1949 »
1612 1923 1703 1952 non
1724 1907 1783 1952 sic

391 1976 617 2037 quomodo
639 1974 743 2021 facit
757 1992 913 2036 opere,
940 1992 1030 2036 quo
1052 1993 1170 2022 nunc
1191 1993 1331 2038 usque
1363 1987 1568 2038 operatur
1583 1993 1661 2038 per
1681 1977 1784 2038 plu-

392 2049 508 2094 viam
532 2057 575 2093 et
595 2048 825 2093 hominum
849 2048 1182 2107 agriculturam,
1206 2048 1263 2094 ad
1283 2050 1366 2094 hoc
1384 2050 1501 2093 enim
1525 2049 1782 2110 adjunctum
1838 2082 1843 2084 >

394 2129 480 2164 est:
503 2139 523 2162 α
537 2123 635 2166 Non
653 2120 769 2163 enim
786 2118 959 2179 pluerat
975 2123 1088 2165 Deus
1105 2136 1235 2181 super
1247 2130 1422 2177 terram,
1443 2137 1524 2166 nec
1545 2130 1638 2166 erat
1650 2122 1783 2166 homo

397 2208 418 2231 »
443 2191 520 2250 qui
542 2199 794 2250 operaretur
827 2195 1015 2235 terram²
1041 2211 1050 2236 ·.
1079 2210 1098 2232 n
1129 2191 1204 2235 sed
1232 2190 1306 2237 illo
1340 2190 1472 2237 modo
1499 2208 1589 2252 quo
1622 2192 1783 2237 creavit

393 2261 538 2306 onmia
561 2260 690 2306 simul
705 2297 715 2317 ⁷
750 2261 1007 2322 senarioque
1030 2261 1201 2318 dierum
1222 2278 1404 2308 numero
1433 2264 1779 2319 consummavit,

394 2348 495 2378 cum
519 2332 634 2378 diem
656 2348 788 2393 quem
808 2331 910 2378 fecit
927 2369 938 2389 ,
963 2333 1022 2378 eis
1043 2351 1142 2395 quae
1164 2333 1266 2379 fecit
1285 2371 1296 2391 ,
1327 2335 1461 2380 sexies
1484 2335 1779 2396 praesentavit,

394 2421 485 2451 non
496 2404 738 2450 alternante
751 2406 889 2466 spatio
900 2407 1212 2468 temporaliter,
1229 2406 1305 2453 sed
1321 2407 1518 2455 ordinata
1531 2407 1780 2468 cognitione

443 2497 452 2514 ¹
469 2492 547 2524 Gen.
566 2501 600 2533 n,
623 2489 656 2533 4.
676 2507 718 2514 --
745 2490 854 2525 21bid.
873 2490 904 2524 5.
