1854 3219
342 243 396 270 DE
429 242 581 270 GENEs1
612 240 668 268 AD
699 238 941 278 Ll‘rTEnAM,
964 241 1046 267 LIB.
1084 241 1132 266 11.
1347 225 1430 264 195

45 308 274 364 humidos,
303 307 423 352 unde
454 306 651 366 superius
679 305 831 350 nubila
855 305 1197 365 conglobantur,
1230 312 1274 348 et
1300 303 1435 347 maria

47 378 316 435 subterfusa,
338 377 569 424 ostendere
587 377 660 421 ille
681 375 820 422 voluit
841 392 931 421 esse
953 375 1118 421 coelum
1142 376 1255 420 inter
1277 388 1434 435 aquam

47 460 91 495 et
132 466 307 511 aquam.
352 452 475 494 Hanc
510 462 612 506 ergo
651 446 921 507 diligentiam
957 446 1436 506 considerationemque

47 519 177 566 laude
193 521 490 580 dignissimam
503 518 669 581 judico.
696 517 825 572 Quod
844 518 960 563 enim
982 518 1109 575 dixit,
1130 534 1273 579 neque
1288 526 1441 562 contra

46 592 182 638 fidem
203 602 287 653 est⁷
317 602 361 638 et
380 593 427 636 in
451 600 658 652 promptu
678 592 820 652 posito
842 590 1107 635 documento
1135 589 1254 635 credi
1275 598 1434 650 potest.

106 666 231 708 VIII.
267 666 530 724 Quanquam
558 662 692 723 possit
715 661 854 707 videri
890 678 981 707 non
1016 662 1228 723 impedire
1265 659 1440 721 propria

48 735 243 796 pondera
270 735 607 790 elementorum,
647 733 880 795 quominus
912 733 1042 778 etiam
1065 749 1194 794 super
1226 731 1338 777 illud
1369 748 1443 776 su-

50 807 184 852 blime
216 807 382 852 coelum
409 807 576 867 possint
602 822 692 850 esse
728 822 854 866 aquae
881 791 958 866 per
987 804 1081 850 illas
1112 805 1339 860 minutias,
1359 819 1439 864 per

49 895 157 940 quas
190 879 320 923 etiam
348 894 477 938 super
498 880 583 923 hoc
614 878 803 938 spatium
830 877 938 921 a'e'ris
961 893 1050 921 esse
1072 886 1342 937 potuerunt:
1369 874 1447 936 qui

51 950 250 1012 quamvis
263 951 434 1010 gravior
455 959 499 995 et
518 950 698 995 inferior
716 965 886 995 summo
905 948 1018 994 coelo
1031 949 1272 1009 subjaceat,
1293 945 1450 1009 procul

51 1021 188 1067 dubio
211 1021 348 1068 levior
369 1031 433 1067 est
454 1022 576 1083 aquis
589 1057 600 1078 ,
628 1031 672 1066 et
691 1031 839 1066 tamen
860 1030 911 1065 ut
931 1036 1060 1081 super
1082 1036 1183 1064 eum
1211 1020 1298 1066 sint
1314 1034 1450 1079 vapo-

51 1109 118 1138 res
134 1093 200 1138 illi
212 1129 223 1150 ‚
239 1093 364 1139 nullo
380 1093 575 1155 pondere
589 1094 894 1155 prohibentur.
923 1093 991 1138 Sic
1015 1108 1116 1152 ergo
1135 1102 1178 1137 et
1191 1108 1320 1153 super
1336 1089 1450 1136 illud

53 1163 217 1209 coelum
239 1174 383 1225 potest
409 1165 719 1210 minutioribus
749 1165 880 1224 guttis
907 1163 1042 1209 levior
1063 1164 1224 1209 halitus
1253 1163 1450 1208 humoris

54 1237 230 1281 extendi
241 1273 253 1295 7
277 1238 355 1298 qui
372 1237 566 1298 pondere
580 1237 734 1283 cadere
749 1254 839 1282 non
855 1247 1051 1296 cogatur.
1070 1238 1156 1297 Ipsi
1173 1237 1335 1298 quippe
1348 1236 1450 1280 sub-

54 1306 250 1352 tilissima
271 1308 440 1353 ratione
479 1308 744 1369 persuadent
771 1308 945 1352 nullum
968 1323 1057 1352 esse
1090 1307 1335 1369 quamlibet
1359 1306 1450 1351 exi-

56 1393 193 1437 guum
214 1378 525 1438 corpusculum
545 1414 556 1435 ‚
591 1379 637 1423 in
661 1395 750 1439 quo
780 1378 930 1424 divisio
953 1379 1153 1435 finiatur,
1185 1378 1261 1423 sed
1283 1378 1453 1422 infinite

56 1449 201 1494 omnia
229 1448 395 1495 dividi:
432 1450 535 1511 quia
570 1451 709 1495 omnis
741 1466 839 1511 pars
867 1451 1059 1511 corporis
1092 1466 1249 1511 corpus
1288 1459 1373 1505 est,
1411 1458 1455 1494 et

55 1537 186 1567 omne
202 1537 359 1583 corpus
372 1522 534 1568 habeat
546 1538 717 1568 necesse
736 1532 800 1568 est
821 1522 1053 1568 dimidium
1070 1522 1325 1584 quantitatis
1347 1538 1451 1567 suae.

54 1595 118 1637 Ac
138 1607 216 1652 per
236 1594 322 1638 hoc
343 1594 378 1638 si
398 1602 543 1654 potest
565 1610 699 1655 aqua,
724 1593 836 1639 sicut
856 1594 1054 1640 videmus
1068 1630 1078 1650 ,
1106 1593 1161 1638 ad
1188 1603 1328 1639 tantas
1346 1602 1448 1652 gut-

54 1672 199 1708 tarum
220 1665 426 1710 minutias
441 1665 668 1725 pervenire
685 1701 695 1721 ‚
720 1674 771 1710 ut
793 1681 922 1726 super
942 1665 1075 1710 istum
1099 1670 1243 1709 aerem
1267 1680 1455 1725 vapora-

55 1735 153 1781 liter
171 1735 358 1793 feratur,
393 1738 470 1798 qui
501 1746 658 1782 natura
679 1737 815 1782 levior
836 1746 900 1782 est
923 1737 1045 1798 aquis
1061 1773 1072 1793 ‚
1105 1754 1183 1782 cur
1205 1754 1296 1783 non
1320 1735 1456 1798 possit

57 1815 101 1852 et
121 1823 252 1867 super
272 1806 387 1852 illud
411 1806 550 1852 levius
576 1807 739 1852 coelum
760 1808 1070 1853 minutioribus
1093 1808 1226 1868 guttis
1249 1817 1293 1854 et
1318 1807 1457 1854 levio-

58 1878 178 1923 ribus
199 1878 436 1924 immanere
452 1879 703 1939 vaporibus.

57 2035 757 2054 mmmmmmmmwu

961 2037 1453 2056 WWWUMMNMMMMWWW

604 2169 820 2220 CAPUT
856 2172 914 2220 V.

289 2304 449 2361 Aqaoe
470 2318 620 2364 supra
641 2301 815 2350 coelum
836 2306 984 2350 etiam
998 2303 1251 2352 sideream.

123 2439 215 2482 lxs
235 2440 417 2492 anAM
443 2439 574 2484 etiam
596 2441 753 2496 nostri,
779 2442 881 2486 istos
902 2452 1109 2500 negantes
1129 2453 1308 2504 propter
1331 2460 1448 2505 pon-

64 2510 167 2556 dera
182 2510 497 2556 elementorum
512 2528 644 2572 aquas
655 2527 744 2556 esse
756 2528 879 2572 posse
893 2529 1022 2574 super
1033 2513 1196 2559 coelum
1210 2515 1427 2561 sidereum
1438 2551 1450 2574 ‚

65 2581 120 2627 de
150 2583 342 2643 ipsorum
373 2581 566 2627 siderum
588 2583 871 2644 qualitatibus
893 2594 937 2630 et
957 2586 1173 2631 meatibus
1195 2588 1453 2639 convincere

1177 2658 1239 2699 13.
