1854 3219
386 195 440 233 98
811 204 844 232 s.
881 204 1110 249 Aucusafuu
1143 209 1322 237 Eriscori

381 353 1772 377 mmmmmmmmmmmmmmmwummlss

874 477 1090 529 CAPUT
1137 483 1298 528 XXH.

550 632 783 679 Omnibus
805 634 1059 697 generibus
1081 634 1226 682 dictio
1252 635 1498 682 varianda
1515 645 1601 683 est.

437 770 510 812 LI.
549 771 635 814 Nnc
674 769 907 831 quisquam
943 780 1101 831 praetcr
1127 770 1399 831 disciplinam
1428 786 1519 816 esse
1553 771 1774 816 existimet

377 839 455 883 ista
484 839 662 884 miscere
689 860 697 885 :
723 841 810 886 imo
843 852 1058 902 quantum
1090 858 1284 902 congrue
1314 843 1407 887 fieri
1430 852 1596 902 potest,
1629 843 1774 887 omni-

376 911 459 955 bus
489 912 721 971 generibus
754 912 886 959 dictio
916 913 1123 958 varianda
1154 923 1232 959 θεῖ.
1259 917 1367 960 Nam
1392 914 1571 976 quando
1606 913 1774 975 prolixa
1839 919 1845 926 ‘

376 992 440 1027 est
468 984 513 1027 in
545 998 635 1028 uno
658 998 815 1043 genere
832 1020 842 1040 ,
868 986 1012 1029 minus
1041 984 1208 1030 detinet
1241 986 1503 1031 auditorem.
1525 989 1637 1032 Cum
1667 1001 1772 1031 vero

378 1054 427 1099 fit
449 1055 495 1099 in
524 1054 642 1099 aliud
659 1056 714 1099 ab
738 1055 822 1101 alio
844 1058 1078 1114 transitus,
1100 1058 1266 1102 etiamsi
1289 1057 1462 1117 longius
1485 1067 1555 1103 eat
1570 1092 1581 1114 ‚
1607 1057 1775 1102 decen-

379 1129 460 1174 tius
483 1128 682 1189 procedit
702 1130 840 1174 oratio
865 1147 876 1174 .·
906 1130 1103 1191 quamvis
1127 1130 1320 1174 habeant
1341 1140 1387 1174 et
1412 1129 1584 1189 singula
1613 1144 1773 1189 genera

376 1201 599 1245 varietates
630 1217 727 1246 suas
751 1201 797 1245 in
821 1218 1019 1247 sermone
1048 1201 1374 1262 eloquentium,
1407 1201 1568 1262 quibus
1596 1215 1686 1245 non
1714 1200 1773 1244 si-

377 1281 544 1316 nuntur
568 1272 615 1316 in
640 1288 814 1327 eorum,
848 1274 923 1333 qui
948 1272 1155 1328 audiunt,
1189 1271 1420 1332 frigescere
1450 1271 1521 1317 vel
1552 1281 1773 1332 tepescere

374 1343 584 1387 sensibus.
612 1345 925 1388 Verumtamen
947 1342 1115 1387 facilius
1149 1343 1416 1388 submissum
1438 1342 1580 1388 solum
1595 1377 1606 1399 ‚
1637 1357 1772 1404 quam

371 1414 515 1459 solum
545 1413 708 1473 grande
730 1414 895 1460 diutius
925 1415 1101 1460 tolerari
1130 1424 1287 1475 potest.
1327 1415 1576 1460 Commotio
1609 1415 1773 1476 quippe

374 1485 507 1529 animi
536 1495 703 1545 quanto
738 1486 873 1545 magis
904 1485 1129 1531 excitanda
1155 1495 1240 1541 est,
1281 1495 1330 1530 ut
1361 1486 1487 1531 nobis
1516 1485 1774 1530 assentiatur

375 1555 572 1613 auditor,
595 1566 718 1602 tanto
747 1557 892 1602 minus
918 1557 964 1602 in
983 1573 1031 1601 ea
1054 1556 1132 1601 diu
1156 1558 1292 1601 teneri
1314 1567 1480 1617 potest,
1506 1573 1608 1602 cum
1642 1557 1774 1601 fuerit

374 1638 592 1688 quantum
614 1629 714 1673 satis
730 1638 793 1673 est
810 1629 1011 1673 excitata.
1029 1631 1086 1673 Et
1101 1628 1200 1673 ideo
1218 1627 1463 1673 cavendum
1480 1637 1543 1672 est
1560 1642 1616 1672 ne
1632 1664 1643 1684 ‚
1664 1627 1773 1673 (lum

371 1699 576 1744 volumus
598 1698 726 1744 altius
755 1700 917 1758 erigere
944 1700 1066 1761 quod
1083 1709 1276 1744 erectum
1304 1709 1388 1756 est,
1415 1699 1544 1744 etiam
1565 1699 1668 1743 inde
1691 1700 1771 1744 de-

372 1769 510 1827 cidat,
532 1787 620 1832 quo
641 1771 782 1815 fuerat
803 1771 1064 1816 excitatione
1082 1772 1361 1831 perductum.
1386 1771 1656 1831 Interpositis
1668 1786 1770 1816 vero

370 1859 470 1903 quae
500 1852 603 1887 sunt
630 1843 815 1888 dicenda
846 1843 1126 1899 submissius,
1159 1843 1272 1887 bene
1298 1843 1468 1888 reditur
1497 1843 1554 1888 ad
1586 1859 1634 1888 ea
1670 1859 1770 1904 quae

371 1930 481 1975 opus
507 1925 570 1960 est
594 1914 817 1974 granditer
841 1915 949 1971 dici,
974 1923 1026 1959 ut
1047 1914 1248 1960 dictionis
1282 1916 1470 1975 impetus
1500 1916 1610 1960 sicut
1640 1915 1770 1959 maris

371 1995 503 2030 aestus
522 1985 723 2030 alternet.
744 1988 809 2030 Ex
828 2002 917 2046 quo
928 1987 978 2030 fit
996 1994 1046 2029 ut
1064 1987 1227 2044 grande
1245 1985 1419 2031 dicendi
1438 2001 1595 2045 genus,
1614 1986 1647 2031 si
1669 1985 1769 2030 diu—
1807 1985 1810 1989 ’

371 2057 456 2101 tius
488 2065 552 2100 θεῖ
582 2055 844 2112 dicendum,
870 2072 960 2101 non
983 2055 1142 2100 debeat
1170 2072 1259 2101 esse
1291 2056 1458 2113 solum,
1487 2057 1564 2102 sed
1583 2056 1768 2101 aliorum

371 2142 580 2186 generum
610 2127 939 2187 interpositione
962 2126 1153 2171 varietur
1176 2147 1185 2172 :
1213 2127 1252 2171 ei
1280 2119 1426 2172 tamen
1454 2126 1600 2187 generi
1633 2126 1766 2173 dictio

371 2208 462 2245 tota
485 2198 693 2244 tribuitur
707 2234 718 2255 ,
746 2200 871 2260 eujus
893 2197 1017 2258 copia
1040 2197 1332 2258 praevaluerit.
