<?xml version="1.0" encoding="UTF-8"?>
<!DOCTYPE html PUBLIC "-//W3C//DTD XHTML 1.0 Transitional//EN"
    "http://www.w3.org/TR/xhtml1/DTD/xhtml1-transitional.dtd">
<html xmlns="http://www.w3.org/1999/xhtml" xml:lang="en" lang="en">
 <head>
  <title>
</title>
<meta http-equiv="Content-Type" content="text/html;charset=utf-8" />
  <meta name='ocr-system' content='tesseract 3.04.00' />
  <meta name='ocr-capabilities' content='ocr_page ocr_carea ocr_par ocr_line ocrx_word'/>
</head>
<body>
  <div class='ocr_page' id='page_1' title='image "./operaomniaaccura05auguuoft_0168.png"; bbox 0 0 1854 3219; ppageno 0'>
   <div class='ocr_carea' id='block_1_1' title="bbox 393 206 1346 247">
    <p class='ocr_par' dir='ltr' id='par_1_1' title="bbox 393 206 1346 247">
     <span class='ocr_line' id='line_1_1' title="bbox 393 206 1346 247; baseline -0.004 0"><span class='ocrx_word' id='word_1_1' title='bbox 393 206 473 247; x_wconf 78' lang='lat'>154</span> <span class='ocrx_word' id='word_1_2' title='bbox 829 213 862 242; x_wconf 85' lang='lat' dir='ltr'>s.</span> <span class='ocrx_word' id='word_1_3' title='bbox 900 212 1130 243; x_wconf 74' lang='grc' dir='ltr'>ΑυουεΤῙΝῐ</span> <span class='ocrx_word' id='word_1_4' title='bbox 1164 209 1346 243; x_wconf 70' lang='lat' dir='ltr'>Er1sco1⁵1</span> 
     </span>
    </p>
   </div>
   <div class='ocr_carea' id='block_1_2' title="bbox 387 277 1850 2484">
    <p class='ocr_par' dir='ltr' id='par_1_2' title="bbox 387 277 1786 765">
     <span class='ocr_line' id='line_1_2' title="bbox 389 277 1776 343; baseline -0.002 -14"><span class='ocrx_word' id='word_1_5' title='bbox 389 300 478 329; x_wconf 86' lang='lat' dir='ltr'>non</span> <span class='ocrx_word' id='word_1_6' title='bbox 514 290 654 343; x_wconf 87' lang='lat' dir='ltr'>potest</span> <span class='ocrx_word' id='word_1_7' title='bbox 684 279 927 342; x_wconf 83' lang='lat' dir='ltr'>quidquam</span> <span class='ocrx_word' id='word_1_8' title='bbox 952 295 1041 324; x_wconf 84' lang='lat' dir='ltr'>esse</span> <span class='ocrx_word' id='word_1_9' title='bbox 1063 278 1268 325; x_wconf 85' lang='lat' dir='ltr'><strong>dissimile</strong></span> <span class='ocrx_word' id='word_1_10' title='bbox 1305 277 1366 324; x_wconf 91' lang='lat' dir='ltr'>illi</span> <span class='ocrx_word' id='word_1_11' title='bbox 1408 280 1479 325; x_wconf 89' lang='lat' dir='ltr'>cui</span> <span class='ocrx_word' id='word_1_12' title='bbox 1512 280 1663 326; x_wconf 89' lang='lat' dir='ltr'>similis</span> <span class='ocrx_word' id='word_1_13' title='bbox 1698 291 1776 327; x_wconf 90' lang='lat' dir='ltr'>est.</span> 
     </span>
     <span class='ocr_line' id='line_1_3' title="bbox 390 350 1781 412; baseline -0.001 -14"><span class='ocrx_word' id='word_1_14' title='bbox 390 354 607 409; x_wconf 84' lang='lat' dir='ltr'>Quoniam</span> <span class='ocrx_word' id='word_1_15' title='bbox 639 351 792 396; x_wconf 82' lang='lat' dir='ltr'>similia</span> <span class='ocrx_word' id='word_1_16' title='bbox 821 366 1112 412; x_wconf 81' lang='lat' dir='ltr'>quaecumque</span> <span class='ocrx_word' id='word_1_17' title='bbox 1149 350 1231 396; x_wconf 85' lang='lat' dir='ltr'>alia</span> <span class='ocrx_word' id='word_1_18' title='bbox 1269 360 1402 408; x_wconf 90' lang='lat' dir='ltr'>sunt,</span> <span class='ocrx_word' id='word_1_19' title='bbox 1438 352 1552 397; x_wconf 87' lang='lat' dir='ltr'>inter</span> <span class='ocrx_word' id='word_1_20' title='bbox 1580 367 1625 396; x_wconf 87' lang='lat' dir='ltr'>se</span> <span class='ocrx_word' id='word_1_21' title='bbox 1652 353 1781 397; x_wconf 86' lang='lat' dir='ltr'>etiam</span> 
     </span>
     <span class='ocr_line' id='line_1_4' title="bbox 391 421 1783 483; baseline -0.001 -13"><span class='ocrx_word' id='word_1_22' title='bbox 391 422 611 470; x_wconf 84' lang='lat' dir='ltr'>dissimilia</span> <span class='ocrx_word' id='word_1_23' title='bbox 635 438 684 466; x_wconf 82' lang='lat' dir='ltr'>ex</span> <span class='ocrx_word' id='word_1_24' title='bbox 707 421 851 483; x_wconf 86' lang='lat' dir='ltr'>aliqua</span> <span class='ocrx_word' id='word_1_25' title='bbox 874 431 997 482; x_wconf 88' lang='lat' dir='ltr'>parte</span> <span class='ocrx_word' id='word_1_26' title='bbox 1019 431 1143 467; x_wconf 85' lang='lat' dir='ltr'>sunt:</span> <span class='ocrx_word' id='word_1_27' title='bbox 1169 423 1261 482; x_wconf 90' lang='lat' dir='ltr'>ipsa</span> <span class='ocrx_word' id='word_1_28' title='bbox 1293 438 1397 467; x_wconf 87' lang='lat' dir='ltr'>vcro</span> <span class='ocrx_word' id='word_1_29' title='bbox 1430 422 1670 468; x_wconf 84' lang='lat' dir='ltr'>similitudo</span> <span class='ocrx_word' id='word_1_30' title='bbox 1693 439 1783 468; x_wconf 92' lang='lat' dir='ltr'>non</span> 
     </span>
     <span class='ocr_line' id='line_1_5' title="bbox 389 493 1783 556; baseline 0 -16"><span class='ocrx_word' id='word_1_31' title='bbox 389 506 451 540; x_wconf 83' lang='lat' dir='ltr'>cst</span> <span class='ocrx_word' id='word_1_32' title='bbox 471 495 615 556; x_wconf 90' lang='lat' dir='ltr'>aliqua</span> <span class='ocrx_word' id='word_1_33' title='bbox 639 510 689 539; x_wconf 79' lang='lat' dir='ltr'>ex</span> <span class='ocrx_word' id='word_1_34' title='bbox 711 503 836 554; x_wconf 87' lang='lat' dir='ltr'>parte</span> <span class='ocrx_word' id='word_1_35' title='bbox 865 493 1096 538; x_wconf 85' lang='lat' dir='ltr'>dissimilis.</span> <span class='ocrx_word' id='word_1_36' title='bbox 1125 497 1252 538; x_wconf 87' lang='lat' dir='ltr'>Pater</span> <span class='ocrx_word' id='word_1_37' title='bbox 1275 503 1422 538; x_wconf 88' lang='lat' dir='ltr'>tamen</span> <span class='ocrx_word' id='word_1_38' title='bbox 1444 497 1572 538; x_wconf 88' lang='lat' dir='ltr'>Pater</span> <span class='ocrx_word' id='word_1_39' title='bbox 1593 503 1678 540; x_wconf 85' lang='lat' dir='ltr'>est:</span> <span class='ocrx_word' id='word_1_40' title='bbox 1703 509 1783 540; x_wconf 84' lang='lat' dir='ltr'>nec</span> 
     </span>
     <span class='ocr_line' id='line_1_6' title="bbox 387 565 1784 627; baseline -0.001 -14"><span class='ocrx_word' id='word_1_41' title='bbox 387 567 523 614; x_wconf 89' lang='lat' dir='ltr'>Filius</span> <span class='ocrx_word' id='word_1_42' title='bbox 538 565 657 611; x_wconf 89' lang='lat' dir='ltr'>aliud</span> <span class='ocrx_word' id='word_1_43' title='bbox 675 574 737 610; x_wconf 86' lang='lat' dir='ltr'>est</span> <span class='ocrx_word' id='word_1_44' title='bbox 752 581 885 626; x_wconf 87' lang='lat' dir='ltr'>quam</span> <span class='ocrx_word' id='word_1_45' title='bbox 901 565 1035 609; x_wconf 89' lang='lat' dir='ltr'>Filius</span> <span class='ocrx_word' id='word_1_46' title='bbox 1052 585 1059 610; x_wconf 90' lang='lat'>:</span> <span class='ocrx_word' id='word_1_47' title='bbox 1076 566 1178 627; x_wconf 86' lang='lat' dir='ltr'>quia</span> <span class='ocrx_word' id='word_1_48' title='bbox 1196 574 1238 609; x_wconf 89' lang='lat' dir='ltr'>ct</span> <span class='ocrx_word' id='word_1_49' title='bbox 1255 581 1356 610; x_wconf 93' lang='lat' dir='ltr'>cum</span> <span class='ocrx_word' id='word_1_50' title='bbox 1371 566 1530 611; x_wconf 87' lang='lat' dir='ltr'>dicitur</span> <span class='ocrx_word' id='word_1_51' title='bbox 1543 565 1784 611; x_wconf 81' lang='lat' dir='ltr'>similitudo</span> 
     </span>
     <span class='ocr_line' id='line_1_7' title="bbox 388 636 1786 699; baseline -0.002 -15"><span class='ocrx_word' id='word_1_52' title='bbox 388 639 525 685; x_wconf 88' lang='lat' dir='ltr'>Patris</span> <span class='ocrx_word' id='word_1_53' title='bbox 537 674 547 694; x_wconf 84' lang='lat'>,</span> <span class='ocrx_word' id='word_1_54' title='bbox 569 652 822 699; x_wconf 83' lang='lat' dir='ltr'>quanquam</span> <span class='ocrx_word' id='word_1_55' title='bbox 836 637 1035 681; x_wconf 86' lang='lat' dir='ltr'>ostendat</span> <span class='ocrx_word' id='word_1_56' title='bbox 1052 636 1218 681; x_wconf 85' lang='lat' dir='ltr'>nullam</span> <span class='ocrx_word' id='word_1_57' title='bbox 1236 637 1498 681; x_wconf 87' lang='lat' dir='ltr'>intervenire</span> <span class='ocrx_word' id='word_1_58' title='bbox 1516 637 1786 682; x_wconf 88' lang='lat' dir='ltr'>dissimilitu-</span> 
     </span>
     <span class='ocr_line' id='line_1_8' title="bbox 387 707 1780 765; baseline -0.002 -10"><span class='ocrx_word' id='word_1_59' title='bbox 387 711 534 755; x_wconf 90' lang='lat' dir='ltr'>dinem</span> <span class='ocrx_word' id='word_1_60' title='bbox 550 745 560 765; x_wconf 85' lang='lat'>,</span> <span class='ocrx_word' id='word_1_61' title='bbox 577 724 667 753; x_wconf 88' lang='lat' dir='ltr'>non</span> <span class='ocrx_word' id='word_1_62' title='bbox 683 718 831 752; x_wconf 89' lang='lat' dir='ltr'>tamen</span> <span class='ocrx_word' id='word_1_63' title='bbox 852 707 968 752; x_wconf 89' lang='lat' dir='ltr'>solus</span> <span class='ocrx_word' id='word_1_64' title='bbox 986 717 1049 752; x_wconf 86' lang='lat' dir='ltr'>est</span> <span class='ocrx_word' id='word_1_65' title='bbox 1067 712 1214 762; x_wconf 89' lang='lat' dir='ltr'>Pater,</span> <span class='ocrx_word' id='word_1_66' title='bbox 1237 708 1270 751; x_wconf 90' lang='lat' dir='ltr'>si</span> <span class='ocrx_word' id='word_1_67' title='bbox 1287 708 1420 752; x_wconf 85' lang='lat' dir='ltr'>habet</span> <span class='ocrx_word' id='word_1_68' title='bbox 1433 708 1780 753; x_wconf 87' lang='lat' dir='ltr'>similitudinem.</span> 
     </span>
    </p>

    <p class='ocr_par' dir='ltr' id='par_1_3' title="bbox 387 779 1850 2484">
     <span class='ocr_line' id='line_1_9' title="bbox 447 779 1785 839; baseline -0.002 -13"><span class='ocrx_word' id='word_1_69' title='bbox 447 784 562 826; x_wconf 82' lang='lat' dir='ltr'><strong>LXI.</strong></span> <span class='ocrx_word' id='word_1_70' title='bbox 603 799 622 823; x_wconf 89' lang='lat'>«</span> <span class='ocrx_word' id='word_1_71' title='bbox 648 782 727 824; x_wconf 88' lang='lat' dir='ltr'>Et¹</span> <span class='ocrx_word' id='word_1_72' title='bbox 753 779 860 824; x_wconf 84' lang='lat' dir='ltr'>dixit</span> <span class='ocrx_word' id='word_1_73' title='bbox 886 783 1001 823; x_wconf 90' lang='lat' dir='ltr'>Deus</span> <span class='ocrx_word' id='word_1_74' title='bbox 1024 799 1031 824; x_wconf 92' lang='lat'>:</span> <span class='ocrx_word' id='word_1_75' title='bbox 1059 780 1286 823; x_wconf 84' lang='lat' dir='ltr'>Faciamus</span> <span class='ocrx_word' id='word_1_76' title='bbox 1308 779 1533 823; x_wconf 90' lang='lat' dir='ltr'>hominem</span> <span class='ocrx_word' id='word_1_77' title='bbox 1551 780 1607 823; x_wconf 92' lang='lat' dir='ltr'>ad</span> <span class='ocrx_word' id='word_1_78' title='bbox 1629 779 1785 839; x_wconf 85' lang='lat' dir='ltr'>imagi-</span> 
     </span>
     <span class='ocr_line' id='line_1_10' title="bbox 390 849 1787 912; baseline 0.001 -19"><span class='ocrx_word' id='word_1_79' title='bbox 390 871 411 893; x_wconf 81' lang='lat'>»</span> <span class='ocrx_word' id='word_1_80' title='bbox 447 866 547 896; x_wconf 88' lang='lat' dir='ltr'>nem</span> <span class='ocrx_word' id='word_1_81' title='bbox 583 860 627 895; x_wconf 90' lang='lat' dir='ltr'>et</span> <span class='ocrx_word' id='word_1_82' title='bbox 657 849 988 895; x_wconf 89' lang='lat' dir='ltr'>similitudinem</span> <span class='ocrx_word' id='word_1_83' title='bbox 1015 859 1223 894; x_wconf 83' lang='lat' dir='ltr'>nostram.</span> <span class='ocrx_word' id='word_1_84' title='bbox 1266 868 1286 891; x_wconf 83' lang='lat'>»</span> <span class='ocrx_word' id='word_1_85' title='bbox 1325 851 1432 895; x_wconf 91' lang='lat' dir='ltr'>Satis</span> <span class='ocrx_word' id='word_1_86' title='bbox 1469 849 1648 912; x_wconf 85' lang='lat' dir='ltr'>quidem</span> <span class='ocrx_word' id='word_1_87' title='bbox 1685 866 1787 912; x_wconf 83' lang='lat' dir='ltr'>quae</span> 
     </span>
     <span class='ocr_line' id='line_1_11' title="bbox 387 920 1789 983; baseline -0.002 -15"><span class='ocrx_word' id='word_1_88' title='bbox 387 923 585 983; x_wconf 87' lang='lat' dir='ltr'>superius</span> <span class='ocrx_word' id='word_1_89' title='bbox 601 922 716 967; x_wconf 88' lang='lat' dir='ltr'>dicta</span> <span class='ocrx_word' id='word_1_90' title='bbox 747 930 875 976; x_wconf 82' lang='lat' dir='ltr'>sunt,</span> <span class='ocrx_word' id='word_1_91' title='bbox 912 920 1156 965; x_wconf 90' lang='lat' dir='ltr'>secundum</span> <span class='ocrx_word' id='word_1_92' title='bbox 1191 920 1237 965; x_wconf 89' lang='lat' dir='ltr'>id</span> <span class='ocrx_word' id='word_1_93' title='bbox 1273 930 1500 981; x_wconf 86' lang='lat' dir='ltr'>exponunt</span> <span class='ocrx_word' id='word_1_94' title='bbox 1531 922 1626 966; x_wconf 84' lang='lat' dir='ltr'>haec</span> <span class='ocrx_word' id='word_1_95' title='bbox 1653 921 1789 966; x_wconf 88' lang='lat' dir='ltr'>verba</span> 
     </span>
     <span class='ocr_line' id='line_1_12' title="bbox 390 991 1788 1054; baseline -0.002 -15"><span class='ocrx_word' id='word_1_96' title='bbox 390 994 648 1054; x_wconf 82' lang='lat' dir='ltr'>Scripturae,</span> <span class='ocrx_word' id='word_1_97' title='bbox 675 994 721 1037; x_wconf 92' lang='lat' dir='ltr'>in</span> <span class='ocrx_word' id='word_1_98' title='bbox 743 993 902 1054; x_wconf 86' lang='lat' dir='ltr'>quibus</span> <span class='ocrx_word' id='word_1_99' title='bbox 933 992 1116 1051; x_wconf 90' lang='lat' dir='ltr'>legimus</span> <span class='ocrx_word' id='word_1_100' title='bbox 1146 991 1302 1036; x_wconf 84' lang='lat' dir='ltr'>dixisse</span> <span class='ocrx_word' id='word_1_101' title='bbox 1325 996 1481 1037; x_wconf 91' lang='lat' dir='ltr'>Deum:</span> <span class='ocrx_word' id='word_1_102' title='bbox 1514 1010 1534 1035; x_wconf 89' lang='lat'>«</span> <span class='ocrx_word' id='word_1_103' title='bbox 1560 992 1788 1037; x_wconf 84' lang='lat' dir='ltr'>Faciamus</span> 
     </span>
     <span class='ocr_line' id='line_1_13' title="bbox 391 1064 1790 1124; baseline 0.003 -18"><span class='ocrx_word' id='word_1_104' title='bbox 391 1083 411 1106; x_wconf 75' lang='lat' dir='ltr'>n</span> <span class='ocrx_word' id='word_1_105' title='bbox 448 1066 670 1110; x_wconf 91' lang='lat' dir='ltr'>hominem</span> <span class='ocrx_word' id='word_1_106' title='bbox 687 1064 742 1110; x_wconf 88' lang='lat' dir='ltr'>ad</span> <span class='ocrx_word' id='word_1_107' title='bbox 763 1066 996 1124; x_wconf 77' lang='lat' dir='ltr'>imaginem</span> <span class='ocrx_word' id='word_1_108' title='bbox 1021 1073 1064 1108; x_wconf 90' lang='lat' dir='ltr'>et</span> <span class='ocrx_word' id='word_1_109' title='bbox 1085 1064 1417 1109; x_wconf 90' lang='lat' dir='ltr'>similitudinem</span> <span class='ocrx_word' id='word_1_110' title='bbox 1450 1073 1664 1120; x_wconf 87' lang='lat' dir='ltr'>nostram,</span> <span class='ocrx_word' id='word_1_111' title='bbox 1693 1083 1714 1106; x_wconf 79' lang='lat'>&gt;›</span> <span class='ocrx_word' id='word_1_112' title='bbox 1739 1074 1790 1110; x_wconf 87' lang='lat' dir='ltr'>ut</span> 
     </span>
     <span class='ocr_line' id='line_1_14' title="bbox 388 1134 1790 1197; baseline 0 -17"><span class='ocrx_word' id='word_1_113' title='bbox 388 1136 627 1181; x_wconf 87' lang='lat' dir='ltr'>similitudo</span> <span class='ocrx_word' id='word_1_114' title='bbox 649 1137 745 1192; x_wconf 90' lang='lat' dir='ltr'>Dei,</span> <span class='ocrx_word' id='word_1_115' title='bbox 773 1135 829 1180; x_wconf 85' lang='lat' dir='ltr'>ad</span> <span class='ocrx_word' id='word_1_116' title='bbox 851 1151 984 1196; x_wconf 87' lang='lat' dir='ltr'>quam</span> <span class='ocrx_word' id='word_1_117' title='bbox 999 1134 1137 1180; x_wconf 89' lang='lat' dir='ltr'>factus</span> <span class='ocrx_word' id='word_1_118' title='bbox 1152 1145 1215 1180; x_wconf 89' lang='lat' dir='ltr'>est</span> <span class='ocrx_word' id='word_1_119' title='bbox 1236 1137 1392 1192; x_wconf 91' lang='lat' dir='ltr'>homo,</span> <span class='ocrx_word' id='word_1_120' title='bbox 1418 1137 1562 1197; x_wconf 90' lang='lat' dir='ltr'>ipsum</span> <span class='ocrx_word' id='word_1_121' title='bbox 1585 1136 1662 1181; x_wconf 90' lang='lat' dir='ltr'>Dei</span> <span class='ocrx_word' id='word_1_122' title='bbox 1680 1138 1790 1180; x_wconf 89' lang='lat' dir='ltr'>Ver-</span> 
     </span>
     <span class='ocr_line' id='line_1_15' title="bbox 389 1206 1790 1268; baseline 0.001 -18"><span class='ocrx_word' id='word_1_123' title='bbox 389 1207 512 1262; x_wconf 87' lang='lat' dir='ltr'>bum,</span> <span class='ocrx_word' id='word_1_124' title='bbox 530 1208 613 1251; x_wconf 92' lang='lat' dir='ltr'>hoc</span> <span class='ocrx_word' id='word_1_125' title='bbox 635 1217 714 1262; x_wconf 85' lang='lat' dir='ltr'>est,</span> <span class='ocrx_word' id='word_1_126' title='bbox 741 1207 993 1265; x_wconf 79' lang='lat' dir='ltr'>unigenitus</span> <span class='ocrx_word' id='word_1_127' title='bbox 1008 1206 1159 1261; x_wconf 86' lang='lat' dir='ltr'>Filius,</span> <span class='ocrx_word' id='word_1_128' title='bbox 1182 1207 1317 1267; x_wconf 84' lang='lat' dir='ltr'>accipi</span> <span class='ocrx_word' id='word_1_129' title='bbox 1340 1208 1497 1268; x_wconf 84' lang='lat' dir='ltr'>possit:</span> <span class='ocrx_word' id='word_1_130' title='bbox 1525 1223 1616 1252; x_wconf 89' lang='lat' dir='ltr'>non</span> <span class='ocrx_word' id='word_1_131' title='bbox 1636 1207 1790 1268; x_wconf 86' lang='lat' dir='ltr'>utique</span> 
     </span>
     <span class='ocr_line' id='line_1_16' title="bbox 389 1277 1792 1339; baseline 0 -17"><span class='ocrx_word' id='word_1_132' title='bbox 389 1287 440 1322; x_wconf 88' lang='lat' dir='ltr'>ut</span> <span class='ocrx_word' id='word_1_133' title='bbox 464 1279 552 1338; x_wconf 91' lang='lat' dir='ltr'>ipse</span> <span class='ocrx_word' id='word_1_134' title='bbox 583 1278 637 1322; x_wconf 89' lang='lat' dir='ltr'>sit</span> <span class='ocrx_word' id='word_1_135' title='bbox 671 1277 824 1322; x_wconf 90' lang='lat' dir='ltr'>eadem</span> <span class='ocrx_word' id='word_1_136' title='bbox 858 1277 1002 1334; x_wconf 84' lang='lat' dir='ltr'>imago</span> <span class='ocrx_word' id='word_1_137' title='bbox 1025 1287 1069 1321; x_wconf 90' lang='lat' dir='ltr'>et</span> <span class='ocrx_word' id='word_1_138' title='bbox 1091 1277 1332 1322; x_wconf 88' lang='lat' dir='ltr'>similitudo</span> <span class='ocrx_word' id='word_1_139' title='bbox 1355 1278 1534 1339; x_wconf 80' lang='lat' dir='ltr'>aequalis</span> <span class='ocrx_word' id='word_1_140' title='bbox 1553 1278 1684 1323; x_wconf 88' lang='lat' dir='ltr'>Patri.</span> <span class='ocrx_word' id='word_1_141' title='bbox 1715 1281 1792 1323; x_wconf 88' lang='lat' dir='ltr'>Est</span> 
     </span>
     <span class='ocr_line' id='line_1_17' title="bbox 392 1347 1850 1410; baseline 0 -16"><span class='ocrx_word' id='word_1_142' title='bbox 392 1359 540 1394; x_wconf 91' lang='lat' dir='ltr'>tamen</span> <span class='ocrx_word' id='word_1_143' title='bbox 556 1358 599 1393; x_wconf 91' lang='lat' dir='ltr'>et</span> <span class='ocrx_word' id='word_1_144' title='bbox 615 1349 748 1394; x_wconf 87' lang='lat' dir='ltr'>homo</span> <span class='ocrx_word' id='word_1_145' title='bbox 760 1349 902 1406; x_wconf 87' lang='lat' dir='ltr'>imago</span> <span class='ocrx_word' id='word_1_146' title='bbox 915 1347 1010 1403; x_wconf 89' lang='lat' dir='ltr'>Dei,</span> <span class='ocrx_word' id='word_1_147' title='bbox 1033 1347 1147 1392; x_wconf 88' lang='lat' dir='ltr'>sicut</span> <span class='ocrx_word' id='word_1_148' title='bbox 1168 1349 1434 1408; x_wconf 81' lang='lat' dir='ltr'>apertissime</span> <span class='ocrx_word' id='word_1_149' title='bbox 1450 1348 1639 1394; x_wconf 87' lang='lat' dir='ltr'>ostendit</span> <span class='ocrx_word' id='word_1_150' title='bbox 1648 1353 1790 1410; x_wconf 90' lang='lat' dir='ltr'>Apos-</span> <span class='ocrx_word' id='word_1_151' title='bbox 1847 1362 1850 1365; x_wconf 87' lang='grc'><em>·</em></span> 
     </span>
     <span class='ocr_line' id='line_1_18' title="bbox 390 1419 1791 1481; baseline -0.001 -14"><span class='ocrx_word' id='word_1_152' title='bbox 390 1422 505 1467; x_wconf 90' lang='lat' dir='ltr'>tolus</span> <span class='ocrx_word' id='word_1_153' title='bbox 523 1421 693 1466; x_wconf 87' lang='lat' dir='ltr'>dicens:</span> <span class='ocrx_word' id='word_1_154' title='bbox 719 1440 739 1463; x_wconf 87' lang='lat'>«</span> <span class='ocrx_word' id='word_1_155' title='bbox 765 1420 841 1465; x_wconf 86' lang='lat' dir='ltr'>Vir</span> <span class='ocrx_word' id='word_1_156' title='bbox 858 1419 1039 1480; x_wconf 88' lang='lat' dir='ltr'>quidem</span> <span class='ocrx_word' id='word_1_157' title='bbox 1071 1435 1161 1464; x_wconf 92' lang='lat' dir='ltr'>non</span> <span class='ocrx_word' id='word_1_158' title='bbox 1194 1420 1328 1465; x_wconf 83' lang='lat' dir='ltr'>debet</span> <span class='ocrx_word' id='word_1_159' title='bbox 1348 1421 1492 1465; x_wconf 89' lang='lat' dir='ltr'>velare</span> <span class='ocrx_word' id='word_1_160' title='bbox 1510 1431 1663 1481; x_wconf 87' lang='lat' dir='ltr'>caput,</span> <span class='ocrx_word' id='word_1_161' title='bbox 1690 1437 1791 1466; x_wconf 89' lang='lat' dir='ltr'>cum</span> 
     </span>
     <span class='ocr_line' id='line_1_19' title="bbox 390 1489 1792 1552; baseline 0.001 -17"><span class='ocrx_word' id='word_1_162' title='bbox 390 1511 411 1535; x_wconf 69' lang='lat'>³)</span> <span class='ocrx_word' id='word_1_163' title='bbox 447 1493 500 1537; x_wconf 83' lang='lat' dir='ltr'>sit</span> <span class='ocrx_word' id='word_1_164' title='bbox 521 1493 665 1552; x_wconf 87' lang='lat' dir='ltr'>imago</span> <span class='ocrx_word' id='word_1_165' title='bbox 687 1501 731 1536; x_wconf 93' lang='lat' dir='ltr'>et</span> <span class='ocrx_word' id='word_1_166' title='bbox 753 1490 889 1551; x_wconf 88' lang='lat' dir='ltr'>gloria</span> <span class='ocrx_word' id='word_1_167' title='bbox 909 1491 1032 1535; x_wconf 73' lang='lat' dir='ltr'>Dei&#39;2.</span> <span class='ocrx_word' id='word_1_168' title='bbox 1055 1508 1074 1532; x_wconf 89' lang='lat'>»</span> <span class='ocrx_word' id='word_1_169' title='bbox 1105 1489 1189 1535; x_wconf 91' lang='lat' dir='ltr'>Sed</span> <span class='ocrx_word' id='word_1_170' title='bbox 1213 1491 1356 1549; x_wconf 82' lang='lat' dir='ltr'>imago</span> <span class='ocrx_word' id='word_1_171' title='bbox 1378 1491 1433 1536; x_wconf 92' lang='lat' dir='ltr'>ad</span> <span class='ocrx_word' id='word_1_172' title='bbox 1456 1492 1691 1551; x_wconf 80' lang='lat' dir='ltr'>imaginem</span> <span class='ocrx_word' id='word_1_173' title='bbox 1714 1492 1792 1537; x_wconf 89' lang='lat' dir='ltr'>Dei</span> 
     </span>
     <span class='ocr_line' id='line_1_20' title="bbox 388 1562 1788 1624; baseline -0.001 -14"><span class='ocrx_word' id='word_1_174' title='bbox 388 1564 503 1610; x_wconf 82' lang='lat' dir='ltr'>facta</span> <span class='ocrx_word' id='word_1_175' title='bbox 532 1580 622 1609; x_wconf 91' lang='lat' dir='ltr'>non</span> <span class='ocrx_word' id='word_1_176' title='bbox 655 1573 719 1608; x_wconf 90' lang='lat' dir='ltr'>est</span> <span class='ocrx_word' id='word_1_177' title='bbox 753 1562 932 1624; x_wconf 85' lang='lat' dir='ltr'>aequalis</span> <span class='ocrx_word' id='word_1_178' title='bbox 955 1570 997 1606; x_wconf 89' lang='lat' dir='ltr'>et</span> <span class='ocrx_word' id='word_1_179' title='bbox 1021 1572 1235 1607; x_wconf 75' lang='lat' dir='ltr'>coaeterna</span> <span class='ocrx_word' id='word_1_180' title='bbox 1263 1562 1327 1606; x_wconf 90' lang='lat' dir='ltr'>illi</span> <span class='ocrx_word' id='word_1_181' title='bbox 1370 1564 1493 1624; x_wconf 85' lang='lat' dir='ltr'>cujus</span> <span class='ocrx_word' id='word_1_182' title='bbox 1527 1564 1669 1622; x_wconf 84' lang='lat' dir='ltr'>imago</span> <span class='ocrx_word' id='word_1_183' title='bbox 1703 1573 1788 1621; x_wconf 85' lang='lat' dir='ltr'>est,</span> 
     </span>
     <span class='ocr_line' id='line_1_21' title="bbox 390 1634 1792 1695; baseline -0.001 -13"><span class='ocrx_word' id='word_1_184' title='bbox 390 1653 471 1682; x_wconf 83' lang='lat' dir='ltr'>nec</span> <span class='ocrx_word' id='word_1_185' title='bbox 493 1645 626 1691; x_wconf 82' lang='lat' dir='ltr'>esset,</span> <span class='ocrx_word' id='word_1_186' title='bbox 653 1635 819 1679; x_wconf 87' lang='lat' dir='ltr'>etiamsi</span> <span class='ocrx_word' id='word_1_187' title='bbox 838 1649 1067 1694; x_wconf 87' lang='lat' dir='ltr'>nunquam</span> <span class='ocrx_word' id='word_1_188' title='bbox 1090 1634 1270 1679; x_wconf 89' lang='lat' dir='ltr'>omnino</span> <span class='ocrx_word' id='word_1_189' title='bbox 1285 1642 1518 1695; x_wconf 84' lang='lat' dir='ltr'>peccasset.</span> <span class='ocrx_word' id='word_1_190' title='bbox 1543 1634 1622 1680; x_wconf 91' lang='lat' dir='ltr'>Ille</span> <span class='ocrx_word' id='word_1_191' title='bbox 1643 1645 1792 1680; x_wconf 90' lang='lat' dir='ltr'>autem</span> 
     </span>
     <span class='ocr_line' id='line_1_22' title="bbox 391 1704 1792 1767; baseline -0.002 -13"><span class='ocrx_word' id='word_1_192' title='bbox 391 1723 541 1754; x_wconf 86' lang='lat' dir='ltr'>sensus</span> <span class='ocrx_word' id='word_1_193' title='bbox 555 1716 618 1752; x_wconf 84' lang='lat' dir='ltr'>est</span> <span class='ocrx_word' id='word_1_194' title='bbox 633 1707 779 1767; x_wconf 87' lang='lat' dir='ltr'>potius</span> <span class='ocrx_word' id='word_1_195' title='bbox 793 1705 837 1749; x_wconf 91' lang='lat' dir='ltr'>in</span> <span class='ocrx_word' id='word_1_196' title='bbox 852 1705 919 1749; x_wconf 90' lang='lat' dir='ltr'>his</span> <span class='ocrx_word' id='word_1_197' title='bbox 933 1704 1090 1749; x_wconf 82' lang='lat' dir='ltr'>divinis</span> <span class='ocrx_word' id='word_1_198' title='bbox 1101 1705 1245 1749; x_wconf 74' lang='lat' dir='ltr'>verbis</span> <span class='ocrx_word' id='word_1_199' title='bbox 1263 1704 1489 1765; x_wconf 88' lang='lat' dir='ltr'>eligendus</span> <span class='ocrx_word' id='word_1_200' title='bbox 1502 1741 1512 1761; x_wconf 93' lang='lat'>,</span> <span class='ocrx_word' id='word_1_201' title='bbox 1529 1715 1579 1750; x_wconf 89' lang='lat' dir='ltr'>ut</span> <span class='ocrx_word' id='word_1_202' title='bbox 1589 1705 1688 1751; x_wconf 90' lang='lat' dir='ltr'>ideo</span> <span class='ocrx_word' id='word_1_203' title='bbox 1701 1711 1792 1752; x_wconf 82' lang='lat' dir='ltr'>n01‘1</span> 
     </span>
     <span class='ocr_line' id='line_1_23' title="bbox 389 1776 1792 1838; baseline -0.001 -13"><span class='ocrx_word' id='word_1_204' title='bbox 389 1780 557 1825; x_wconf 88' lang='lat' dir='ltr'>dictum</span> <span class='ocrx_word' id='word_1_205' title='bbox 570 1776 865 1838; x_wconf 84' lang='lat' dir='ltr'>intelligamus</span> <span class='ocrx_word' id='word_1_206' title='bbox 879 1776 1169 1835; x_wconf 78' lang='lat' dir='ltr'>singulariter,</span> <span class='ocrx_word' id='word_1_207' title='bbox 1187 1776 1263 1820; x_wconf 86' lang='lat' dir='ltr'>sed</span> <span class='ocrx_word' id='word_1_208' title='bbox 1274 1776 1516 1836; x_wconf 80' lang='lat' dir='ltr'>pluraliter,</span> <span class='ocrx_word' id='word_1_209' title='bbox 1539 1778 1792 1824; x_wconf 83' lang='lat' dir='ltr'>«Faciamus</span> 
     </span>
     <span class='ocr_line' id='line_1_24' title="bbox 393 1846 1788 1911; baseline 0.002 -19"><span class='ocrx_word' id='word_1_210' title='bbox 393 1869 413 1892; x_wconf 86' lang='lat'>»</span> <span class='ocrx_word' id='word_1_211' title='bbox 448 1851 674 1895; x_wconf 87' lang='lat' dir='ltr'>hominem</span> <span class='ocrx_word' id='word_1_212' title='bbox 689 1849 745 1894; x_wconf 91' lang='lat' dir='ltr'>ad</span> <span class='ocrx_word' id='word_1_213' title='bbox 759 1849 995 1908; x_wconf 87' lang='lat' dir='ltr'>imaginem</span> <span class='ocrx_word' id='word_1_214' title='bbox 1009 1856 1050 1892; x_wconf 87' lang='lat' dir='ltr'>et</span> <span class='ocrx_word' id='word_1_215' title='bbox 1064 1846 1396 1892; x_wconf 88' lang='lat' dir='ltr'>similitudinem</span> <span class='ocrx_word' id='word_1_216' title='bbox 1413 1857 1629 1908; x_wconf 69' lang='lat' dir='ltr'>nostram,</span> <span class='ocrx_word' id='word_1_217' title='bbox 1647 1867 1668 1891; x_wconf 82' lang='lat'>»</span> <span class='ocrx_word' id='word_1_218' title='bbox 1686 1850 1788 1911; x_wconf 88' lang='lat' dir='ltr'>quia</span> 
     </span>
     <span class='ocr_line' id='line_1_25' title="bbox 390 1919 1790 1982; baseline 0 -15"><span class='ocrx_word' id='word_1_219' title='bbox 390 1938 481 1967; x_wconf 91' lang='lat' dir='ltr'>non</span> <span class='ocrx_word' id='word_1_220' title='bbox 504 1921 560 1966; x_wconf 89' lang='lat' dir='ltr'>ad</span> <span class='ocrx_word' id='word_1_221' title='bbox 582 1921 712 1966; x_wconf 85' lang='lat' dir='ltr'>solius</span> <span class='ocrx_word' id='word_1_222' title='bbox 748 1920 911 1975; x_wconf 90' lang='lat' dir='ltr'>Patris,</span> <span class='ocrx_word' id='word_1_223' title='bbox 937 1928 1014 1964; x_wconf 91' lang='lat' dir='ltr'>aut</span> <span class='ocrx_word' id='word_1_224' title='bbox 1045 1919 1176 1964; x_wconf 91' lang='lat' dir='ltr'>solius</span> <span class='ocrx_word' id='word_1_225' title='bbox 1199 1919 1321 1976; x_wconf 80' lang='lat' dir='ltr'>Filii,</span> <span class='ocrx_word' id='word_1_226' title='bbox 1350 1928 1426 1964; x_wconf 91' lang='lat' dir='ltr'>aut</span> <span class='ocrx_word' id='word_1_227' title='bbox 1447 1920 1580 1966; x_wconf 89' lang='lat' dir='ltr'>solius</span> <span class='ocrx_word' id='word_1_228' title='bbox 1605 1922 1790 1982; x_wconf 90' lang='lat' dir='ltr'>Spiritus</span> 
     </span>
     <span class='ocr_line' id='line_1_26' title="bbox 390 1989 1786 2052; baseline 0 -14"><span class='ocrx_word' id='word_1_229' title='bbox 390 1994 549 2048; x_wconf 86' lang='lat' dir='ltr'>sancti,</span> <span class='ocrx_word' id='word_1_230' title='bbox 568 1992 645 2037; x_wconf 89' lang='lat' dir='ltr'>sed</span> <span class='ocrx_word' id='word_1_231' title='bbox 663 1989 720 2036; x_wconf 89' lang='lat' dir='ltr'>ad</span> <span class='ocrx_word' id='word_1_232' title='bbox 734 1991 867 2052; x_wconf 89' lang='lat' dir='ltr'>ipsius</span> <span class='ocrx_word' id='word_1_233' title='bbox 891 1990 1111 2035; x_wconf 88' lang='lat' dir='ltr'>Trinitatis</span> <span class='ocrx_word' id='word_1_234' title='bbox 1133 1990 1371 2050; x_wconf 87' lang='lat' dir='ltr'>imaginem</span> <span class='ocrx_word' id='word_1_235' title='bbox 1387 1991 1530 2037; x_wconf 88' lang='lat' dir='ltr'>factus</span> <span class='ocrx_word' id='word_1_236' title='bbox 1553 2001 1616 2037; x_wconf 90' lang='grc' dir='ltr'>θεῖ</span> <span class='ocrx_word' id='word_1_237' title='bbox 1635 1993 1786 2038; x_wconf 91' lang='lat' dir='ltr'>homo.</span> 
     </span>
     <span class='ocr_line' id='line_1_27' title="bbox 391 2062 1790 2119; baseline 0.001 -11"><span class='ocrx_word' id='word_1_238' title='bbox 391 2068 500 2119; x_wconf 76' lang='lat' dir='ltr'>Quae</span> <span class='ocrx_word' id='word_1_239' title='bbox 541 2064 725 2108; x_wconf 87' lang='lat' dir='ltr'>Trinitas</span> <span class='ocrx_word' id='word_1_240' title='bbox 757 2063 818 2108; x_wconf 91' lang='lat' dir='ltr'>ita</span> <span class='ocrx_word' id='word_1_241' title='bbox 854 2071 918 2107; x_wconf 91' lang='lat' dir='ltr'>est</span> <span class='ocrx_word' id='word_1_242' title='bbox 955 2062 1164 2118; x_wconf 90' lang='lat' dir='ltr'>Trinitas,</span> <span class='ocrx_word' id='word_1_243' title='bbox 1190 2070 1240 2106; x_wconf 89' lang='lat' dir='ltr'>ut</span> <span class='ocrx_word' id='word_1_244' title='bbox 1261 2078 1375 2108; x_wconf 88' lang='lat' dir='ltr'>unus</span> <span class='ocrx_word' id='word_1_245' title='bbox 1396 2066 1511 2108; x_wconf 88' lang='lat' dir='ltr'>Deus</span> <span class='ocrx_word' id='word_1_246' title='bbox 1533 2064 1587 2109; x_wconf 85' lang='lat' dir='ltr'>sit</span> <span class='ocrx_word' id='word_1_247' title='bbox 1611 2084 1620 2110; x_wconf 89' lang='lat'>:</span> <span class='ocrx_word' id='word_1_248' title='bbox 1643 2065 1703 2110; x_wconf 88' lang='lat' dir='ltr'>ita</span> <span class='ocrx_word' id='word_1_249' title='bbox 1725 2073 1790 2110; x_wconf 87' lang='lat' dir='ltr'>est</span> 
     </span>
     <span class='ocr_line' id='line_1_28' title="bbox 390 2134 1781 2198; baseline 0.001 -17"><span class='ocrx_word' id='word_1_250' title='bbox 390 2152 505 2181; x_wconf 88' lang='lat' dir='ltr'>unus</span> <span class='ocrx_word' id='word_1_251' title='bbox 527 2139 664 2191; x_wconf 79' lang='lat' dir='ltr'>Deus,</span> <span class='ocrx_word' id='word_1_252' title='bbox 700 2144 750 2180; x_wconf 89' lang='lat' dir='ltr'>ut</span> <span class='ocrx_word' id='word_1_253' title='bbox 774 2135 959 2179; x_wconf 87' lang='lat' dir='ltr'>Trinitas</span> <span class='ocrx_word' id='word_1_254' title='bbox 981 2135 1050 2179; x_wconf 89' lang='lat' dir='ltr'>sit.</span> <span class='ocrx_word' id='word_1_255' title='bbox 1075 2137 1174 2180; x_wconf 90' lang='lat' dir='ltr'>Non</span> <span class='ocrx_word' id='word_1_256' title='bbox 1206 2134 1323 2179; x_wconf 90' lang='lat' dir='ltr'>enim</span> <span class='ocrx_word' id='word_1_257' title='bbox 1350 2135 1409 2180; x_wconf 88' lang='lat' dir='ltr'>ait</span> <span class='ocrx_word' id='word_1_258' title='bbox 1433 2135 1546 2181; x_wconf 91' lang='lat' dir='ltr'>Filio</span> <span class='ocrx_word' id='word_1_259' title='bbox 1567 2135 1752 2198; x_wconf 86' lang='lat' dir='ltr'>loquens</span> <span class='ocrx_word' id='word_1_260' title='bbox 1772 2147 1781 2182; x_wconf 78' lang='lat' dir='ltr'>i</span> 
     </span>
     <span class='ocr_line' id='line_1_29' title="bbox 390 2206 1788 2268; baseline 0.001 -16"><span class='ocrx_word' id='word_1_261' title='bbox 390 2208 618 2252; x_wconf 88' lang='lat' dir='ltr'>Faciamus</span> <span class='ocrx_word' id='word_1_262' title='bbox 632 2207 857 2252; x_wconf 88' lang='lat' dir='ltr'>hominem</span> <span class='ocrx_word' id='word_1_263' title='bbox 880 2206 935 2250; x_wconf 87' lang='lat' dir='ltr'>ad</span> <span class='ocrx_word' id='word_1_264' title='bbox 956 2206 1192 2266; x_wconf 87' lang='lat' dir='ltr'>imaginem</span> <span class='ocrx_word' id='word_1_265' title='bbox 1214 2215 1360 2263; x_wconf 85' lang='lat' dir='ltr'>tuam,</span> <span class='ocrx_word' id='word_1_266' title='bbox 1386 2216 1463 2252; x_wconf 89' lang='lat' dir='ltr'>aut</span> <span class='ocrx_word' id='word_1_267' title='bbox 1479 2208 1536 2253; x_wconf 92' lang='lat' dir='ltr'>ad</span> <span class='ocrx_word' id='word_1_268' title='bbox 1550 2208 1788 2268; x_wconf 85' lang='lat' dir='ltr'>imaginem</span> 
     </span>
     <span class='ocr_line' id='line_1_30' title="bbox 389 2277 1785 2338; baseline 0.001 -15"><span class='ocrx_word' id='word_1_269' title='bbox 389 2295 558 2338; x_wconf 83' lang='lat' dir='ltr'>meam3</span> <span class='ocrx_word' id='word_1_270' title='bbox 593 2278 668 2323; x_wconf 88' lang='lat' dir='ltr'>sed</span> <span class='ocrx_word' id='word_1_271' title='bbox 694 2277 921 2338; x_wconf 89' lang='lat' dir='ltr'>pluraliter</span> <span class='ocrx_word' id='word_1_272' title='bbox 943 2278 1003 2322; x_wconf 91' lang='lat' dir='ltr'>ait</span> <span class='ocrx_word' id='word_1_273' title='bbox 1025 2297 1033 2323; x_wconf 88' lang='grc'>;</span> <span class='ocrx_word' id='word_1_274' title='bbox 1064 2297 1084 2321; x_wconf 81' lang='lat'>‹&lt;</span> <span class='ocrx_word' id='word_1_275' title='bbox 1115 2278 1185 2323; x_wconf 89' lang='lat' dir='ltr'>Ad</span> <span class='ocrx_word' id='word_1_276' title='bbox 1206 2278 1442 2338; x_wconf 87' lang='lat' dir='ltr'>imaginem</span> <span class='ocrx_word' id='word_1_277' title='bbox 1465 2289 1508 2324; x_wconf 90' lang='lat' dir='ltr'>et</span> <span class='ocrx_word' id='word_1_278' title='bbox 1530 2279 1785 2325; x_wconf 87' lang='lat' dir='ltr'>similitudi-</span> 
     </span>
     <span class='ocr_line' id='line_1_31' title="bbox 392 2349 1784 2412; baseline 0.004 -20"><span class='ocrx_word' id='word_1_279' title='bbox 392 2369 412 2392; x_wconf 87' lang='lat'>»</span> <span class='ocrx_word' id='word_1_280' title='bbox 447 2366 550 2395; x_wconf 87' lang='lat' dir='ltr'>nem</span> <span class='ocrx_word' id='word_1_281' title='bbox 571 2360 794 2395; x_wconf 90' lang='lat' dir='ltr'>nostram:</span> <span class='ocrx_word' id='word_1_282' title='bbox 839 2368 859 2391; x_wconf 89' lang='lat'>»</span> <span class='ocrx_word' id='word_1_283' title='bbox 897 2365 920 2394; x_wconf 90' lang='lat' dir='ltr'>a</span> <span class='ocrx_word' id='word_1_284' title='bbox 953 2366 1040 2411; x_wconf 87' lang='lat' dir='ltr'>qua</span> <span class='ocrx_word' id='word_1_285' title='bbox 1067 2349 1316 2410; x_wconf 88' lang='lat' dir='ltr'>pluralitate</span> <span class='ocrx_word' id='word_1_286' title='bbox 1350 2351 1560 2412; x_wconf 89' lang='lat' dir='ltr'>Spiritum</span> <span class='ocrx_word' id='word_1_287' title='bbox 1583 2362 1784 2397; x_wconf 90' lang='lat' dir='ltr'>sanctum</span> 
     </span>
     <span class='ocr_line' id='line_1_32' title="bbox 388 2421 1784 2484; baseline 0.001 -18"><span class='ocrx_word' id='word_1_288' title='bbox 388 2437 584 2482; x_wconf 89' lang='lat' dir='ltr'>separare</span> <span class='ocrx_word' id='word_1_289' title='bbox 607 2422 704 2483; x_wconf 85' lang='lat' dir='ltr'>quis</span> <span class='ocrx_word' id='word_1_290' title='bbox 727 2421 911 2466; x_wconf 76' lang='lat' dir='ltr'>audeat?</span> <span class='ocrx_word' id='word_1_291' title='bbox 939 2425 1048 2476; x_wconf 78' lang='lat' dir='ltr'>Quae</span> <span class='ocrx_word' id='word_1_292' title='bbox 1075 2421 1301 2481; x_wconf 86' lang='lat' dir='ltr'>pluralitas</span> <span class='ocrx_word' id='word_1_293' title='bbox 1318 2458 1329 2479; x_wconf 93' lang='lat'>,</span> <span class='ocrx_word' id='word_1_294' title='bbox 1348 2423 1559 2484; x_wconf 86' lang='lat' dir='ltr'>quoniam</span> <span class='ocrx_word' id='word_1_295' title='bbox 1583 2439 1674 2469; x_wconf 91' lang='lat' dir='ltr'>non</span> <span class='ocrx_word' id='word_1_296' title='bbox 1696 2432 1784 2468; x_wconf 88' lang='lat' dir='ltr'>tres</span> 
     </span>
    </p>
   </div>
   <div class='ocr_carea' id='block_1_3' title="bbox 386 2518 1773 2618">
    <p class='ocr_par' dir='ltr' id='par_1_4' title="bbox 386 2518 1773 2618">
     <span class='ocr_line' id='line_1_33' title="bbox 436 2518 1773 2563; baseline 0.001 -11"><span class='ocrx_word' id='word_1_297' title='bbox 436 2527 445 2542; x_wconf 88' lang='lat'>¹</span> <span class='ocrx_word' id='word_1_298' title='bbox 476 2519 642 2563; x_wconf 85' lang='lat' dir='ltr'>Reliquum</span> <span class='ocrx_word' id='word_1_299' title='bbox 666 2519 788 2561; x_wconf 82' lang='lat' dir='ltr'>adjecit</span> <span class='ocrx_word' id='word_1_300' title='bbox 816 2518 1011 2561; x_wconf 69' lang='lat' dir='ltr'>Augustinus</span> <span class='ocrx_word' id='word_1_301' title='bbox 1041 2519 1146 2552; x_wconf 84' lang='lat' dir='ltr'>multis</span> <span class='ocrx_word' id='word_1_302' title='bbox 1170 2524 1243 2562; x_wconf 84' lang='lat' dir='ltr'>post</span> <span class='ocrx_word' id='word_1_303' title='bbox 1267 2520 1374 2563; x_wconf 81' lang='lat' dir='ltr'>annis,</span> <span class='ocrx_word' id='word_1_304' title='bbox 1404 2532 1477 2554; x_wconf 87' lang='lat' dir='ltr'>cum</span> <span class='ocrx_word' id='word_1_305' title='bbox 1496 2521 1773 2555; x_wconf 79' lang='lat' dir='ltr'>Retractationum</span> 
     </span>
     <span class='ocr_line' id='line_1_34' title="bbox 386 2575 1364 2618; baseline 0 -11"><span class='ocrx_word' id='word_1_306' title='bbox 386 2575 483 2607; x_wconf 86' lang='lat' dir='ltr'>libros</span> <span class='ocrx_word' id='word_1_307' title='bbox 497 2577 607 2609; x_wconf 76' lang='lat' dir='ltr'>ederet</span> <span class='ocrx_word' id='word_1_308' title='bbox 623 2602 630 2617; x_wconf 91' lang='lat'>,</span> <span class='ocrx_word' id='word_1_309' title='bbox 649 2588 686 2609; x_wconf 51' lang='lat' dir='ltr'>ex</span> <span class='ocrx_word' id='word_1_310' title='bbox 706 2588 717 2608; x_wconf 85' lang='lat'>1</span> <span class='ocrx_word' id='word_1_311' title='bbox 740 2579 884 2609; x_wconf 69' lang='lat' dir='ltr'>Reti-act.</span> <span class='ocrx_word' id='word_1_312' title='bbox 906 2588 924 2609; x_wconf 89' lang='lat' dir='ltr'>c</span> <span class='ocrx_word' id='word_1_313' title='bbox 961 2575 1011 2608; x_wconf 76' lang='lat'>18.</span> <span class='ocrx_word' id='word_1_314' title='bbox 1035 2593 1074 2598; x_wconf 92' lang='lat'>—</span> <span class='ocrx_word' id='word_1_315' title='bbox 1091 2583 1104 2599; x_wconf 82' lang='lat'>²</span> <span class='ocrx_word' id='word_1_316' title='bbox 1129 2588 1140 2608; x_wconf 85' lang='lat'>1</span> <span class='ocrx_word' id='word_1_317' title='bbox 1159 2577 1232 2608; x_wconf 91' lang='lat' dir='ltr'>Cor.</span> <span class='ocrx_word' id='word_1_318' title='bbox 1261 2587 1303 2617; x_wconf 79' lang='lat' dir='ltr'>xi,</span> <span class='ocrx_word' id='word_1_319' title='bbox 1329 2587 1364 2618; x_wconf 70' lang='lat'>7.</span> 
     </span>
    </p>
   </div>
  </div>
 </body>
</html>
