1854 3219
371 212 424 237 DE
456 210 606 238 ofin-1251
638 209 693 235 AD
726 208 966 246 rimarunt,
1001 209 1083 235 Lus.
1121 208 1186 234 111.
1370 195 1454 234 227

785 362 1458 389 mmmmm

588 489 807 545 CAPUT
849 492 962 540 VII.

113 634 357 686 Volatilia
377 652 442 688 (ἐπ’
460 636 601 696 aquis
618 651 717 687 non
738 635 975 686 immerito
1001 632 1226 682 dicuntur
1242 641 1429 681 creata.

143 774 222 818 IX.
254 775 449 821 Pnomm:
480 773 666 818 scienter
694 781 904 834 tanquam
934 771 1117 831 Spiritus
1145 771 1245 827 Dei,
1262 769 1339 831 qui
1367 769 1466 814 scri-

84 844 209 891 benti
237 844 402 902 aderat,
427 861 478 890 ex
501 845 624 907 aquis
654 846 760 890 dicit
782 844 996 905 producta
1026 842 1234 889 volatilia.
1265 845 1466 896 Quorum

84 925 242 962 natura
261 916 519 977 bipartitum
540 916 690 962 locum
711 917 860 962 sortita
877 925 963 961 est:
983 913 1233 960 inferiorem
1249 913 1412 959 scilicet
1428 912 1475 956 in

86 986 206 1035 unda
231 986 367 1044 labili,
392 989 658 1048 superiorem
686 1003 789 1033 vero
809 988 856 1032 in
879 1002 982 1032 aura
1006 985 1160 1031 flabili.
1182 985 1316 1030 Illum
1336 983 1474 1044 depu-

88 1068 230 1105 tatum
251 1060 527 1117 natantibUS,
551 1061 684 1106 istum
700 1060 963 1106 volantibus.
991 1059 1113 1106 Sicut
1133 1058 1237 1104 huic
1259 1057 1476 1102 elemento

89 1147 304 1193 congruos
336 1132 446 1180 duos
474 1135 602 1180 etiam
636 1150 784 1179 sensus
805 1133 1067 1181 animalibus
1100 1133 1223 1178 datos
1253 1132 1474 1187 videmus,

90 1204 302 1251 olfactum
339 1205 613 1266 explorandis
645 1207 902 1267 vaporibus,
943 1215 1164 1265 gustatum
1205 1203 1479 1265 explorandis

91 1276 349 1338 liquoribus.
363 1277 494 1331 Quod
511 1277 627 1322 enim
640 1287 684 1322 et
696 1286 817 1322 tactu
838 1293 969 1338 aquas
985 1286 1226 1337 ventosque
1244 1275 1454 1320 sentimus
1465 1309 1478 1330 ,

92 1348 178 1393 hoc
193 1357 272 1405 est,
288 1348 410 1409 quod
426 1358 551 1394 terrae
569 1349 758 1394 solidum
783 1349 986 1395 omnibus
1007 1347 1272 1393 admiscetur
1293 1346 1485 1397 elemen-

94 1419 173 1467 tis:
197 1419 275 1464 sed
305 1420 352 1465 in
371 1420 437 1465 his
459 1421 735 1465 crassioribus
762 1421 948 1465 sentitur
969 1419 1170 1480 amplius,
1194 1420 1255 1464 ita
1275 1428 1327 1463 ut
1348 1417 1480 1462 etiam

95 1489 317 1550 tangendo
339 1492 599 1536 contrectari
619 1490 807 1537 valeant.
832 1492 1027 1552 Ideoque
1048 1500 1092 1536 et
1119 1491 1199 1536 ista
1232 1490 1279 1534 in
1310 1488 1482 1533 duabus

96 1561 283 1608 maxime
313 1562 471 1608 mundi
488 1563 685 1623 partibus
716 1562 971 1621 generaliter
1003 1572 1130 1607 terrae
1163 1561 1340 1607 nomine
1368 1575 1485 1605 com-

96 1632 375 1693 plectuntur:
405 1634 517 1679 sicut
538 1633 611 1679 ille
636 1634 833 1679 Psalmus
855 1633 1065 1689 ostendit,
1091 1633 1239 1678 omnia
1261 1631 1486 1692 superiora

99 1704 154 1749 ab
175 1703 251 1749 illo
272 1703 485 1764 principio
508 1719 767 1749 enumerans
784 1723 792 1749 :
813 1723 833 1746 «
851 1704 1047 1749 Laudate
1068 1704 1305 1749 Dominum
1327 1702 1382 1747 de
1402 1717 1487 1746 coe-

103 1793 126 1817 »
158 1774 235 1832 lis3
257 1793 278 1817 »
302 1776 537 1836 omniaque
556 1774 762 1820 inferiora
788 1775 842 1820 ab
864 1775 948 1820 alio
980 1775 1216 1836 principio,
1246 1793 1266 1817 η
1293 1773 1488 1819 Laudate

105 1863 126 1886 »
161 1846 398 1890 Dominum
419 1846 473 1890 de
494 1854 630 1902 terra,
659 1864 679 1887 »
705 1846 782 1890 ubi
799 1855 844 1890 et
864 1846 1038 1906 spiritus
1058 1846 1323 1906 tempestatis
1340 1854 1383 1889 et
1400 1860 1490 1890 om-

103 1932 179 1961 nes
201 1917 343 1976 abyssi
364 1917 669 1972 nominantur,
690 1926 734 1961 et
754 1917 864 1976 ignis
893 1917 972 1961 iste
994 1918 1069 1978 qui
1097 1917 1186 1961 urit
1210 1925 1486 1975 tangentem,

104 1987 204 2048 quia
223 1987 278 2032 de
301 1988 480 2032 terrenis
504 1997 546 2032 et
563 1986 754 2032 humidis
772 1988 964 2032 motibus
981 1989 1041 2032 ita
1063 1988 1218 2032 existit.
1237 1997 1287 2031 ut
1303 1986 1491 2032 subinde

102 2066 297 2105 vertatur
328 2057 376 2103 in
408 2057 528 2102 aliud
563 2057 846 2102 elementum.
882 2061 940 2103 Et
969 2059 1168 2119 quamvis
1201 2067 1369 2102 naturae
1402 2072 1492 2102 suae

105 2144 275 2174 sursum
293 2127 475 2173 nitendo
497 2128 660 2173 indicet
677 2130 918 2190 appetitum
929 2165 940 2185 ,
956 2130 1001 2174 in
1019 2129 1241 2174 coelestem
1258 2139 1405 2174 tamen
1423 2144 1492 2174 su-

102 2200 319 2259 periorem
337 2197 700 2260 tranquillitatem
721 2215 811 2245 non
832 2209 976 2260 potest
995 2199 1203 2253 evadere3
1228 2200 1330 2262 quia
1351 2199 1491 2244 multo

104 2272 204 2314 aere
229 2279 458 2330 superatus
480 2279 525 2315 et
546 2270 592 2314 in
619 2285 720 2314 eum
752 2286 984 2316 conversus
1015 2271 1307 2331 extinguitur:
1334 2287 1383 2316 ac
1415 2285 1493 2330 per

106 2340 192 2384 hoc
210 2340 259 2384 in
278 2341 359 2385 ista
379 2355 526 2385 rerum
542 2349 664 2401 parte
681 2341 1033 2402 corruptibiliore
1051 2351 1182 2403 atque
1199 2342 1388 2402 pigriore
1403 2350 1494 2385 tur-

106 2410 299 2456 bulentis
319 2411 512 2456 motibus
535 2411 722 2470 agitatur
744 2410 800 2456 ad
820 2412 1157 2473 temperandum
1174 2414 1264 2474 ejus
1287 2413 1491 2474 rigorem,

105 2489 154 2526 et
170 2481 226 2526 ad
246 2496 349 2526 usus
369 2490 644 2542 terroresque
661 2481 928 2527 mortalium.

171 2554 228 2596 X.
258 2552 376 2606 *Quia
397 2567 501 2612 ergo
522 2552 651 2597 etiam
675 2561 817 2607 tactu,
842 2554 918 2614 qui
942 2555 997 2598 ad
1020 2563 1175 2599 terram
1200 2553 1373 2613 proprie
1405 2567 1501 2613 per-

1301 2624 1364 2663 15.
