<?xml version="1.0" encoding="UTF-8"?>
<!DOCTYPE html PUBLIC "-//W3C//DTD XHTML 1.0 Transitional//EN"
    "http://www.w3.org/TR/xhtml1/DTD/xhtml1-transitional.dtd">
<html xmlns="http://www.w3.org/1999/xhtml" xml:lang="en" lang="en">
 <head>
  <title>
</title>
<meta http-equiv="Content-Type" content="text/html;charset=utf-8" />
  <meta name='ocr-system' content='tesseract 3.04.00' />
  <meta name='ocr-capabilities' content='ocr_page ocr_carea ocr_par ocr_line ocrx_word'/>
</head>
<body>
  <div class='ocr_page' id='page_1' title='image "./operaomniaaccura05auguuoft_0559.png"; bbox 0 0 1854 3219; ppageno 0'>
   <div class='ocr_carea' id='block_1_1' title="bbox 0 2166 37 3219">
    <p class='ocr_par' dir='ltr' id='par_1_1' title="bbox 0 2166 37 3219">
     <span class='ocr_line' id='line_1_1' title="bbox 0 2166 37 3219; baseline 0 0"><span class='ocrx_word' id='word_1_1' title='bbox 0 2166 37 3219; x_wconf 95' lang='lat' dir='ltr'> </span> 
     </span>
    </p>
   </div>
   <div class='ocr_carea' id='block_1_2' title="bbox 362 188 1451 239">
    <p class='ocr_par' dir='ltr' id='par_1_2' title="bbox 362 188 1451 239">
     <span class='ocr_line' id='line_1_2' title="bbox 362 188 1451 239; baseline -0.002 -11"><span class='ocrx_word' id='word_1_2' title='bbox 362 202 417 228; x_wconf 84' lang='lat' dir='ltr'>DE</span> <span class='ocrx_word' id='word_1_3' title='bbox 446 201 596 229; x_wconf 79' lang='lat' dir='ltr'><strong>GENESI</strong></span> <span class='ocrx_word' id='word_1_4' title='bbox 629 197 684 227; x_wconf 81' lang='lat' dir='ltr'>An</span> <span class='ocrx_word' id='word_1_5' title='bbox 716 199 950 239; x_wconf 75' lang='lat' dir='ltr'><strong>LITTERAM7</strong></span> <span class='ocrx_word' id='word_1_6' title='bbox 985 202 1067 228; x_wconf 72' lang='lat' dir='ltr'>Lm.</span> <span class='ocrx_word' id='word_1_7' title='bbox 1104 201 1165 227; x_wconf 78' lang='lat' dir='ltr'>XI.</span> <span class='ocrx_word' id='word_1_8' title='bbox 1368 188 1451 227; x_wconf 79' lang='lat'>527</span> 
     </span>
    </p>
   </div>
   <div class='ocr_carea' id='block_1_3' title="bbox 60 263 1460 1177">
    <p class='ocr_par' dir='ltr' id='par_1_3' title="bbox 60 263 1460 1177">
     <span class='ocr_line' id='line_1_3' title="bbox 67 263 1456 326; baseline -0.002 -16"><span class='ocrx_word' id='word_1_9' title='bbox 67 266 143 311; x_wconf 87' lang='lat' dir='ltr'>det</span> <span class='ocrx_word' id='word_1_10' title='bbox 164 265 298 311; x_wconf 89' lang='lat' dir='ltr'>malos</span> <span class='ocrx_word' id='word_1_11' title='bbox 321 265 493 310; x_wconf 86' lang='lat' dir='ltr'>futuros</span> <span class='ocrx_word' id='word_1_12' title='bbox 507 299 518 320; x_wconf 86' lang='lat'><strong>‚</strong></span> <span class='ocrx_word' id='word_1_13' title='bbox 543 273 587 309; x_wconf 86' lang='lat' dir='ltr'>et</span> <span class='ocrx_word' id='word_1_14' title='bbox 608 274 727 310; x_wconf 87' lang='lat' dir='ltr'>creat</span> <span class='ocrx_word' id='word_1_15' title='bbox 752 284 761 310; x_wconf 92' lang='lat'>:</span> <span class='ocrx_word' id='word_1_16' title='bbox 786 281 830 310; x_wconf 86' lang='lat' dir='ltr'>se</span> <span class='ocrx_word' id='word_1_17' title='bbox 847 266 991 326; x_wconf 87' lang='lat' dir='ltr'>ipsum</span> <span class='ocrx_word' id='word_1_18' title='bbox 1013 265 1069 309; x_wconf 89' lang='lat' dir='ltr'>ad</span> <span class='ocrx_word' id='word_1_19' title='bbox 1086 263 1322 309; x_wconf 85' lang='lat' dir='ltr'>fruendum</span> <span class='ocrx_word' id='word_1_20' title='bbox 1340 279 1456 324; x_wconf 83' lang='lat' dir='ltr'>prae-</span> 
     </span>
     <span class='ocr_line' id='line_1_4' title="bbox 67 334 1453 396; baseline -0.001 -15"><span class='ocrx_word' id='word_1_21' title='bbox 67 337 177 381; x_wconf 84' lang='lat' dir='ltr'>bens</span> <span class='ocrx_word' id='word_1_22' title='bbox 197 337 324 383; x_wconf 88' lang='lat' dir='ltr'>bonis</span> <span class='ocrx_word' id='word_1_23' title='bbox 340 372 352 393; x_wconf 81' lang='lat'>,</span> <span class='ocrx_word' id='word_1_24' title='bbox 375 336 517 381; x_wconf 83' lang='lat' dir='ltr'>multa</span> <span class='ocrx_word' id='word_1_25' title='bbox 546 351 783 381; x_wconf 86' lang='lat' dir='ltr'>munerum</span> <span class='ocrx_word' id='word_1_26' title='bbox 815 352 992 381; x_wconf 85' lang='lat' dir='ltr'>suorum</span> <span class='ocrx_word' id='word_1_27' title='bbox 1015 336 1202 396; x_wconf 78' lang='lat' dir='ltr'>largiens</span> <span class='ocrx_word' id='word_1_28' title='bbox 1236 345 1281 380; x_wconf 88' lang='lat' dir='ltr'>et</span> <span class='ocrx_word' id='word_1_29' title='bbox 1302 334 1426 379; x_wconf 89' lang='lat' dir='ltr'>malis</span> <span class='ocrx_word' id='word_1_30' title='bbox 1442 369 1453 390; x_wconf 84' lang='lat'>‚</span> 
     </span>
     <span class='ocr_line' id='line_1_5' title="bbox 66 405 1457 467; baseline -0.002 -15"><span class='ocrx_word' id='word_1_31' title='bbox 66 407 401 454; x_wconf 83' lang='lat' dir='ltr'>misericorditer</span> <span class='ocrx_word' id='word_1_32' title='bbox 414 408 660 467; x_wconf 79' lang='lat' dir='ltr'>ignoscens,</span> <span class='ocrx_word' id='word_1_33' title='bbox 676 409 794 467; x_wconf 86' lang='lat' dir='ltr'>juste</span> <span class='ocrx_word' id='word_1_34' title='bbox 808 406 1019 452; x_wconf 90' lang='lat' dir='ltr'>ulciscens</span> <span class='ocrx_word' id='word_1_35' title='bbox 1038 428 1049 465; x_wconf 80' lang='lat'>3</span> <span class='ocrx_word' id='word_1_36' title='bbox 1071 407 1266 467; x_wconf 82' lang='lat' dir='ltr'>itemque</span> <span class='ocrx_word' id='word_1_37' title='bbox 1287 405 1457 450; x_wconf 87' lang='lat' dir='ltr'>miseri-</span> 
     </span>
     <span class='ocr_line' id='line_1_6' title="bbox 67 476 1460 539; baseline -0.002 -16"><span class='ocrx_word' id='word_1_38' title='bbox 67 478 259 524; x_wconf 85' lang='lat' dir='ltr'>corditer</span> <span class='ocrx_word' id='word_1_39' title='bbox 278 479 490 523; x_wconf 85' lang='lat' dir='ltr'>ulciscens</span> <span class='ocrx_word' id='word_1_40' title='bbox 505 513 516 535; x_wconf 80' lang='grc'>,</span> <span class='ocrx_word' id='word_1_41' title='bbox 535 479 652 539; x_wconf 85' lang='lat' dir='ltr'>juste</span> <span class='ocrx_word' id='word_1_42' title='bbox 667 478 896 537; x_wconf 82' lang='lat' dir='ltr'>ignoscens</span> <span class='ocrx_word' id='word_1_43' title='bbox 915 497 924 523; x_wconf 92' lang='lat'>:</span> <span class='ocrx_word' id='word_1_44' title='bbox 948 477 1059 522; x_wconf 84' lang='lat' dir='ltr'>nihil</span> <span class='ocrx_word' id='word_1_45' title='bbox 1081 486 1280 522; x_wconf 88' lang='lat' dir='ltr'>metuens</span> <span class='ocrx_word' id='word_1_46' title='bbox 1302 476 1357 521; x_wconf 92' lang='lat' dir='ltr'>de</span> <span class='ocrx_word' id='word_1_47' title='bbox 1380 491 1460 521; x_wconf 86' lang='lat' dir='ltr'>cu·-</span> 
     </span>
     <span class='ocr_line' id='line_1_7' title="bbox 60 547 1455 610; baseline 0 -18"><span class='ocrx_word' id='word_1_48' title='bbox 60 549 266 610; x_wconf 83' lang='lat' dir='ltr'>jusquam</span> <span class='ocrx_word' id='word_1_49' title='bbox 291 548 481 606; x_wconf 88' lang='lat' dir='ltr'>malitia,</span> <span class='ocrx_word' id='word_1_50' title='bbox 509 547 622 593; x_wconf 81' lang='lat' dir='ltr'>nihil</span> <span class='ocrx_word' id='word_1_51' title='bbox 650 547 852 608; x_wconf 82' lang='lat' dir='ltr'>indigens</span> <span class='ocrx_word' id='word_1_52' title='bbox 884 548 940 593; x_wconf 88' lang='lat' dir='ltr'>de</span> <span class='ocrx_word' id='word_1_53' title='bbox 969 549 1231 608; x_wconf 82' lang='lat' dir='ltr'>cujusquam</span> <span class='ocrx_word' id='word_1_54' title='bbox 1257 547 1455 608; x_wconf 83' lang='lat' dir='ltr'>justitia:</span> 
     </span>
     <span class='ocr_line' id='line_1_8' title="bbox 65 617 1459 679; baseline -0.001 -15"><span class='ocrx_word' id='word_1_55' title='bbox 65 620 176 664; x_wconf 83' lang='lat' dir='ltr'>nihi}</span> <span class='ocrx_word' id='word_1_56' title='bbox 206 620 289 665; x_wconf 89' lang='lat' dir='ltr'>sibi</span> <span class='ocrx_word' id='word_1_57' title='bbox 315 619 546 666; x_wconf 85' lang='lat' dir='ltr'>consulens</span> <span class='ocrx_word' id='word_1_58' title='bbox 567 627 648 664; x_wconf 86' lang='lat' dir='ltr'>nec</span> <span class='ocrx_word' id='word_1_59' title='bbox 669 618 726 664; x_wconf 89' lang='lat' dir='ltr'>de</span> <span class='ocrx_word' id='word_1_60' title='bbox 758 620 964 679; x_wconf 89' lang='lat' dir='ltr'>operibus</span> <span class='ocrx_word' id='word_1_61' title='bbox 986 619 1205 664; x_wconf 83' lang='lat' dir='ltr'>bonorum</span> <span class='ocrx_word' id='word_1_62' title='bbox 1222 654 1233 674; x_wconf 85' lang='lat'><strong><em>‚</em></strong></span> <span class='ocrx_word' id='word_1_63' title='bbox 1263 626 1306 662; x_wconf 90' lang='lat' dir='ltr'>et</span> <span class='ocrx_word' id='word_1_64' title='bbox 1332 617 1459 662; x_wconf 90' lang='lat' dir='ltr'>honis</span> 
     </span>
     <span class='ocr_line' id='line_1_9' title="bbox 66 688 1459 751; baseline -0.003 -15"><span class='ocrx_word' id='word_1_65' title='bbox 66 691 301 742; x_wconf 83' lang='lat' dir='ltr'>consulens</span> <span class='ocrx_word' id='word_1_66' title='bbox 315 692 446 736; x_wconf 87' lang='lat' dir='ltr'>etiam</span> <span class='ocrx_word' id='word_1_67' title='bbox 464 690 520 735; x_wconf 90' lang='lat' dir='ltr'>de</span> <span class='ocrx_word' id='word_1_68' title='bbox 535 691 676 751; x_wconf 86' lang='lat' dir='ltr'>poenis</span> <span class='ocrx_word' id='word_1_69' title='bbox 693 688 923 735; x_wconf 82' lang='lat' dir='ltr'>malorum.</span> <span class='ocrx_word' id='word_1_70' title='bbox 942 692 1033 735; x_wconf 91' lang='lat' dir='ltr'>Cur</span> <span class='ocrx_word' id='word_1_71' title='bbox 1049 705 1153 749; x_wconf 86' lang='lat' dir='ltr'>ergo</span> <span class='ocrx_word' id='word_1_72' title='bbox 1169 704 1259 734; x_wconf 93' lang='lat' dir='ltr'>non</span> <span class='ocrx_word' id='word_1_73' title='bbox 1273 689 1459 749; x_wconf 88' lang='lat' dir='ltr'>permit-</span> 
     </span>
     <span class='ocr_line' id='line_1_10' title="bbox 65 759 1454 821; baseline -0.001 -15"><span class='ocrx_word' id='word_1_74' title='bbox 65 770 177 806; x_wconf 87' lang='lat' dir='ltr'>teret</span> <span class='ocrx_word' id='word_1_75' title='bbox 204 763 364 807; x_wconf 87' lang='lat' dir='ltr'>tentari</span> <span class='ocrx_word' id='word_1_76' title='bbox 397 762 622 808; x_wconf 89' lang='lat' dir='ltr'>hominem</span> <span class='ocrx_word' id='word_1_77' title='bbox 642 760 718 806; x_wconf 85' lang='lat' dir='ltr'>illa</span> <span class='ocrx_word' id='word_1_78' title='bbox 744 761 988 806; x_wconf 81' lang='lat' dir='ltr'>tentatione</span> <span class='ocrx_word' id='word_1_79' title='bbox 1015 759 1318 821; x_wconf 82' lang='lat' dir='ltr'>probandum,</span> <span class='ocrx_word' id='word_1_80' title='bbox 1344 772 1454 805; x_wconf 88' lang='lat' dir='ltr'>con-</span> 
     </span>
     <span class='ocr_line' id='line_1_11' title="bbox 65 830 1458 893; baseline -0.001 -17"><span class='ocrx_word' id='word_1_81' title='bbox 65 831 333 877; x_wconf 89' lang='lat' dir='ltr'>vincendum</span> <span class='ocrx_word' id='word_1_82' title='bbox 349 868 360 889; x_wconf 86' lang='lat'>,</span> <span class='ocrx_word' id='word_1_83' title='bbox 396 831 672 893; x_wconf 88' lang='lat' dir='ltr'>puniendum</span> <span class='ocrx_word' id='word_1_84' title='bbox 689 867 700 888; x_wconf 80' lang='grc'>,</span> <span class='ocrx_word' id='word_1_85' title='bbox 740 847 841 876; x_wconf 91' lang='lat' dir='ltr'>cum</span> <span class='ocrx_word' id='word_1_86' title='bbox 875 832 1063 891; x_wconf 86' lang='lat' dir='ltr'>superba</span> <span class='ocrx_word' id='word_1_87' title='bbox 1102 830 1458 891; x_wconf 88' lang='lat' dir='ltr'>concupiscentia</span> 
     </span>
     <span class='ocr_line' id='line_1_12' title="bbox 65 900 1457 963; baseline -0.001 -16"><span class='ocrx_word' id='word_1_88' title='bbox 65 902 255 963; x_wconf 82' lang='lat' dir='ltr'>propriae</span> <span class='ocrx_word' id='word_1_89' title='bbox 276 902 502 963; x_wconf 88' lang='lat' dir='ltr'>potestatis</span> <span class='ocrx_word' id='word_1_90' title='bbox 524 902 647 963; x_wconf 90' lang='lat' dir='ltr'>quod</span> <span class='ocrx_word' id='word_1_91' title='bbox 660 911 918 962; x_wconf 85' lang='lat' dir='ltr'>conceperat</span> <span class='ocrx_word' id='word_1_92' title='bbox 930 910 1101 962; x_wconf 86' lang='lat' dir='ltr'>pareret</span> <span class='ocrx_word' id='word_1_93' title='bbox 1116 937 1127 957; x_wconf 79' lang='lat'>‚</span> <span class='ocrx_word' id='word_1_94' title='bbox 1153 916 1321 962; x_wconf 87' lang='lat' dir='ltr'>suoque</span> <span class='ocrx_word' id='word_1_95' title='bbox 1343 900 1457 945; x_wconf 86' lang='lat' dir='ltr'>foetu</span> 
     </span>
     <span class='ocr_line' id='line_1_13' title="bbox 66 971 1455 1034; baseline -0.001 -16"><span class='ocrx_word' id='word_1_96' title='bbox 66 972 413 1019; x_wconf 75' lang='lat' dir='ltr'>confunderetur</span> <span class='ocrx_word' id='word_1_97' title='bbox 427 1009 439 1028; x_wconf 77' lang='lat'>,</span> <span class='ocrx_word' id='word_1_98' title='bbox 458 975 667 1034; x_wconf 86' lang='lat' dir='ltr'>justoque</span> <span class='ocrx_word' id='word_1_99' title='bbox 690 971 902 1033; x_wconf 90' lang='lat' dir='ltr'>supplicio</span> <span class='ocrx_word' id='word_1_100' title='bbox 924 989 948 1017; x_wconf 91' lang='lat' dir='ltr'>a</span> <span class='ocrx_word' id='word_1_101' title='bbox 970 973 1184 1033; x_wconf 82' lang='lat' dir='ltr'>superbiae</span> <span class='ocrx_word' id='word_1_102' title='bbox 1206 982 1337 1033; x_wconf 91' lang='lat' dir='ltr'>atque</span> <span class='ocrx_word' id='word_1_103' title='bbox 1356 973 1455 1016; x_wconf 87' lang='lat' dir='ltr'>ino-</span> 
     </span>
     <span class='ocr_line' id='line_1_14' title="bbox 66 1044 1458 1106; baseline -0.002 -15"><span class='ocrx_word' id='word_1_104' title='bbox 66 1045 300 1090; x_wconf 84' lang='lat' dir='ltr'>bedientiae</span> <span class='ocrx_word' id='word_1_105' title='bbox 328 1045 446 1091; x_wconf 89' lang='lat' dir='ltr'>malo</span> <span class='ocrx_word' id='word_1_106' title='bbox 472 1055 668 1106; x_wconf 90' lang='lat' dir='ltr'>posteros</span> <span class='ocrx_word' id='word_1_107' title='bbox 696 1044 962 1101; x_wconf 82' lang='lat' dir='ltr'>deterreret,</span> <span class='ocrx_word' id='word_1_108' title='bbox 993 1044 1153 1106; x_wconf 87' lang='lat' dir='ltr'>quibus</span> <span class='ocrx_word' id='word_1_109' title='bbox 1184 1060 1233 1089; x_wconf 91' lang='lat' dir='ltr'>ea</span> <span class='ocrx_word' id='word_1_110' title='bbox 1266 1044 1458 1089; x_wconf 86' lang='lat' dir='ltr'>conscri-</span> 
     </span>
     <span class='ocr_line' id='line_1_15' title="bbox 68 1116 913 1177; baseline -0.001 -16"><span class='ocrx_word' id='word_1_111' title='bbox 68 1116 216 1162; x_wconf 83' lang='lat' dir='ltr'>benda</span> <span class='ocrx_word' id='word_1_112' title='bbox 235 1126 279 1163; x_wconf 86' lang='lat' dir='ltr'>et</span> <span class='ocrx_word' id='word_1_113' title='bbox 300 1116 602 1162; x_wconf 88' lang='lat' dir='ltr'>annuntianda</span> <span class='ocrx_word' id='word_1_114' title='bbox 618 1116 913 1177; x_wconf 78' lang='lat' dir='ltr'>parabantur?</span> 
     </span>
    </p>
   </div>
   <div class='ocr_carea' id='block_1_4' title="bbox 69 1271 1462 1291">
    <p class='ocr_par' dir='ltr' id='par_1_4' title="bbox 69 1271 1462 1291">
     <span class='ocr_line' id='line_1_16' title="bbox 69 1271 1462 1291; baseline -0.001 -1"><span class='ocrx_word' id='word_1_115' title='bbox 69 1273 139 1290; x_wconf 74' lang='lat' dir='ltr'>MM</span> <span class='ocrx_word' id='word_1_116' title='bbox 143 1271 1462 1291; x_wconf 0' lang='lat' dir='ltr'>mmmmmmmm mmwmwvvwmmmkuwtwmmvm=mwum</span> 
     </span>
    </p>
   </div>
   <div class='ocr_carea' id='block_1_5' title="bbox 577 1388 940 1435">
    <p class='ocr_par' dir='ltr' id='par_1_5' title="bbox 577 1388 940 1435">
     <span class='ocr_line' id='line_1_17' title="bbox 577 1388 940 1435; baseline -0.006 0"><span class='ocrx_word' id='word_1_117' title='bbox 577 1388 802 1435; x_wconf 90' lang='lat' dir='ltr'><strong>CAPUT</strong></span> <span class='ocrx_word' id='word_1_118' title='bbox 837 1389 940 1434; x_wconf 90' lang='lat' dir='ltr'><strong>XII.</strong></span> 
     </span>
    </p>
   </div>
   <div class='ocr_carea' id='block_1_6' title="bbox 210 1535 1321 1598">
    <p class='ocr_par' dir='ltr' id='par_1_6' title="bbox 210 1535 1321 1598">
     <span class='ocr_line' id='line_1_18' title="bbox 210 1535 1321 1598; baseline 0 -16"><span class='ocrx_word' id='word_1_119' title='bbox 210 1535 312 1583; x_wconf 77' lang='lat' dir='ltr'>Cur·</span> <span class='ocrx_word' id='word_1_120' title='bbox 331 1537 534 1582; x_wconf 81' lang='lat' dir='ltr'>tentatio</span> <span class='ocrx_word' id='word_1_121' title='bbox 546 1552 638 1597; x_wconf 81' lang='lat' dir='ltr'>per</span> <span class='ocrx_word' id='word_1_122' title='bbox 656 1537 1051 1598; x_wconf 79' lang='lat' dir='ltr'>serpentemfieri</span> <span class='ocrx_word' id='word_1_123' title='bbox 1065 1538 1321 1597; x_wconf 80' lang='lat' dir='ltr'>permissa.</span> 
     </span>
    </p>
   </div>
   <div class='ocr_carea' id='block_1_7' title="bbox 71 1671 1471 2586">
    <p class='ocr_par' dir='ltr' id='par_1_7' title="bbox 71 1671 1471 2586">
     <span class='ocr_line' id='line_1_19' title="bbox 130 1671 1462 1733; baseline 0 -17"><span class='ocrx_word' id='word_1_124' title='bbox 130 1673 251 1716; x_wconf 85' lang='lat' dir='ltr'><strong>XVI.</strong></span> <span class='ocrx_word' id='word_1_125' title='bbox 290 1674 335 1717; x_wconf 80' lang='lat' dir='ltr'>St</span> <span class='ocrx_word' id='word_1_126' title='bbox 357 1681 503 1716; x_wconf 87' lang='lat' dir='ltr'>autem</span> <span class='ocrx_word' id='word_1_127' title='bbox 537 1672 765 1732; x_wconf 82' lang='lat' dir='ltr'>quaeritur,</span> <span class='ocrx_word' id='word_1_128' title='bbox 798 1688 876 1716; x_wconf 88' lang='lat' dir='ltr'>cur</span> <span class='ocrx_word' id='word_1_129' title='bbox 895 1671 1168 1732; x_wconf 87' lang='lat' dir='ltr'>potissimum</span> <span class='ocrx_word' id='word_1_130' title='bbox 1187 1687 1265 1733; x_wconf 91' lang='lat' dir='ltr'>per</span> <span class='ocrx_word' id='word_1_131' title='bbox 1286 1687 1462 1732; x_wconf 86' lang='lat' dir='ltr'>serpen-</span> 
     </span>
     <span class='ocr_line' id='line_1_20' title="bbox 71 1743 1464 1804; baseline -0.001 -16"><span class='ocrx_word' id='word_1_132' title='bbox 71 1752 163 1788; x_wconf 85' lang='lat' dir='ltr'>tem</span> <span class='ocrx_word' id='word_1_133' title='bbox 199 1743 403 1787; x_wconf 84' lang='lat' dir='ltr'>diabolus</span> <span class='ocrx_word' id='word_1_134' title='bbox 427 1751 593 1786; x_wconf 89' lang='lat' dir='ltr'>tentare</span> <span class='ocrx_word' id='word_1_135' title='bbox 614 1744 847 1803; x_wconf 83' lang='lat' dir='ltr'>permissus</span> <span class='ocrx_word' id='word_1_136' title='bbox 873 1744 928 1787; x_wconf 88' lang='lat' dir='ltr'>sit</span> <span class='ocrx_word' id='word_1_137' title='bbox 943 1779 953 1799; x_wconf 79' lang='grc'>,</span> <span class='ocrx_word' id='word_1_138' title='bbox 973 1745 1062 1804; x_wconf 84' lang='lat' dir='ltr'>jam</span> <span class='ocrx_word' id='word_1_139' title='bbox 1088 1744 1172 1788; x_wconf 89' lang='lat' dir='ltr'>hoc</span> <span class='ocrx_word' id='word_1_140' title='bbox 1195 1743 1464 1802; x_wconf 80' lang='lat' dir='ltr'>significandi</span> 
     </span>
     <span class='ocr_line' id='line_1_21' title="bbox 74 1813 1465 1874; baseline 0.001 -16"><span class='ocrx_word' id='word_1_141' title='bbox 74 1815 210 1874; x_wconf 83' lang='lat' dir='ltr'>gratia</span> <span class='ocrx_word' id='word_1_142' title='bbox 237 1813 403 1859; x_wconf 88' lang='lat' dir='ltr'>factum</span> <span class='ocrx_word' id='word_1_143' title='bbox 424 1829 538 1868; x_wconf 83' lang='lat' dir='ltr'>esse,</span> <span class='ocrx_word' id='word_1_144' title='bbox 568 1825 704 1874; x_wconf 87' lang='lat' dir='ltr'>quem</span> <span class='ocrx_word' id='word_1_145' title='bbox 729 1829 819 1858; x_wconf 91' lang='lat' dir='ltr'>non</span> <span class='ocrx_word' id='word_1_146' title='bbox 837 1814 1070 1858; x_wconf 87' lang='lat' dir='ltr'>admoneat</span> <span class='ocrx_word' id='word_1_147' title='bbox 1089 1815 1310 1874; x_wconf 86' lang='lat' dir='ltr'>Scriptura</span> <span class='ocrx_word' id='word_1_148' title='bbox 1332 1825 1465 1860; x_wconf 79' lang='lat' dir='ltr'>tantae</span> 
     </span>
     <span class='ocr_line' id='line_1_22' title="bbox 73 1885 1466 1947; baseline 0.001 -17"><span class='ocrx_word' id='word_1_149' title='bbox 73 1885 341 1930; x_wconf 87' lang='lat' dir='ltr'>auctoritatis</span> <span class='ocrx_word' id='word_1_150' title='bbox 357 1921 367 1941; x_wconf 81' lang='lat'>‚</span> <span class='ocrx_word' id='word_1_151' title='bbox 403 1885 536 1929; x_wconf 84' lang='lat' dir='ltr'>tantis</span> <span class='ocrx_word' id='word_1_152' title='bbox 564 1885 811 1930; x_wconf 88' lang='lat' dir='ltr'>Divinitatis</span> <span class='ocrx_word' id='word_1_153' title='bbox 838 1885 1110 1931; x_wconf 86' lang='lat' dir='ltr'>documentis</span> <span class='ocrx_word' id='word_1_154' title='bbox 1142 1903 1273 1946; x_wconf 80' lang='lat' dir='ltr'>agens</span> <span class='ocrx_word' id='word_1_155' title='bbox 1295 1887 1340 1931; x_wconf 92' lang='lat' dir='ltr'>in</span> <span class='ocrx_word' id='word_1_156' title='bbox 1367 1903 1466 1947; x_wconf 87' lang='lat' dir='ltr'>pro-</span> 
     </span>
     <span class='ocr_line' id='line_1_23' title="bbox 73 1954 1466 2017; baseline 0.001 -18"><span class='ocrx_word' id='word_1_157' title='bbox 73 1954 297 2016; x_wconf 88' lang='lat' dir='ltr'>phetando</span> <span class='ocrx_word' id='word_1_158' title='bbox 312 1991 322 2011; x_wconf 85' lang='lat'>‚</span> <span class='ocrx_word' id='word_1_159' title='bbox 343 1955 515 2016; x_wconf 84' lang='lat' dir='ltr'>quantis</span> <span class='ocrx_word' id='word_1_160' title='bbox 539 1955 705 2000; x_wconf 85' lang='lat' dir='ltr'>effectis</span> <span class='ocrx_word' id='word_1_161' title='bbox 722 1957 811 2016; x_wconf 85' lang='lat' dir='ltr'>jam</span> <span class='ocrx_word' id='word_1_162' title='bbox 833 1955 1024 2000; x_wconf 90' lang='lat' dir='ltr'>mundus</span> <span class='ocrx_word' id='word_1_163' title='bbox 1041 1956 1248 2017; x_wconf 91' lang='lat' dir='ltr'>impletus</span> <span class='ocrx_word' id='word_1_164' title='bbox 1267 1959 1466 2004; x_wconf 68' lang='lat' dir='ltr'>estPNon</span> 
     </span>
     <span class='ocr_line' id='line_1_24' title="bbox 74 2025 1469 2088; baseline 0.001 -18"><span class='ocrx_word' id='word_1_165' title='bbox 74 2025 197 2088; x_wconf 85' lang='lat' dir='ltr'>quod</span> <span class='ocrx_word' id='word_1_166' title='bbox 218 2025 419 2071; x_wconf 81' lang='lat' dir='ltr'>diabol-us</span> <span class='ocrx_word' id='word_1_167' title='bbox 439 2025 617 2087; x_wconf 40' lang='lat' dir='ltr'>*aliquid</span> <span class='ocrx_word' id='word_1_168' title='bbox 646 2025 702 2070; x_wconf 90' lang='lat' dir='ltr'>ad</span> <span class='ocrx_word' id='word_1_169' title='bbox 733 2027 1063 2071; x_wconf 83' lang='lat' dir='ltr'>instructionem</span> <span class='ocrx_word' id='word_1_170' title='bbox 1088 2037 1279 2072; x_wconf 88' lang='lat' dir='ltr'>nostram</span> <span class='ocrx_word' id='word_1_171' title='bbox 1303 2028 1469 2087; x_wconf 81' lang='lat' dir='ltr'>signifi-</span> 
     </span>
     <span class='ocr_line' id='line_1_25' title="bbox 75 2096 1468 2160; baseline 0.001 -18"><span class='ocrx_word' id='word_1_172' title='bbox 75 2112 174 2142; x_wconf 84' lang='lat' dir='ltr'>care</span> <span class='ocrx_word' id='word_1_173' title='bbox 194 2096 383 2141; x_wconf 87' lang='lat' dir='ltr'>voluerit</span> <span class='ocrx_word' id='word_1_174' title='bbox 399 2133 410 2152; x_wconf 85' lang='lat'>‚</span> <span class='ocrx_word' id='word_1_175' title='bbox 444 2096 521 2141; x_wconf 89' lang='lat' dir='ltr'>sed</span> <span class='ocrx_word' id='word_1_176' title='bbox 541 2112 643 2142; x_wconf 91' lang='lat' dir='ltr'>cum</span> <span class='ocrx_word' id='word_1_177' title='bbox 666 2096 871 2142; x_wconf 82' lang='lat' dir='ltr'>accedere</span> <span class='ocrx_word' id='word_1_178' title='bbox 900 2097 955 2142; x_wconf 85' lang='lat' dir='ltr'>ad</span> <span class='ocrx_word' id='word_1_179' title='bbox 972 2098 1232 2151; x_wconf 86' lang='lat' dir='ltr'>tentandum</span> <span class='ocrx_word' id='word_1_180' title='bbox 1254 2115 1345 2144; x_wconf 90' lang='lat' dir='ltr'>non</span> <span class='ocrx_word' id='word_1_181' title='bbox 1366 2114 1468 2160; x_wconf 50' lang='lat' dir='ltr'>pos*-</span> 
     </span>
     <span class='ocr_line' id='line_1_26' title="bbox 76 2168 1467 2232; baseline 0.002 -19"><span class='ocrx_word' id='word_1_182' title='bbox 76 2175 142 2213; x_wconf 81' lang='lat' dir='ltr'>set&#39;</span> <span class='ocrx_word' id='word_1_183' title='bbox 164 2168 245 2212; x_wconf 83' lang='lat' dir='ltr'>nisi</span> <span class='ocrx_word' id='word_1_184' title='bbox 267 2168 523 2228; x_wconf 76' lang='lat' dir='ltr'>permissus,</span> <span class='ocrx_word' id='word_1_185' title='bbox 563 2184 672 2212; x_wconf 89' lang='lat' dir='ltr'>num</span> <span class='ocrx_word' id='word_1_186' title='bbox 697 2184 776 2228; x_wconf 90' lang='lat' dir='ltr'>per</span> <span class='ocrx_word' id='word_1_187' title='bbox 797 2169 916 2214; x_wconf 83' lang='lat' dir='ltr'>aliud</span> <span class='ocrx_word' id='word_1_188' title='bbox 938 2179 1083 2229; x_wconf 86' lang='lat' dir='ltr'>posset</span> <span class='ocrx_word' id='word_1_189' title='bbox 1099 2205 1110 2224; x_wconf 90' lang='lat'>‚</span> <span class='ocrx_word' id='word_1_190' title='bbox 1135 2170 1216 2215; x_wconf 88' lang='lat' dir='ltr'>nisi</span> <span class='ocrx_word' id='word_1_191' title='bbox 1248 2186 1326 2231; x_wconf 86' lang='lat' dir='ltr'>per</span> <span class='ocrx_word' id='word_1_192' title='bbox 1347 2171 1467 2232; x_wconf 88' lang='lat' dir='ltr'>quod</span> 
     </span>
     <span class='ocr_line' id='line_1_27' title="bbox 77 2237 1471 2302; baseline 0.004 -20"><span class='ocrx_word' id='word_1_193' title='bbox 77 2238 419 2300; x_wconf 60' lang='lat' dir='ltr'>permittebatur*</span> <span class='ocrx_word' id='word_1_194' title='bbox 443 2237 677 2283; x_wconf 67' lang='lat' dir='ltr'>accede-re?</span> <span class='ocrx_word' id='word_1_195' title='bbox 704 2238 931 2300; x_wconf 82' lang='lat' dir='ltr'>Quidquid</span> <span class='ocrx_word' id='word_1_196' title='bbox 949 2240 1083 2298; x_wconf 82' lang='lat' dir='ltr'>igitur</span> <span class='ocrx_word' id='word_1_197' title='bbox 1101 2241 1366 2301; x_wconf 87' lang='lat' dir='ltr'>serpensille</span> <span class='ocrx_word' id='word_1_198' title='bbox 1390 2243 1471 2302; x_wconf 82' lang='lat' dir='ltr'>sig-</span> 
     </span>
     <span class='ocr_line' id='line_1_28' title="bbox 79 2309 1469 2373; baseline 0.003 -19"><span class='ocrx_word' id='word_1_199' title='bbox 79 2310 272 2355; x_wconf 81' lang='lat' dir='ltr'>nificavi&#39;t</span> <span class='ocrx_word' id='word_1_200' title='bbox 286 2345 298 2365; x_wconf 74' lang='grc'>,</span> <span class='ocrx_word' id='word_1_201' title='bbox 318 2310 358 2354; x_wconf 86' lang='lat' dir='ltr'>ei</span> <span class='ocrx_word' id='word_1_202' title='bbox 378 2309 665 2370; x_wconf 78' lang='lat' dir='ltr'>providentiae</span> <span class='ocrx_word' id='word_1_203' title='bbox 685 2309 970 2354; x_wconf 76' lang='lat' dir='ltr'>tribuendum</span> <span class='ocrx_word' id='word_1_204' title='bbox 994 2320 1057 2355; x_wconf 85' lang='lat' dir='ltr'>est</span> <span class='ocrx_word' id='word_1_205' title='bbox 1072 2347 1082 2367; x_wconf 81' lang='lat'><em>‚</em></span> <span class='ocrx_word' id='word_1_206' title='bbox 1103 2312 1184 2356; x_wconf 90' lang='lat' dir='ltr'>sub</span> <span class='ocrx_word' id='word_1_207' title='bbox 1208 2329 1294 2373; x_wconf 87' lang='lat' dir='ltr'>qua</span> <span class='ocrx_word' id='word_1_208' title='bbox 1316 2322 1359 2357; x_wconf 89' lang='lat' dir='ltr'>et</span> <span class='ocrx_word' id='word_1_209' title='bbox 1379 2314 1469 2373; x_wconf 91' lang='lat' dir='ltr'>ipse</span> 
     </span>
     <span class='ocr_line' id='line_1_29' title="bbox 81 2379 1468 2442; baseline 0.002 -17"><span class='ocrx_word' id='word_1_210' title='bbox 81 2380 285 2426; x_wconf 88' lang='lat' dir='ltr'>diabolus</span> <span class='ocrx_word' id='word_1_211' title='bbox 322 2384 446 2425; x_wconf 86' lang='lat' dir='ltr'>suam</span> <span class='ocrx_word' id='word_1_212' title='bbox 478 2379 658 2441; x_wconf 88' lang='lat' dir='ltr'>quidem</span> <span class='ocrx_word' id='word_1_213' title='bbox 693 2380 829 2425; x_wconf 87' lang='lat' dir='ltr'>habet</span> <span class='ocrx_word' id='word_1_214' title='bbox 851 2381 1135 2441; x_wconf 87' lang='lat' dir='ltr'>cupiditatem</span> <span class='ocrx_word' id='word_1_215' title='bbox 1158 2383 1375 2442; x_wconf 81' lang='lat' dir='ltr'>nocendi3</span> <span class='ocrx_word' id='word_1_216' title='bbox 1400 2383 1468 2428; x_wconf 81' lang='lat' dir='ltr'>fa-</span> 
     </span>
     <span class='ocr_line' id='line_1_30' title="bbox 82 2449 1470 2512; baseline 0.003 -16"><span class='ocrx_word' id='word_1_217' title='bbox 82 2451 292 2497; x_wconf 78' lang='lat' dir='ltr'>cultatem</span> <span class='ocrx_word' id='word_1_218' title='bbox 330 2461 475 2496; x_wconf 87' lang='lat' dir='ltr'>autem</span> <span class='ocrx_word' id='word_1_219' title='bbox 508 2451 681 2497; x_wconf 90' lang='lat' dir='ltr'>nonnisi</span> <span class='ocrx_word' id='word_1_220' title='bbox 703 2467 803 2512; x_wconf 72' lang='lat' dir='ltr'>quae</span> <span class='ocrx_word' id='word_1_221' title='bbox 836 2451 980 2508; x_wconf 86' lang='lat' dir='ltr'>datur,</span> <span class='ocrx_word' id='word_1_222' title='bbox 1007 2449 1081 2498; x_wconf 85' lang='lat' dir='ltr'>vel</span> <span class='ocrx_word' id='word_1_223' title='bbox 1100 2450 1158 2499; x_wconf 75' lang='lat' dir='ltr'>ad³</span> <span class='ocrx_word' id='word_1_224' title='bbox 1177 2454 1470 2500; x_wconf 85' lang='lat' dir='ltr'>subvertenda</span> 
     </span>
     <span class='ocr_line' id='line_1_31' title="bbox 86 2521 1467 2586; baseline 0.001 -17"><span class='ocrx_word' id='word_1_225' title='bbox 86 2539 136 2569; x_wconf 87' lang='lat' dir='ltr'>ac</span> <span class='ocrx_word' id='word_1_226' title='bbox 157 2522 380 2584; x_wconf 88' lang='lat' dir='ltr'>perdenda</span> <span class='ocrx_word' id='word_1_227' title='bbox 414 2538 513 2568; x_wconf 87' lang='lat' dir='ltr'>vasa</span> <span class='ocrx_word' id='word_1_228' title='bbox 544 2522 619 2567; x_wconf 80' lang='lat' dir='ltr'>irae</span> <span class='ocrx_word' id='word_1_229' title='bbox 633 2557 644 2578; x_wconf 88' lang='lat'>‚</span> <span class='ocrx_word' id='word_1_230' title='bbox 668 2521 739 2568; x_wconf 87' lang='lat' dir='ltr'>vel</span> <span class='ocrx_word' id='word_1_231' title='bbox 758 2522 815 2568; x_wconf 88' lang='lat' dir='ltr'>ad</span> <span class='ocrx_word' id='word_1_232' title='bbox 834 2523 1104 2569; x_wconf 85' lang='lat' dir='ltr'>humilianda</span> <span class='ocrx_word' id='word_1_233' title='bbox 1124 2526 1212 2571; x_wconf 85' lang='lat' dir='ltr'>sive</span> <span class='ocrx_word' id='word_1_234' title='bbox 1240 2524 1467 2586; x_wconf 83' lang='lat' dir='ltr'>probanda</span> 
     </span>
    </p>
   </div>
  </div>
 </body>
</html>
