1854 3219
352 237 408 264 DE
438 236 589 265 GENESI
621 232 676 263 AD
699 235 942 275 LITTERAM,
968 238 1050 265 Lm.
1079 238 1122 264 x.
1355 224 1440 264 499

60 309 293 359 gravantur
304 316 498 360 corpore,
509 299 630 360 quod
637 302 853 361 corrumpi
862 311 929 345 tur
942 311 984 345 et
995 310 1197 360 aggravat
1211 300 1415 345 animam1
1427 302 1445 344 P

61 370 148 417 Sed
171 387 316 433 neque
337 372 448 417 actio
468 380 559 416 erat
587 370 732 432 aliqua
754 371 1024 430 singularum
1051 386 1326 432 quarumque
1349 371 1445 414 ani-

62 456 256 498 marum,
281 458 369 502 qua
390 457 540 486 earum
559 456 701 486 mores
723 440 1085 497 discernerentur,
1113 451 1347 501 antequam
1368 455 1447 485 ve-

62 513 208 557 nirent
227 511 283 557 ad
303 528 513 573 corpora;
539 527 619 558 nec
639 527 691 556 ex
711 528 891 572 corpore
907 513 1052 557 minus
1076 521 1281 571 gravante
1302 511 1448 570 potuit

57 583 136 628 iste
159 582 302 628 dicere
322 584 512 628 animam
534 598 654 628 suam
671 583 832 627 bonam
849 619 860 638 ,
886 584 962 644 qui
984 584 1042 627 ait
1062 599 1071 623 z
1097 601 1117 625 «
1140 582 1324 627 Sortitus
1349 597 1448 625 sum

62 672 83 696 »
117 654 308 699 animam
338 653 529 710 bonam,
561 663 607 699 et
630 668 733 698 cum
754 668 890 698 essem
916 654 1052 711 magis
1077 654 1243 708 bonus,
1266 651 1368 697 veni
1392 652 1450 696 ad

62 743 84 767 »
119 740 276 785 corpus
289 725 668 786 incoinquinatum
683 727 714 769 ¹.
744 744 764 767 »
788 725 1027 770 Accessisse
1046 724 1164 768 enim
1185 723 1295 768 dixit
1316 723 1447 768 boni-

61 797 165 852 tati,
189 812 278 857 qua
298 796 440 842 bonus
459 807 571 853 erat,
606 797 783 842 sortitus
813 795 1016 841 videlicet
1038 797 1227 840 animam
1259 795 1445 850 bonam,

61 876 112 912 ut
131 868 263 912 etiam
283 868 340 912 ad
356 883 514 928 corpus
533 867 914 928 incoinquinatum
935 867 1117 911 veniret.
1138 865 1329 910 Aliunde
1347 881 1452 923 ergo

61 939 206 984 honus
221 947 458 999 antequam
470 939 639 984 veniret
655 937 712 984 ad
731 954 888 999 corpus
909 957 922 982 2
942 937 1019 982 sed
1040 938 1194 997 utique
1217 953 1308 981 non
1329 936 1455 981 diffe-

62 1010 201 1055 rentia
227 1025 422 1066 morum,
454 1011 556 1071 quia
578 1010 752 1054 nullum
774 1018 901 1054 antea
927 1009 1029 1054 vitae
1053 1018 1183 1067 gestae
1216 1009 1452 1066 meritum3

64 1097 155 1126 non
176 1081 423 1126 differentia
445 1082 659 1142 corporis,
684 1082 786 1143 quia
808 1081 929 1141 prius
959 1081 1103 1126 bonus
1125 1096 1258 1141 quam
1288 1080 1458 1124 veniret

65 1153 122 1198 ad
140 1168 312 1213 corpus.
338 1153 464 1198 Unde
485 1153 650 1213 igitur?

123 1225 289 1267 XXXI.
325 1226 420 1269 Hoc
446 1233 593 1268 autem
626 1223 732 1279 illis,
762 1225 839 1285 qui
864 1239 915 1268 ex
942 1224 1123 1268 traduce
1156 1224 1313 1268 animae
1342 1222 1460 1267 illius

65 1294 419 1354 praevaricatricis
437 1295 599 1339 animas
617 1295 753 1339 creari
771 1304 987 1351 asserunt,
1008 1295 1205 1355 quamvis
1222 1310 1302 1354 pro
1315 1294 1374 1338 eis
1391 1309 1462 1339 so·-

66 1380 170 1410 nare
191 1380 283 1410 non
297 1364 499 1410 videatur
513 1400 524 1420 ‚
549 1365 672 1426 quod
693 1365 861 1410 dictum
876 1376 966 1411 est:
996 1366 1133 1410 «Veni
1156 1366 1212 1410 ad
1233 1382 1413 1425 corpus,
1437 1383 1459 1407 >2

66 1436 274 1480 tamenin
294 1435 460 1480 caeteris
474 1451 565 1480 non
578 1437 819 1494 incongrue
840 1446 1095 1496 coaptatur3
1126 1446 1176 1480 ut
1205 1451 1308 1480 011111
1329 1435 1464 1481 dixis-

63 1516 133 1552 set
151 1526 161 1552 ι
189 1525 212 1550 <t
231 1510 345 1551 Puer
366 1516 513 1552 autem
534 1523 652 1552 eram
668 1508 918 1566 ingeniosus
932 1544 943 1564 ‚
976 1526 997 1549 >›
1030 1508 1221 1568 idipsum
1243 1507 1463 1568 explicans

69 1577 229 1638 quibus
242 1578 381 1622 causis
393 1577 643 1636 ingeniosus
660 1587 769 1622 esset
780 1613 791 1633 ‚
806 1579 1016 1623 continuo
1032 1578 1318 1638 subjungeret
1337 1598 1347 1623 2
1363 1598 1384 1621 «
1407 1581 1467 1623 Et

7 1679 11 1686 ,
73 1667 94 1691 1)
127 1649 304 1694 sortitus
331 1664 429 1694 sum
440 1650 631 1694 animam
648 1650 833 1705 bonam,
861 1667 883 1691 1)
909 1649 1114 1695 videlicet
1134 1665 1184 1693 ex
1197 1659 1380 1708 paterno
1396 1650 1466 1693 in-

71 1720 199 1779 genio
217 1718 290 1765 vel
310 1718 525 1780 corporali
543 1729 903 1781 temperamento.
926 1720 1114 1775 Deinde,
1136 1739 1155 1762 «
1172 1722 1285 1765 Cum
1304 1736 1462 1777 essem,

73 1807 96 1832 2>
130 1790 275 1851 inquit
287 1825 298 1846 ‚
313 1790 449 1850 magis
467 1790 610 1835 honus
627 1825 637 1845 ‚
652 1791 752 1835 veni
767 1790 822 1834 ad
835 1806 992 1850 corpus
1011 1790 1394 1851 incoinquinatum
1413 1811 1420 1836 :
1441 1810 1461 1833 u

74 1860 196 1922 quod
216 1862 252 1906 si
278 1870 527 1906 maternum
547 1861 819 1921 intelligatur
834 1897 844 1917 ‚
861 1878 916 1906 ne
936 1863 1022 1906 hoc
1043 1861 1221 1923 quidem
1235 1862 1358 1923 quod
1371 1863 1465 1907 dic-

75 1941 170 1977 tum
191 1941 285 1977 est:
309 1950 328 1973 «
354 1932 466 1976 Veni
487 1931 544 1976 ad
564 1947 722 1992 corpus
738 1967 749 1988 ‚
774 1951 794 1974 n
820 1932 923 1977 huic
946 1933 1142 1993 opinioni
1156 1932 1464 1993 refragabitur,

69 2019 176 2049 cum
194 2019 246 2048 ex
273 2004 418 2048 anima
443 2013 488 2047 et
514 2019 696 2064 corpore
729 2016 910 2064 paterno
934 2006 1100 2050 venisse
1132 2006 1188 2049 ad
1219 2015 1468 2050 maternum

72 2090 232 2135 corpus
260 2074 471 2135 accipitur
500 2075 905 2135 incoinquinatum,
929 2075 1134 2121 videlicet
1149 2075 1221 2121 vel
1249 2093 1273 2121 a
1313 2093 1469 2123 cruore

74 2155 324 2204 menstruo3
357 2145 565 2191 dicuntur
595 2146 712 2191 enim
738 2163 789 2191 ex
811 2148 896 2192 hoc
922 2147 1095 2207 ingenia
1124 2149 1317 2207 gravari:
1343 2148 1415 2193 vel
1446 2165 1472 2194 a

75 2217 446 2262 contaminatione
474 2215 734 2262 adulterina.
771 2221 837 2262 Ita
868 2228 912 2262 et
942 2219 1037 2263 haec
1059 2219 1192 2263 verba
1213 2218 1314 2264 libri
1335 2220 1467 2280 hujus

73 2297 155 2333 aut
173 2288 310 2347 magis
331 2288 390 2333 eis
406 2288 556 2333 favent
572 2323 583 2345 ‚
603 2289 680 2349 qui
697 2290 940 2334 animarum
958 2291 1184 2336 traducem
1200 2290 1468 2352 loquuntur3

78 2367 155 2403 aut
173 2358 207 2404 si
219 2367 264 2403 et
281 2358 354 2403 isti
374 2374 425 2404 ea
445 2368 626 2420 possunt
646 2375 726 2419 pro
739 2375 783 2404 se
803 2360 1103 2421 interpretari,
1128 2361 1243 2407 inter
1260 2372 1470 2423 utrosque

48 2463 60 2469 -
72 2429 313 2476 alternant.
1276 2436 1282 2440 ”

126 2528 293 2571 ¹·Sap.1x,
315 2527 368 2561 15.
387 2545 430 2552 —
445 2530 463 2552 ’ὲ
485 2529 619 2572 1d.vm‚
642 2540 698 2573 19,
715 2538 772 2563 20.
