1854 3219
324 254 378 279 DE
411 253 562 280 cmvi-:51
595 249 650 277 Ao
681 251 929 288 ΜΤΤΕΠΑΜ,
966 252 1048 278 Lus.
1086 252 1162 277 vu.
1348 239 1430 278 385

47 318 178 378 gendi
210 333 386 363 sensum
413 316 604 372 faciunt,
628 331 705 376 per
736 324 895 361 cuncta
922 316 1118 360 membra
1149 313 1431 361 diffundant:

47 404 148 434 cum
164 388 296 449 igitur
316 388 384 433 his
405 387 528 448 quasi
551 387 715 432 nuntiis
736 387 918 447 accipiat
939 387 1082 431 anima
1105 386 1322 448 quidquid
1339 402 1434 431 eam

46 460 339 520 corporalium
359 475 449 504 non
481 458 609 515 latet,
634 459 726 519 ipsa
744 474 848 503 vero
870 474 1008 519 usque
1032 458 1142 502 adeo
1164 457 1284 502 aliud
1306 457 1436 519 quid-

48 531 147 577 dam
172 533 241 589 sit,
261 541 312 577 ut
326 546 428 577 cum
446 530 540 576 vult
554 529 810 590 intelligere,
830 529 901 574 vel
917 530 1078 585 divina,
1099 529 1168 574 vel
1190 532 1345 585 Deum,
1367 529 1437 574 vel

49 603 227 648 omnino
249 603 380 647 etiam
401 619 445 647 se
466 603 626 662 ipsam,
652 617 838 662 suasque
867 600 1139 647 considerare
1157 601 1359 656 virtutes,
1386 611 1437 645 ut

49 674 216 736 aliquid
235 674 324 720 veri
345 674 540 735 certique
561 672 920 734 comprehendat,
942 673 996 717 ab
1018 673 1100 717 hac
1118 673 1311 733 ipsorum
1328 688 1436 733 quo-

50 762 136 807 que
157 744 387 791 oculorum
406 744 504 789 luce
522 760 565 789 se
587 753 775 799 avertat,
801 759 984 804 eamque
1008 744 1064 789 ad
1086 745 1170 789 1100
1193 744 1435 803 negotium,

51 833 141 862 non
159 825 329 861 tantum
351 816 475 861 nullo
498 815 766 876 adjumento‚
800 816 1086 860 verumetiam
1118 815 1334 860 nonnullo
1358 817 1442 859 im-

51 887 303 948 pedimento
327 902 418 932 esse
443 887 654 943 sentiens,
679 903 723 932 se
749 887 796 931 in
820 887 1027 932 obtutum
1054 888 1211 931 mentis
1240 887 1439 946 attollat3

52 958 275 1021 quomodo
298 973 349 1002 ex
372 973 423 1003 00
447 973 605 1017 genere
627 957 795 1019 aliquid
817 968 901 1013 est,
927 974 1029 1003 cum
1058 959 1253 1019 ejusdem
1276 959 1444 1017 generis

53 1044 274 1074 summum
296 1045 386 1073 non
407 1028 460 1072 sit
479 1029 560 1073 nisi
581 1027 749 1085 lumen,
775 1028 896 1090 quod
923 1045 974 1073 ex
1002 1029 1137 1074 oculis
1158 1030 1329 1085 emicat,
1355 1046 1444 1091 quo

53 1100 127 1146 illa
153 1117 243 1146 non
271 1099 504 1161 adjuvatur
535 1100 617 1144 nisi
650 1100 707 1145 ad
739 1116 967 1161 corporeas
1000 1101 1161 1146 formas
1191 1101 1446 1162 coloresque

54 1171 326 1227 sentiendos,
341 1170 564 1232 habetque
586 1171 675 1231 ipsa
700 1171 1038 1216 innumerabilia
1065 1172 1196 1231 longe
1224 1172 1448 1217 dissimilia

56 1252 216 1288 cuncto
234 1244 380 1302 generi
400 1259 649 1304 corporum,
671 1260 770 1304 quae
788 1245 962 1289 nonnisi
979 1244 1205 1290 intellectu
1222 1254 1354 1306 atque
1378 1261 1447 1289 ra-

57 1315 176 1360 tione
196 1314 454 1375 conspiciat,
480 1329 570 1375 quo
591 1313 740 1360 nullus
759 1315 897 1360 carnis
920 1331 1069 1360 sensus
1092 1316 1266 1376 aspirat.

59 1470 556 1491 mmmmm

983 1473 1450 1491 mmmmmm

574 1593 793 1645 CAPUT
828 1596 936 1644 XV.

504 1743 690 1786 Anima
720 1743 1020 1802 incorporea.

126 1878 249 1922 XXI.
275 1879 563 1931 Qnipnoprnn
584 1893 675 1922 non
697 1887 760 1922 est
777 1876 954 1938 quidem
977 1879 1181 1923 humanae
1199 1879 1354 1923 animae
1378 1896 1458 1925 na-

69 1957 188 2004 tura,
209 1964 290 1993 nec
307 1948 362 1993 de
379 1958 514 2005 terra,
534 1965 614 1994 1100
632 1948 686 1993 de
709 1965 843 2010 aqua,
863 1965 943 1994 nec
966 1950 1021 1994 de
1043 1954 1155 2005 aere,
1181 1966 1260 1995 1100
1285 1950 1338 1995 de
1357 1952 1457 2011 igne

69 2019 296 2081 quolibet:
322 2020 397 2065 sed
418 2029 565 2065 tamen
587 2021 801 2065 crassioris
819 2021 1011 2082 corporis
1029 2021 1095 2066 sui
1117 2022 1358 2075 materiam,
1375 2024 1460 2068 1100

69 2100 149 2147 est,
165 2091 395 2136 humidam
414 2091 650 2152 quamdam
673 2101 830 2138 terram
845 2129 855 2148 ,
879 2109 978 2154 quae
1009 2093 1053 2137 in
1088 2094 1225 2138 carnis
1254 2110 1372 2139 versa
1397 2104 1461 2140 est

71 2162 327 2224 qualitatem
340 2199 350 2219 ⁷
375 2178 454 2223 per
473 2162 712 2208 subtilioris
734 2173 933 2208 naturam
952 2165 1143 2226 corporis
1164 2164 1460 2223 administrat,

72 2233 119 2277 id
140 2242 224 2289 est,
244 2248 322 2293 per
343 2233 484 2278 lucem
512 2243 556 2278 et
581 2237 739 2278 aerem.
759 2235 916 2280 Nullus
938 2237 1055 2281 enim
1085 2237 1175 2281 sine
1203 2237 1269 2281 his
1288 2236 1462 2283 duobus

74 2303 146 2349 vel
166 2320 314 2349 sensus
347 2305 392 2349 in
414 2320 595 2366 corpore
617 2315 700 2362 051,
726 2305 796 2351 vel
817 2307 872 2351 ab
908 2308 1051 2352 anima
1075 2318 1340 2368 spontaneus
1363 2327 1462 2356 001-

76 2376 193 2436 poris
214 2385 373 2421 motus.
403 2378 523 2423 Sicut
554 2387 701 2422 autem
733 2378 852 2437 prius
890 2395 980 2424 esse
1007 2379 1140 2424 debet
1174 2398 1299 2426 nosse
1332 2398 1465 2444 quam

78 2448 243 2506 facere,
263 2450 322 2494 ita
350 2450 468 2510 prius
500 2459 565 2495 est
597 2449 754 2494 sentire
784 2467 916 2511 quam
949 2468 1140 2497 movere.
1175 2455 1333 2498 Anima
1363 2470 1464 2513 ergo

80 2522 290 2583 quoniam
309 2537 375 2566 res
395 2530 458 2567 est
471 2522 742 2583 incorporea,
767 2538 923 2583 corpus
945 2524 1066 2585 quod
1086 2525 1343 2585 incorporeo
1360 2528 1466 2572 vici-
1512 2558 1517 2561 -

82 2609 190 2639 num
211 2603 290 2651 est,
323 2592 448 2639 sicuti
469 2603 534 2639 est
554 2593 681 2653 ign‘1s‚
706 2592 775 2639 vel
803 2594 947 2654 potius
979 2593 1053 2639 lux
1081 2605 1124 2640 et
1146 2599 1233 2650 aer,
1265 2597 1468 2657 primitus

297 2675 406 2707 cxn.
1205 2668 1257 2708 25
