1854 3219
395 198 475 235 176
843 208 876 233 s.
913 207 1145 235 AUGUSTINl
1178 208 1359 235 Eriscom

390 273 546 325 tincta,
573 280 616 314 et
637 272 779 315 cincta
801 270 1046 327 littoribus,
1067 281 1110 316 et
1125 272 1211 316 suis
1235 271 1416 317 foetibus
1438 272 1787 333 animalibusque

389 343 608 387 decorata.
648 341 690 386 Si
728 357 832 401 ergo
854 342 914 386 ita
944 352 1034 398 est,
1067 360 1145 388 cur
1170 343 1263 387 istae
1290 343 1475 403 species,
1507 358 1606 403 quae
1633 342 1788 402 procul

392 412 530 457 dubio
548 411 792 472 corporales
814 423 938 468 sunt,
956 423 1056 458 ante
1073 430 1248 458 omnem
1267 413 1382 458 diem
1404 413 1532 457 factae
1555 415 1685 457 sunt?
1699 415 1789 458 Cur

390 500 479 529 non
503 484 718 543 scriptum
747 492 810 527 est
834 503 842 529 ε
873 504 892 526 «
917 485 1033 530 Dixit
1055 488 1169 530 Deus
1195 505 1203 530 z
1234 485 1331 529 Fiat
1352 494 1465 529 terra
1482 520 1493 540 ,
1525 494 1568 529 et
1589 484 1703 529 facta
1726 494 1790 529 est

391 565 504 600 terra
531 576 540 600 ε
567 556 695 610 item,
722 555 838 599 Dixit
862 558 1005 613 Deus,
1031 557 1128 600 Fiat
1149 572 1286 617 aqua,
1313 564 1355 600 et
1377 554 1490 600 faeta
1513 565 1577 600 est
1599 572 1740 616 aqua:
1766 574 1785 597 »

394 626 463 671 vel
489 636 728 687 utrumque
758 627 1066 681 communiter,
1092 628 1126 672 si
1150 644 1238 671 una
1271 627 1394 687 quasi
1426 625 1522 686 lege
1544 625 1629 671 loci
1650 627 1790 670 infimi

391 698 690 752 continentur,
718 696 826 742 dixit
847 700 960 742 Deus
979 718 987 742 ε
1010 698 1107 742 Fiat
1127 707 1240 742 terra
1257 707 1301 741 et
1320 713 1457 758 aqua,
1484 706 1528 741 et
1544 697 1602 741 sic
1625 696 1792 741 factum

393 771 486 813 cst?
504 772 594 814 Cur
612 785 701 813 non
719 769 887 813 dictum
913 779 1002 825 est,
1028 784 1130 814 cum
1158 770 1242 814 hoc
1270 767 1435 813 sactum
1460 776 1570 813 esset
1595 788 1603 813 :
1633 767 1793 813 «Vidit

393 844 508 885 Deus
525 877 535 896 ,
557 841 658 901 quia
678 841 847 886 bonum
862 843 949 886 est?
967 859 987 882 »

395 1001 1038 1018 mmuummmmmmwvamx
1045 1000 1322 1016 mmmm
1330 998 1792 1016 mmmmvvummmvwmm

882 1123 1100 1172 CAPUT
1159 1124 1293 1173 ΚΝ.

398 1269 550 1313 Ratio
583 1284 671 1313 cur
689 1270 849 1329 primo
872 1268 1107 1313 versiculo
1140 1267 1383 1313 Geneseos
1409 1265 1800 1329 subintelligatur

867 1341 1077 1385 materia
1097 1340 1335 1402 informis.

458 1477 670 1518 XXVIII.
693 1479 791 1518 Hffie
810 1477 927 1518 enim
951 1475 1241 1519 consideratio
1258 1473 1392 1518 suasit
1410 1474 1646 1534 (quoniam
1663 1475 1800 1518 mani-

398 1544 561 1589 festum
581 1555 646 1589 est
668 1562 797 1589 omne
819 1544 1033 1589 mutabile
1057 1548 1111 1589 e'x
1130 1544 1275 1606 aliqua
1303 1544 1573 1589 informitate
1590 1544 1796 1602 formari,

400 1615 618 1675 simulque
640 1616 753 1660 illud
771 1627 812 1660 et
837 1616 1050 1661 catholica
1070 1616 1177 1660 fides
1205 1616 1445 1676 praescribit
1460 1651 1471 1671 ,
1498 1625 1541 1660 et
1564 1617 1799 1660 certissima

401 1687 510 1731 ratio
526 1687 677 1742 docet,
701 1687 921 1731 nullarum
944 1697 1200 1731 naturarum
1223 1687 1449 1731 materiam
1474 1703 1562 1732 esse
1583 1689 1797 1748 potuisse,

400 1757 482 1801 nisi
505 1757 560 1801 ab
576 1759 772 1802 omnium
793 1774 938 1802 rerum
964 1775 1052 1802 non
1076 1758 1217 1802 solum
1236 1759 1547 1814 formatarum,
1572 1759 1648 1802 sed
1670 1759 1801 1802 etiam

401 1827 697 1872 formabilium
716 1830 970 1874 inchoatore
993 1833 1083 1873 Deo
1107 1839 1239 1890 atque
1262 1839 1471 1883 creatore,
1492 1830 1547 1873 de
1565 1846 1652 1889 qua
1669 1829 1801 1873 etiam

402 1898 509 1944 dicit
524 1900 560 1943 ei
577 1900 779 1960 quaedam
793 1903 1031 1960 Scriptura,
1049 1921 1068 1943 «
1081 1902 1165 1954 Qui
1177 1900 1314 1944 fecisti
1328 1899 1546 1944 mundum
1560 1916 1612 1944 ex
1622 1900 1802 1944 materia

407 1988 425 2010 »
461 1970 787 2030 informi13»),
818 1973 932 2016 hanc
962 1971 1187 2014 materiam
1222 1970 1306 2015 illis
1338 1970 1507 2026 verbis,
1541 1971 1701 2032 quibus
1722 1987 1802 2032 pro

403 2041 586 2099 spiritali
610 2043 842 2102 prudentia
873 2042 1138 2086 tardioribus
1162 2042 1293 2085 etiam
1316 2041 1555 2087 lectoribus
1577 2043 1647 2087 vel
1675 2043 1802 2087 audi-

404 2114 571 2157 toribus
593 2124 880 2172 congrueret,
908 2114 1041 2158 fuisse
1069 2124 1456 2159 commemoratam
1474 2150 1485 2170 ,
1512 2115 1673 2175 quibus
1703 2124 1803 2159 ante

404 2182 575 2228 dierum
607 2186 982 2230 enumerationem
1005 2185 1175 2230 dictum
1206 2195 1294 2241 est,
1334 2205 1353 2228 «
1381 2189 1432 2230 In
1460 2185 1673 2246 principio
1698 2186 1805 2231 fecit

407 2273 427 2295 η
464 2258 579 2299 Deus
612 2255 779 2300 coelum
812 2266 855 2301 et
884 2266 1068 2311 terram,
1102 2277 1118 2298 »
1145 2266 1228 2301 etc.
1254 2257 1395 2301 donec
1428 2256 1672 2313 diceretur,
1702 2261 1804 2302 «Et

409 2344 428 2366 »
465 2326 574 2370 dixit
598 2330 712 2371 Deus
726 2363 736 2383 ,
757 2337 840 2372 »ut
862 2327 1066 2388 deinceps
1090 2325 1376 2373 formatarum
1397 2343 1544 2373 rerum
1566 2328 1675 2374 ordo
1697 2345 1804 2374 con-

405 2408 676 2458 sequeretur.

456 2501 463 2516 ¹
491 2496 564 2538 Sap.
586 2508 629 2530 ,u-
