1854 3219
349 165 431 204 338
786 174 819 200 s.
858 173 1087 202 Atccs‘rrm
1122 175 1300 202 El‘lscol’t

345 260 370 286 »,
402 256 508 285 ram.
535 242 592 283 Et
613 239 716 283 fecit
747 241 858 283 Deus
887 240 1138 293 hominem,
1170 240 1222 284 ad
1255 241 1489 299 imaginem
1520 240 1595 283 Dei
1630 238 1736 284 fecit

344 331 365 354 »
400 326 523 366 cum,
548 309 791 355 masculum
807 320 850 354 ct
871 308 1098 355 {himinam
1119 310 1219 355 fecit
1242 327 1336 366 cos,
1358 320 1401 355 ct
1418 310 1642 355 benedixit
1663 327 1735 356 eos

345 401 365 423 n
399 386 541 437 Deus,
572 381 720 426 dicens
745 400 753 426 :
780 382 970 426 Crescite
997 392 1039 426 et
1067 382 1446 442 multiplicamini,
1481 391 1523 425 et
1558 382 1736 442 implete

342 472 362 494 υ
399 462 559 498 terram
573 489 584 508 ‚
605 462 650 497 et
670 452 958 497 dominamini
979 454 1069 513 ejus
1085 487 1096 509 ‚
1128 462 1172 497 et
1188 453 1349 496 habete
1371 462 1632 513 potestatem
1650 453 1738 512 pis-

340 542 361 565 »
395 525 512 569 cium
533 524 662 568 maris
679 559 689 579 ,
715 533 758 568 et
778 522 1024 568 volatilium
1045 523 1169 578 coeli,
1196 532 1241 579 ct
1259 524 1465 578 amnium
1497 538 1706 583 pecorum
1722 560 1732 580 ,

336 615 358 638 i»
397 606 441 641 et
460 596 602 641 omnis
630 605 756 640 terrae
771 631 783 652 ⁷
809 605 853 639 et
874 595 1072 644 omnium
1095 585 1319 655 reptilffim
1344 595 1591 655 repentium
1609 612 1738 656 super

341 688 361 711 u
397 670 595 714 terram¹.
624 686 644 710 »
670 669 768 712 Jam
789 682 893 727 ergo
919 666 974 711 de
1002 666 1108 711 limo
1132 666 1345 711 formatus
1368 676 1481 722 erat,
1502 676 1545 711 et
1568 666 1630 711 illi
1646 669 1738 727 jam

337 750 540 800 soporato
573 739 731 784 mulier
755 755 805 784 ex
832 738 967 784 latere
990 740 1083 799 jam
1105 737 1219 783 facta
1253 748 1372 795 erat,
1410 737 1486 783 sed
1514 739 1598 783 hoc
1630 748 1738 783 tunc

341 821 731 858 commemoratum
754 827 843 856 non
861 821 953 856 erat
967 846 977 866 ,
999 810 1120 872 quod
1138 826 1256 855 nunc
1274 810 1604 871 recapitulando
1626 826 1739 855 com-

342 894 633 929 memoratum
655 893 733 928 est.
760 886 912 945 Neque
937 883 1053 927 enim
1075 892 1196 927 sexto
1219 882 1288 926 die
1316 882 1456 927 factus
1479 892 1543 927 est
1564 898 1739 927 mascu-

341 955 410 1000 lus
425 992 437 1011 ‚
462 966 505 1000 et
519 972 691 1001 accessu
713 955 920 1016 temporis
940 964 1088 1015 postea
1112 953 1225 999 facta
1248 952 1429 999 foemina
1447 974 1456 999 ε
1477 955 1553 999 sed
1580 972 1596 993 «
1617 953 1740 998 Fecit

345 1048 362 1069 »
399 1043 523 1083 eum,
547 1028 717 1089 inquit,
753 1026 1000 1071 masculum
1023 1036 1065 1070 et
1090 1024 1317 1070 {heminam
1340 1025 1443 1069 secit
1466 1041 1537 1070 cos
1553 1061 1563 1080 ,
1591 1034 1634 1069 et
1657 1024 1738 1068 be-

343 1116 364 1140 »
398 1099 564 1145 nedixit
593 1115 678 1143 eos.
711 1117 731 1139 »
758 1097 992 1152 Quomodo
1020 1111 1121 1155 ergo
1143 1098 1235 1157 jam
1257 1097 1436 1141 homine
1464 1097 1509 1140 in
1540 1095 1740 1156 paradiso

339 1171 578 1215 constituto
611 1169 769 1214 mulier
791 1170 830 1213 ei
860 1168 974 1213 facta
1003 1171 1096 1213 est?
1118 1172 1187 1213 An
1217 1178 1261 1213 et
1287 1169 1371 1213 hoc
1399 1168 1740 1228 praetermissum

340 1242 563 1302 Scriptura
593 1241 811 1287 recoluit?
847 1243 957 1286 Nam
992 1249 1116 1285 sexto
1144 1240 1221 1285 illo
1251 1240 1321 1285 die
1354 1239 1485 1285 etiam
1519 1238 1740 1298 paradisus

341 1313 565 1373 plantatus
582 1324 645 1359 est
662 1349 673 1370 ,
700 1323 743 1357 et
760 1313 820 1357 ibi
840 1313 975 1357 homo
990 1311 1229 1357 collocatus
1250 1321 1335 1367 est,
1362 1320 1405 1356 et
1427 1321 1654 1372 soporatus
1676 1320 1740 1356 est

339 1395 390 1429 ut
413 1388 505 1430 Eva
527 1384 805 1439 formaretur,
827 1394 870 1429 ct
888 1401 938 1430 ea
956 1383 1141 1429 formata
1156 1383 1375 1443 evigilavit
1393 1419 1403 1440 ‚
1429 1384 1555 1445 cique
1576 1399 1740 1428 nomen

340 1457 562 1518 imposuit.
599 1457 684 1503 Sed
711 1458 806 1502 haec
837 1457 919 1502 nisi
950 1473 1027 1517 per
1059 1455 1320 1517 temporales
1354 1472 1496 1501 moras
1522 1456 1616 1500 fieri
1649 1471 1740 1500 non

343 1539 533 1589 possent.
558 1531 658 1575 Non
673 1529 821 1592 itaque
837 1529 895 1583 ita
910 1528 1024 1575 facta
1037 1538 1160 1585 sunt,
1183 1529 1294 1575 sicut
1315 1538 1458 1575 creata
1474 1538 1578 1574 sunt
1593 1527 1740 1574 omnia

345 1600 492 1646 simul.

853 1870 1072 1920 CAPUT
1112 1872 1209 1918 ΙΙΙ.

383 2016 577 2063 Eadem
593 2017 792 2077 quoestio
813 2031 877 2061 ea:
897 2014 1009 2061 aliis
1027 2014 1145 2061 locis
1160 2013 1424 2075 Scripturoe
1442 2013 1706 2060 discutitur.
1728 2027 1729 2030 ’

405 2155 482 2198 IV.
508 2156 856 2207 QUANTAMLIBET
877 2152 996 2197 enim
1018 2152 1150 2197 homo
1171 2151 1332 2210 cogitet
1350 2149 1625 2205 facilitatem,
1652 2164 1740 2211 qua

347 2228 460 2270 Deus
480 2225 612 2270 etiam
633 2226 728 2270 haec
751 2224 880 2270 simul
897 2240 997 2269 cum
1024 2224 1191 2269 caeteris
1211 2222 1314 2267 fecit
1328 2258 1338 2278 ,
1363 2223 1497 2267 verba
1520 2232 1637 2267 certe
1657 2222 1741 2266 ho·-

345 2297 473 2342 minis
501 2297 702 2343 novimus
718 2334 728 2352 ‚
755 2297 835 2341 nisi
855 2312 932 2357 per
962 2296 1222 2356 temporales
1254 2293 1445 2339 morulas
1468 2295 1608 2338 emitti
1632 2309 1740 2339 voce

347 2385 439 2416 non
469 2386 607 2430 posse.
645 2373 755 2415 Cum
779 2385 880 2428 ergo
912 2369 1042 2413 verba
1075 2368 1264 2413 hominis
1288 2366 1512 2422 audimus,
1545 2365 1616 2410 vel
1636 2381 1740 2410 cum

349 2442 670 2495 animantibus3
696 2440 766 2485 vcl
791 2456 892 2485 cum
919 2440 1090 2484 mulieri
1115 2455 1274 2485 nomen
1293 2438 1522 2499 imposuit,
1546 2437 1616 2482 vel
1637 2452 1738 2482 cum

399 2547 408 2564 ¹
430 2544 509 2573 Gen.
530 2551 553 2581 ι,
573 2539 691 2572 26-28.
