1854 3219
375 229 458 268 262
817 239 850 268 s.
889 240 1121 270 Anousmm
1154 244 1338 272 EPISCOPI

375 308 419 352 in
437 322 481 351 sc
502 307 621 366 prius
651 306 852 351 habuisse
875 307 1210 366 intelligeretur,
1237 309 1457 370 inquibus
1485 310 1646 356 faceret
1668 327 1766 356 cor-

371 395 478 439 pora
497 377 663 422 :sedita
677 379 945 438 acciperetur
969 400 978 425 ε
1003 381 1190 425 «Omnia
1201 397 1379 441 corpora
1396 382 1441 425 in
1454 381 1673 427 coloribus
1682 383 1765 428 dis-

371 449 571 511 posuisti,
597 467 617 490 >›
639 466 688 494 ac
710 450 743 495 si
766 450 1006 498 diceretur:
1036 472 1056 495 «
1071 453 1229 497 Omnia
1242 468 1423 512 corpora
1433 453 1490 497 sic
1512 452 1760 513 disposuisti

373 531 423 566 ut
436 521 651 567 haberent
669 522 864 568 colores?
881 542 900 565 »
927 526 1058 578 Quasi
1077 541 1180 570 vcro
1195 541 1218 570 a
1240 534 1432 570 creatore
1446 529 1537 571 Deo
1553 525 1761 586 disposita

368 593 416 637 in
438 593 659 638 coloribus
681 610 863 654 corpora
877 630 888 650 ,
914 595 960 640 id
983 605 1068 652 cst,
1096 596 1155 640 ita
1177 594 1383 656 disposita
1405 606 1456 640 ut
1475 595 1666 641 colorata
1689 613 1757 643 es-

366 674 479 721 sent,
493 665 628 725 possit
641 664 765 710 aliter
778 666 958 726 intelligi
970 703 980 723 ,
998 668 1080 712 nisi
1098 667 1242 729 aliqua
1254 668 1363 713 ratio
1371 667 1568 713 colorum
1578 668 1760 728 singulis

365 752 599 797 corporum
624 737 858 796 generibus
884 737 1288 785 distribuendorum
1309 739 1355 783 in
1377 740 1467 799 ipsa
1489 737 1759 799 disponentis

367 808 579 868 sapientia
601 824 693 853 non
717 807 906 854 defuisse
928 809 1220 869 intelligatur,
1245 810 1325 855 etsi
1347 809 1468 856 color
1484 810 1547 855 ibi
1568 827 1659 856 non
1681 827 1759 872 ap-

363 880 568 941 pellatur.
596 884 690 926 Hoc
715 891 780 926 est
802 882 920 927 enim
941 881 1063 943 quod
1084 881 1196 940 dixi,
1225 882 1333 928 dum
1359 898 1426 930 res
1454 882 1754 943 cognoscitur,

362 969 453 998 non
470 968 561 998 esse
584 951 640 998 de
658 952 882 1001 vocabulis
903 953 1212 1000 laborandum.

363 1110 1760 1130 mmmmmmmmmmmmmmmmmmmmmmmmwmmmm

893 1245 1112 1295 CAPUT
1152 1246 1259 1295 V11.

486 1379 537 1427 U
535 1379 584 1426 bi
610 1380 843 1429 cernebat
855 1380 990 1429 Deus
1008 1381 1134 1429 uncle
1155 1383 1321 1429 omnia
1342 1380 1634 1443 disponeret.

415 1521 770 1566 XILFAcmMns
794 1534 896 1578 ergo
922 1520 981 1564 ita
1002 1520 1173 1565 dictum
1194 1535 1285 1564 esse
1304 1538 1312 1564 :
1334 1538 1355 1562 «
1379 1518 1537 1563 Omnia
1559 1518 1606 1562 in
1627 1534 1754 1564 men-

362 1608 382 1632 »
398 1606 498 1634 sura
513 1600 556 1635 et
570 1606 755 1634 numero
769 1600 813 1635 et
829 1591 1024 1651 pondere
1045 1590 1312 1651 disposuisti,
1326 1609 1345 1632 >›
1363 1600 1573 1651 tanquam
1586 1590 1754 1635 dictum

357 1671 482 1717 esset,
519 1662 578 1705 ita
605 1660 813 1721 disposita
846 1671 897 1706 ut
918 1662 1134 1706 haberent
1162 1662 1356 1721 proprias
1378 1677 1602 1706 mensuras
1626 1678 1722 1707 suas
1738 1697 1750 1717 ,

355 1742 400 1776 et
416 1732 616 1792 proprios
637 1748 858 1787 numeros,
880 1742 924 1777 et
945 1733 1171 1792 proprium
1189 1731 1378 1792 pondus,
1405 1748 1503 1793 quae
1525 1732 1571 1776 in
1593 1733 1652 1776 eis
1674 1748 1754 1792 pro

354 1804 420 1849 sui
443 1805 657 1864 cujusque
681 1804 844 1864 generis
873 1803 1168 1847 mutabilitate
1197 1812 1475 1847 mutarentur
1508 1805 1753 1863 augmentis

355 1885 398 1920 ct
421 1875 804 1930 diminutionibus,
834 1873 1119 1919 multitudine
1141 1883 1186 1918 et
1216 1874 1463 1933 paucitate,
1500 1873 1676 1918 levitate
1709 1885 1752 1920 et

355 1947 581 2007 gravitate,
614 1946 859 1992 secundum
889 1945 1220 2005 dispositionem
1253 1944 1347 1989 Dei.
1382 1945 1610 2006 Numquid
1636 1946 1751 1991 sicut

352 2021 433 2069 ista
458 2029 687 2064 mutantur
702 2055 713 2076 ,
738 2020 798 2064 ita
820 2019 966 2079 ipsum
984 2018 1063 2062 Dei
1080 2018 1327 2074 consilium,
1354 2019 1401 2062 in
1423 2035 1512 2079 quo
1530 2035 1580 2063 ea
1602 2018 1751 2078 dispo-

351 2092 453 2147 suit,
475 2090 686 2135 mutabile
705 2090 920 2135 dicimus?
936 2090 1154 2135 Averterit
1175 2090 1266 2151 ipse
1281 2099 1446 2135 tantam
1464 2089 1744 2135 dementiam.

351 2165 466 2208 Cum
488 2162 696 2220 ergohaec
725 2162 785 2205 ita
807 2161 1167 2221 disponerentur,
1192 2170 1243 2205 ut
1264 2161 1481 2205 haberent
1500 2176 1744 2216 mensuras,

351 2242 395 2278 et
418 2248 638 2288 numeros,
665 2242 709 2276 et
735 2231 931 2292 pondera
962 2248 1054 2288 sua,
1084 2232 1162 2276 ubi
1184 2247 1234 2276 ea
1260 2231 1469 2276 cernebat
1486 2231 1578 2291 ipse
1601 2231 1749 2291 dispo-

350 2307 488 2350 nens?
510 2308 661 2365 Neque
689 2305 805 2348 enim
835 2313 954 2348 extra
984 2320 1027 2348 se
1044 2305 1209 2364 ipsum,
1231 2304 1343 2348 sicut
1365 2305 1584 2348 cernimus
1608 2303 1747 2350 oculis

350 2392 533 2437 corpora
560 2396 568 2420 :
595 2392 694 2436 quae
715 2375 869 2436 utique
892 2374 1092 2419 nondum
1120 2384 1258 2429 erant,
1283 2390 1384 2419 cum
1409 2373 1747 2435 disponerentur

349 2458 400 2493 ut
421 2449 592 2492 fierent.
621 2449 710 2492 Nec
733 2447 847 2491 intra
873 2462 917 2491 se
933 2447 1076 2506 ipsum
1106 2447 1185 2491 ista
1208 2447 1437 2502 cernebat,
1465 2447 1576 2491 sicut
1596 2448 1744 2492 animo

349 2521 567 2566 cernimus
584 2519 830 2579 phantasias
844 2534 1093 2577 corporum,
1112 2534 1211 2579 quae
1230 2534 1321 2562 non
1340 2527 1495 2577 praesto
1515 2527 1619 2563 sunt
1641 2534 1743 2563 ocu-

397 2624 406 2640 ¹
423 2620 457 2649 In
477 2617 569 2649 editis
587 2620 683 2658 capnt
701 2626 730 2647 vr
752 2615 864 2657 incipit
889 2626 960 2647 enin
985 2614 1032 2646 his
1053 2615 1158 2647 verbis
1174 2628 1180 2646 ε
1199 2615 1282 2648 Cum
1301 2620 1482 2657 argmetc.
