1854 3219
365 218 418 244 DE
450 217 601 250 emam
632 215 688 245 An
719 218 963 258 LlT'rERAM,
997 220 1081 246 Lm.
1120 220 1181 246 XI.
1376 211 1460 248 559

75 301 96 324 »
120 284 198 328 ista
219 291 284 329 est
308 292 448 329 mater
469 283 668 328 omnium
699 284 984 330 viventium1.
1011 303 1032 327 »
1057 287 1169 331 Nam
1190 294 1236 330 et
1254 286 1350 330 haec
1370 302 1461 331 non

72 353 290 413 scriptoris
308 354 521 403 narrantis
536 353 608 399 vel
625 354 878 399 affirmantis
890 390 901 410 ‚
926 354 1003 400 sed
1018 356 1150 415 ipsius
1166 355 1296 415 primi
1317 357 1460 401 homi-

68 424 136 469 nis
156 425 291 474 verba
312 425 599 484 intelligenda
613 435 730 480 sunt,
746 435 797 471 ut
813 427 992 482 diceret,
1016 445 1036 470 α
1053 427 1270 480 Quoniam
1288 427 1384 471 haec
1396 436 1461 471 est

74 512 95 536 »
119 505 256 541 mater
267 497 468 542 omnium
481 497 739 553 viventium,
761 516 781 539 »
797 506 1008 558 tanquam
1022 498 1209 542 nominis
1226 513 1250 542 a
1265 513 1309 542 se
1322 498 1462 558 impo-

69 565 139 612 siti
159 582 332 616 causam
353 567 546 614 inferens
563 603 575 624 ‚
601 583 682 614 cur
702 583 798 613 eam
814 568 1036 615 vocaverit
1056 569 1218 613 Vitam.

913 726 1191 744 mmm
1202 726 1446 746 mmm

495 848 716 899 CAPUT
749 850 986 898 XXXIX.

194 967 627 1041 Tanz'coepellicece.
649 1009 706 1016 —-
727 979 1066 1042 Exprobratio
1086 980 1336 1041 superbiae.

129 1119 224 1161 LII.
251 1135 271 1159 «
296 1120 361 1162 ΕΤ
382 1116 486 1163 fecit
506 1118 717 1163 Dominus
738 1121 852 1162 Deus
874 1117 982 1162 Adae
1003 1127 1047 1162 et
1077 1117 1249 1161 mulieri
1272 1118 1361 1178 ejus
1382 1126 1457 1161 tu-

71 1205 92 1228 »
116 1188 233 1233 nicas
259 1188 483 1248 pelliceas,
509 1199 552 1234 et
573 1189 718 1234 induit
740 1193 852 1234 eos‘l.
889 1208 909 1231 »
941 1192 998 1233 Et
1026 1190 1110 1234 hoc
1133 1188 1458 1247 significationis

69 1260 203 1318 gratia
220 1259 384 1305 factum
402 1270 466 1305 est
481 1296 491 1316 ‚
517 1260 592 1305 sed
618 1270 765 1305 tamen
787 1259 951 1305 factum
967 1296 977 1316 ‚
1003 1262 1115 1305 sicut
1142 1259 1216 1304 illa
1245 1277 1344 1320 quae
1368 1260 1456 1318 sig-

67 1330 328 1375 nificationis
368 1331 501 1390 gratia
538 1331 654 1375 dicta
698 1340 800 1375 sunt
816 1367 827 1386 ‚
876 1331 952 1375 sed
991 1340 1139 1375 tamen
1181 1330 1297 1374 dicta
1336 1339 1453 1374 sunt.

68 1404 162 1445 Hoc
191 1402 332 1457 enim,
368 1402 488 1462 quod
525 1417 639 1461 saepe
665 1401 782 1456 dixi,
813 1416 896 1445 nec
943 1416 1013 1444 me
1051 1401 1205 1460 saepius
1228 1401 1347 1460 piget
1385 1401 1456 1444 di-

67 1487 189 1527 cere,
217 1489 240 1516 a
271 1465 493 1517 narratOre
536 1488 682 1516 rerum
729 1472 904 1532 proprie
933 1481 1150 1529 gestarum
1193 1471 1456 1529 exigendum

65 1551 150 1598 est,
179 1552 230 1587 ut
252 1558 302 1587 ea
333 1552 480 1587 narret
496 1542 611 1587 facta
634 1558 724 1586 esse
749 1558 848 1602 quae
869 1540 982 1585 facta
1005 1551 1131 1596 sunt,
1157 1550 1202 1584 et
1222 1540 1337 1585 dicta
1367 1557 1456 1586 esse

64 1628 166 1672 quae
186 1612 302 1658 dicta
323 1623 439 1658 sunt.
464 1614 585 1658 Sicut
606 1622 752 1657 autem
774 1613 819 1656 in
841 1611 964 1656 factis
989 1612 1203 1672 quaeritur
1230 1610 1339 1671 quid
1362 1610 1455 1656 fac-

66 1691 160 1727 tum
183 1684 260 1739 sit,
291 1693 334 1727 et
355 1684 464 1744 quid
494 1683 733 1742 significet:
763 1683 822 1726 ita
855 1683 900 1725 in
922 1682 1065 1726 verbis
1087 1691 1130 1726 et
1158 1681 1265 1742 quid
1287 1682 1455 1726 dictum

63 1754 143 1809 sit,
169 1763 213 1797 et
252 1754 362 1814 quid
390 1754 616 1813 significet.
659 1754 755 1798 Sive
793 1753 909 1796 enim
944 1753 1126 1811 figurate
1158 1753 1246 1797 sive
1281 1753 1455 1812 proprie

63 1824 234 1869 dictum
255 1824 338 1880 sit,
376 1824 498 1885 quod
525 1823 693 1868 dictum
723 1837 812 1866 esse
846 1832 1072 1877 narratur,
1108 1821 1276 1866 dictum
1307 1832 1454 1867 tamen

16 1951 19 1955 Δ
60 1909 154 1939 esse
170 1910 261 1939 non
277 1894 411 1939 debet
431 1895 578 1955 putari
599 1895 850 1952 figuratum.

124 1968 245 2010 LIII.
272 1985 294 2008 «
318 1968 375 2010 Et
395 1965 503 2009 dixit
521 1968 635 2009 Deus
659 1984 667 2009 :
694 1967 807 2008 Ecce
829 1963 970 2008 Adam
998 1962 1137 2008 factus
1160 1972 1224 2007 est
1244 1973 1453 2024 tanquam

70 2054 92 2078 »
115 2051 229 2080 unus
261 2051 314 2079 ex
344 2035 470 2079 nobis
496 2036 542 2079 in
575 2034 877 2093 cognoscendo
905 2034 1071 2078 bonum
1099 2043 1141 2078 et
1176 2033 1388 2079 malum³.
1427 2053 1449 2076 »

67 2107 284 2160 Quoniam
304 2107 388 2151 hoc
401 2141 411 2162 ‚
426 2121 504 2166 per
525 2106 755 2166 quodlibet
770 2115 814 2149 et
835 2105 1169 2166 quomodolibet
1190 2105 1357 2150 dictum
1378 2106 1449 2161 sit,

66 2180 181 2222 Deus
201 2187 349 2221 tamen
370 2176 479 2221 dixit
492 2212 504 2232 ‚
528 2193 617 2221 non
637 2176 760 2220 aliter
780 2175 1113 2234 intelligendum
1140 2185 1204 2220 est
1225 2175 1346 2237 quod
1367 2177 1449 2232 ait,

71 2266 92 2290 «
118 2250 301 2292 Unusex
317 2248 466 2303 nobis,
489 2265 510 2289 >1
538 2247 620 2291 nisi
642 2256 818 2306 propter
849 2247 1102 2290 Trinitatem
1123 2261 1330 2291 numerus
1351 2246 1453 2307 plu-

65 2317 165 2362 ralis
178 2318 414 2378 accipiatur
425 2339 436 2375 3
449 2318 560 2362 sicut
572 2316 739 2361 dictum
750 2326 857 2371 erat,
877 2336 898 2358 «
917 2317 1142 2361 Faciamus
1153 2318 1394 2361 hominem⁴
1408 2335 1447 2362 z»

65 2388 179 2433 sicut
199 2389 328 2433 etiam
346 2389 555 2433 Dominus
575 2387 631 2432 de
658 2403 703 2432 se
733 2397 777 2432 et
804 2388 859 2432 de
883 2391 1009 2431 Patre
1043 2406 1052 2432 :
1088 2407 1108 2430 «
1138 2388 1373 2432 Veniemus
1395 2387 1451 2431 ad

41 2486 46 2489 -
67 2475 93 2501 x
123 2474 246 2515 eum,
271 2468 315 2503 et
325 2459 595 2504 mansionem
611 2458 730 2517 apud
745 2473 846 2502 eum
863 2456 1112 2502 faciemus5.
1133 2475 1153 2499 υ
1175 2457 1450 2518 Replicatum

113 2562 123 2579 ¹
135 2558 214 2590 Gen.
234 2567 283 2598 111,
302 2565 357 2589 20.
369 2563 435 2580 —2
453 2553 774 2589 Ibid.21.--31bid.
793 2564 848 2588 22.
860 2553 929 2585 —4
946 2554 993 2587 ld.
1010 2566 1034 2596 1,
1058 2557 1113 2588 26,
1128 2552 1194 2578 —5
1206 2557 1378 2597 Joan.x1v‚
1391 2554 1446 2587 23.
