1854 3219
405 210 459 249 42
827 221 860 247 s.
898 218 1125 248 Auous'nm
1156 219 1340 248 EP1scoi>1

398 305 484 349 qua
496 288 602 332 (licit
620 286 853 346 Apostolus
872 305 880 331 ι
900 305 916 326 «
934 286 1089 331 Videte
1108 286 1240 332 Isra'el
1257 287 1499 332 secundum
1517 298 1693 331 carnem
1707 289 1719 313 ¹
1741 305 1786 332 ι»

398 360 499 420 quia
522 360 616 402 brec
637 358 782 401 omnia
805 356 987 401 carnalis
1009 357 1198 417 populus
1223 358 1354 402 Isra'cl
1377 357 1553 413 etfecit,
1578 367 1621 402 et
1641 373 1790 417 passus

399 440 477 474 cst.
505 428 599 474 Alia
633 430 778 484 etiam,
802 444 901 489 quae
923 439 1182 490 sequuntur,
1207 428 1352 473 cidem
1372 428 1680 487 intelliguntur
1707 444 1790 488 po—

396 500 503 560 pulo
525 499 758 545 convenire
779 518 787 543 ;
814 499 890 543 sed
912 515 1013 544 cum
1045 500 1229 561 coeperit
1248 499 1391 544 dicere
1421 518 1429 543 :
1460 517 1480 541 «
1505 502 1564 543 Et
1597 499 1790 544 sanctifi—

399 589 418 613 »
454 570 562 616 cabo
586 584 746 615 nomen
768 584 915 614 meum
937 580 1136 615 sanctum
1159 570 1271 614 illud
1293 584 1528 628 magnum,
1549 568 1670 630 quod
1691 568 1792 629 pol-

400 660 420 684 »
455 641 598 686 lutum
632 650 697 685 est
735 641 846 686 inter
881 642 1076 687 nationes
1093 677 1104 698 ‚
1148 642 1272 703 quod
1306 639 1522 700 polluistis
1559 641 1606 685 in
1645 639 1793 687 medio

400 735 417 756 »
453 730 626 773 carum3
650 724 694 758 et
715 714 853 758 scient
870 723 1037 773 gentes,
1054 715 1158 775 quia
1172 729 1253 773 ego
1267 728 1363 758 sum
1378 713 1590 757 Dominus
1602 716 1644 759 2ε
1668 731 1688 754 »
1701 714 1792 773 jam

397 785 590 829 intentus
624 783 756 829 debet
787 799 902 838 esse,
938 785 1015 846 qui
1048 784 1177 843 legit,
1219 782 1594 845 quemadmodum
1630 785 1793 843 species

397 855 649 911 excedatur,
684 864 728 900 et
749 855 1012 917 adjungatur
1035 871 1186 915 genus.
1222 855 1427 917 Sequitur
1453 854 1573 899 enim
1593 863 1637 898 et
1654 853 1790 902 dicit:

399 945 418 969 «
454 930 511 972 Et
547 927 655 971 dum
682 927 986 972 sanctificabor
1017 927 1064 970 in
1084 926 1209 971 vobis
1231 935 1332 970 ante
1367 924 1517 970 oculos
1538 939 1719 982 eorum,
1749 935 1794 971 et

398 1017 418 1040 »
454 999 662 1058 accipiam
683 1014 759 1044 vos
782 998 837 1042 de
870 998 1073 1058 gentibus
1089 1033 1100 1054 ,
1126 1007 1170 1043 et
1186 998 1466 1057 congregabo
1486 1012 1564 1042 vos
1579 1012 1630 1041 ex
1647 997 1793 1042 omni-

396 1087 417 1111 »
453 1069 536 1114 bus
559 1070 699 1126 terris,
726 1080 770 1115 et
787 1069 995 1114 inducam
1015 1085 1091 1115 vos
1108 1069 1154 1113 in
1177 1079 1337 1113 terram
1350 1077 1563 1126 vestram3
1587 1077 1631 1113 et
1648 1084 1794 1129 asper-

398 1160 415 1182 »
451 1156 551 1200 gam
584 1156 659 1186 vos
696 1156 809 1202 aqua
842 1141 1037 1196 munda,
1071 1150 1116 1185 et
1146 1140 1469 1185 mundabimini
1502 1140 1559 1186 ab
1591 1140 1794 1185 omnibus

397 1230 417 1253 »
452 1212 693 1257 simulacris
715 1212 888 1267 vestris,
914 1221 957 1256 et
978 1212 1206 1257 mundabo
1227 1227 1304 1257 vos
1326 1231 1336 1256 ι
1362 1221 1407 1256 et
1435 1210 1551 1256 dabo
1571 1212 1696 1257 vobis
1717 1227 1793 1258 cor

395 1301 416 1325 n
453 1299 635 1340 novum,
660 1293 704 1328 et
718 1284 919 1344 spiritum
941 1299 1107 1329 novum
1125 1283 1238 1329 dabo
1252 1284 1299 1327 in
1312 1298 1389 1329 vos
1411 1301 1421 1328 ε
1447 1292 1491 1328 et
1509 1282 1704 1328 auferam
1718 1299 1793 1330 cor

395 1373 416 1397 »
451 1355 674 1416 lapideum
696 1355 752 1400 dc
775 1370 905 1400 carne
924 1365 1066 1401 vestra
1082 1391 1093 1411 ‚
1118 1365 1163 1400 ct
1185 1356 1300 1401 dabo
1322 1354 1447 1401 vobis
1466 1371 1541 1400 cor
1558 1371 1791 1413 carneum,

395 1443 415 1467 n
450 1435 495 1470 et
524 1426 735 1486 Spiritum
758 1441 905 1470 meum
928 1426 1045 1472 dabo
1076 1426 1123 1471 in
1144 1442 1221 1472 vos
1243 1446 1251 1472 ε
1285 1425 1507 1472 etfaciam
1525 1435 1576 1471 ut
1598 1427 1643 1471 in
1660 1427 1791 1487 justi-

396 1515 416 1537 »
453 1497 521 1540 tiis
549 1497 656 1540 meis
681 1496 938 1551 ambuletis,
971 1506 1015 1542 et
1036 1496 1202 1557 judicia
1228 1513 1324 1542 mea
1347 1497 1622 1553 custodiatis,
1655 1507 1700 1543 ct
1722 1497 1789 1543 fa·-

398 1587 417 1609 »
453 1568 573 1612 ciatis
609 1587 617 1613 :
654 1577 698 1612 et
737 1568 989 1612 habitabitis
1022 1568 1067 1612 in
1101 1577 1214 1613 terra
1231 1603 1242 1624 ,
1284 1584 1417 1629 quam
1451 1568 1553 1613 dedi
1595 1569 1792 1629 patribus

398 1656 418 1679 »
453 1639 634 1697 vestris3
669 1648 712 1683 et
735 1639 851 1683 eritis
875 1639 982 1683 mihi
1008 1639 1053 1682 in
1075 1638 1313 1699 populum,
1337 1648 1380 1684 ct
1402 1654 1484 1699 ego
1506 1654 1579 1684 ero
1601 1640 1725 1686 vobis
1746 1641 1793 1688 in

397 1729 417 1752 υ
452 1714 620 1769 Deum3
657 1720 701 1755 ct
722 1710 947 1756 mundabo
969 1726 1045 1756 vos
1069 1727 1120 1756 ex
1154 1712 1358 1756 omnibus
1389 1711 1678 1757 immunditiis
1696 1728 1794 1759 ves-

399 1802 415 1824 »
453 1782 527 1826 tris
542 1784 574 1826 3.
601 1800 621 1823 υ
650 1785 742 1827 Hoc
757 1781 811 1826 de
833 1785 956 1828 Novo
975 1785 1252 1828 Testamento
1275 1798 1366 1828 esse
1383 1784 1713 1843 prophetatum,
1735 1785 1792 1830 ad

391 1852 512 1913 quod
534 1854 722 1912 pertinet
743 1869 833 1898 non
855 1853 998 1898 solum
1024 1870 1112 1899 una
1135 1869 1239 1913 gens
1260 1853 1335 1899 illa
1361 1854 1408 1898 in
1443 1853 1636 1915 reliquiis
1671 1855 1758 1901 suis
1774 1891 1788 1911 ,
1824 1868 1828 1873 '
1853 1910 1854 1919 ἵ

393 1923 447 1968 dc
468 1924 627 1984 quibus
652 1924 755 1969 alibi
773 1925 985 1985 scriptum
1002 1934 1082 1981 est,
1112 1944 1132 1968 «
1156 1925 1199 1971 Si
1220 1923 1354 1970 fucrit
1374 1941 1582 1971 numerus
1601 1926 1791 1972 filiorum

394 2013 414 2036 »
451 1994 582 2039 Israel
596 1995 706 2040 sicut
719 2012 847 2041 arena
862 1997 1006 2051 maris,
1023 1995 1219 2057 reliquiae
1237 1996 1367 2058 salvae
1384 1997 1491 2042 fient
1505 1998 1549 2057 ‘¹3
1569 2017 1589 2040 »
1606 2014 1786 2044 verum-
1852 2001 1854 2009 ⁴

392 2067 522 2110 etiam
546 2077 714 2112 creterae
732 2077 895 2127 gentes,
914 2084 1015 2130 quae
1037 2069 1257 2129 promissae
1275 2079 1379 2115 sunt
1395 2070 1593 2131 patribus
1616 2086 1786 2128 eorum,

392 2138 468 2198 qui
490 2138 619 2182 etiam
643 2140 778 2183 nostri
800 2148 924 2195 sunt,
957 2155 1046 2184 non
1080 2140 1264 2200 ambigit
1291 2142 1487 2202 quisquis
1519 2143 1717 2187 intuetur
1744 2151 1788 2187 et

392 2207 612 2253 lavacrum
634 2211 969 2270 regenerationis
993 2211 1064 2255 hic
1086 2226 1176 2255 esse
1205 2212 1464 2271 promissum
1478 2249 1492 2269 ‚
1525 2213 1647 2274 quod
1666 2230 1786 2259 nunc
1833 2205 1838 2210 ’

393 2279 591 2325 videmus
629 2283 831 2327 omnibus
865 2282 1066 2341 gentibus
1095 2282 1315 2328 redditum
1343 2303 1351 2329 :
1384 2294 1427 2329 ct
1447 2284 1560 2329 illud
1581 2286 1704 2346 quod
1727 2286 1788 2331 ait

394 2352 626 2410 Apostolus
640 2388 650 2408 ‚
682 2369 783 2398 cum
804 2355 915 2399 Novi
938 2355 1201 2398 Testamenti
1224 2355 1407 2414 gratiam
1429 2356 1759 2402 commendaret
1773 2392 1784 2414 ,

395 2431 445 2466 ut
465 2422 509 2466 in
526 2425 850 2484 comparatione
873 2426 1039 2470 Veteris
1057 2426 1267 2471 emineret
1282 2446 1290 2471 ε
1305 2427 1531 2487 «Epistola
1546 2438 1692 2473 nostra
1708 2444 1785 2474 vos

440 2527 449 2542 ¹
486 2531 497 2553 1
520 2523 591 2555 Cor.
615 2533 653 2563 Χ,
677 2522 728 2555 ι8.
754 2540 795 2545 —
824 2530 836 2544 ⁷
856 2524 970 2556 Ezocb.
1003 2534 1123 2565 xxwr,
1152 2524 1205 2557 23.
1241 2542 1282 2548 —-
1311 2523 1324 2549 3
1350 2525 1431 2559 Ibid.
1464 2525 1584 2568 24—29.
1608 2544 1650 2550 -—
1668 2525 1684 2556 4
1712 2527 1783 2558 lsai.

403 2586 417 2603 x
435 2599 442 2615 ⁷
466 2585 520 2607 aa.
