1854 3219
344 245 400 274 DE
431 243 582 272 GENESI
614 239 669 270 An
700 239 943 281 mmmmm,
969 242 1052 270 Lm.
1088 242 1135 268 11.
1350 228 1433 268 203

47 398 187 416 mm
191 393 1434 415 NJWWWWWUVWUUMWWUMWWWENWWUMWWWMNWWWWVV

551 516 770 567 CAPUT
808 516 900 565 IX.

543 662 622 712 De
627 664 801 729 figura
821 661 944 711 coeli.

108 803 208 850 XX.
235 803 387 856 Qmm
408 800 539 847 etiam
559 800 669 847 solet
682 836 694 857 ‚
720 816 820 862 quae
846 797 986 845 forma
1007 807 1051 844 et
1071 799 1210 859 figura
1230 796 1332 847 coeli
1348 813 1439 843 esse

50 873 268 920 credenda
302 874 356 919 sit
393 873 636 919 seeundum
671 873 911 934 Scripturas
941 880 1124 917 nostras.
1160 870 1291 917 Multi
1323 870 1441 915 enim

50 944 241 990 multum
269 943 493 1005 disputant
526 944 582 989 de
608 944 658 989 iis
684 943 841 999 rebus,
875 958 981 1004 quas
1011 943 1176 1003 majore
1206 940 1441 1002 prudentia

50 1017 187 1063 nostri
214 1026 411 1062 auctores
443 1017 683 1062 omiserunt
699 1053 711 1073 ,
743 1016 797 1062 ad
819 1016 993 1061 beatam
1014 1016 1150 1060 vitam
1170 1030 1262 1060 non
1282 1013 1440 1075 profu-

50 1098 170 1134 turas
191 1088 484 1148 discentibus3
509 1097 553 1133 et
574 1096 854 1149 occupantes,
875 1085 996 1148 quod
1009 1087 1134 1147 pejus
1149 1093 1228 1142 est,
1250 1084 1443 1130 multum

51 1161 254 1222 pretiosa,
269 1169 312 1205 et
321 1161 448 1205 rebus
462 1159 710 1204 salubribus
722 1157 1016 1220 impendenda
1029 1167 1275 1219 temporum
1287 1157 1440 1218 spatia.

52 1232 171 1286 Quid
193 1231 310 1276 enim
345 1231 400 1276 ad
421 1247 491 1275 me
512 1231 726 1291 pertinet,
761 1239 913 1275 utrum
942 1229 1106 1275 coelum
1138 1229 1251 1274 sicut
1274 1229 1443 1289 sphaera

51 1301 250 1362 undique
279 1300 513 1346 concludat
534 1311 692 1346 terram
717 1301 763 1345 in
801 1299 944 1345 media
966 1299 1121 1344 mundi
1158 1298 1273 1344 mole
1310 1299 1444 1344 libra-

53 1382 164 1428 tam,
202 1388 258 1417 an
285 1387 380 1416 eam
403 1387 455 1416 ex
475 1388 565 1416 una
586 1381 710 1431 parte
732 1371 918 1431 desuper
944 1369 1068 1417 velut
1084 1369 1227 1415 discus
1250 1371 1445 1431 operiat?

56 1443 141 1490 Sed
157 1443 259 1504 quia
281 1441 336 1487 de
355 1441 442 1486 fide
465 1443 607 1501 agitur
627 1443 949 1502 Scripturarum
966 1478 976 1498 ,
1008 1452 1187 1503 propter
1209 1442 1327 1486 illam
1344 1457 1446 1487 cau-

53 1529 157 1569 sam,
178 1528 311 1574 quam
323 1528 414 1557 non
429 1512 563 1557 semel
579 1513 932 1568 commemoravi,
950 1528 1005 1556 ne
1022 1513 1255 1574 quisquam
1272 1513 1446 1574 eloquia

53 1584 200 1630 divina
222 1600 312 1630 non
328 1583 575 1643 intelligens
591 1618 602 1637 ,
625 1599 726 1628 cum
756 1582 811 1627 de
832 1584 897 1628 his
921 1584 1052 1629 rebus
1080 1583 1166 1628 tale
1188 1583 1354 1645 aliquid
1375 1583 1447 1630 vel

53 1655 268 1701 invenerit
304 1655 349 1699 in
384 1653 506 1699 libris
546 1654 704 1699 nostris
724 1689 735 1710 ,
760 1653 831 1699 vel
861 1670 913 1699 ex
950 1654 1034 1700 illis
1070 1655 1257 1702 audierit
1274 1691 1285 1712 ,
1325 1655 1448 1717 quod

53 1726 267 1788 perceptis
289 1743 313 1771 a
334 1741 378 1771 se
399 1726 642 1771 rationibus
665 1725 883 1772 adversari
908 1727 1133 1784 videatur,
1166 1728 1289 1773 nullo
1313 1727 1447 1773 modo

56 1799 113 1843 eis
135 1807 292 1843 caetera
319 1797 444 1841 utilia
474 1798 777 1853 monentibus,
808 1797 879 1842 vel
907 1799 1186 1845 narrantibus
1202 1835 1213 1855 ‚
1249 1799 1319 1845 vel
1342 1815 1447 1859 pro-

56 1868 360 1914 nuntiantibus
374 1867 543 1927 credat3
564 1868 753 1914 breviter
770 1868 1008 1915 dicendum
1025 1881 1089 1916 est
1106 1870 1161 1915 de
1183 1873 1325 1931 figura
1343 1872 1448 1917 coeli

56 1941 140 1985 hoc
161 1940 286 1984 scisse
303 1949 500 1984 auctores
521 1949 706 1996 nostros,
733 1941 855 2001 quod
875 1941 1032 1987 veritas
1054 1942 1236 2001 habet13
1255 1943 1331 1987 sed
1356 1943 1449 2003 Spi-

57 2011 190 2056 ritum
212 2010 289 2055 Dei
304 2045 315 2066 ,
347 2011 422 2071 qui
448 2026 526 2070 per
547 2011 661 2071 ipsos
674 2010 957 2072 loquebatur,
983 2013 1171 2060 noluisse
1194 2014 1274 2059 ista
1290 2013 1447 2061 docere

56 2082 252 2127 homines
270 2081 381 2126 nulli
403 2080 530 2126 saluti
546 2081 791 2142 profutura.

116 2154 239 2197 XXI.
263 2151 347 2197 Sed
365 2153 424 2198 ait
445 2151 600 2213 aliquis
616 2188 627 2208 ‚
647 2151 870 2214 quomodo
889 2169 980 2199 non
996 2163 1061 2199 est
1082 2155 1351 2201 contrarium
1372 2156 1446 2213 iis,

58 2222 135 2284 qui
154 2223 339 2282 figuram
362 2223 546 2284 sphaerae
570 2222 683 2268 coelo
704 2223 924 2280 tribuunt,
950 2226 1072 2286 quod
1088 2226 1300 2287 scriptum
1322 2236 1386 2272 est
1401 2227 1449 2272 in

59 2293 211 2340 litteris
228 2294 406 2351 nostris,
431 2313 452 2338 «
471 2295 555 2349 Qui
573 2294 767 2340 extendit
785 2294 949 2340 coelum
970 2296 1083 2342 sicut
1096 2296 1315 2357 peflem‘2?
1340 2317 1359 2339 »
1384 2299 1449 2344 Sit

62 2380 164 2411 sane
184 2366 476 2424 contrarium,
498 2367 532 2411 si
553 2365 710 2412 falsum
727 2376 790 2412 est
801 2367 923 2429 quod
944 2367 1007 2413 illi
1024 2369 1178 2414 dicunt
1204 2389 1214 2415 ι
1233 2370 1316 2415 hoc
1331 2370 1448 2415 enim

60 2451 215 2481 verum
231 2446 294 2481 est
315 2436 436 2498 quod
457 2438 603 2483 divina
618 2437 725 2483 dicit
741 2439 974 2485 auctoritas
988 2476 999 2496 ,
1027 2441 1174 2501 potius
1188 2457 1321 2501 quarn
1337 2440 1448 2486 illud

62 2505 183 2566 quod
203 2507 394 2552 humana
410 2508 637 2553 infirmitas
654 2509 853 2569 conjicit?
872 2509 958 2556 Sed
974 2511 1008 2556 si.
1029 2509 1141 2557 forte
1158 2510 1270 2556 illud
1286 2510 1447 2557 talibus

114 2611 121 2625 ¹
145 2615 163 2636 2
182 2605 270 2637 Sent.
290 2605 363 2638 dist.
379 2615 452 2648 xiv,
472 2617 541 2649 cap.
564 2607 593 2640 3.
617 2624 657 2629 --
678 2613 691 2630 2
712 2606 792 2640 Psai.
812 2618 861 2640 cm
875 2632 883 2647 ‚
902 2617 933 2639 2.
