1854 3219
379 167 462 207 ‹1:36
811 181 844 205 s.
882 178 1111 206 Aucus'rim
1145 179 1323 205 isrlscori

377 246 473 290 bilis
493 249 618 298 Deus,
638 245 728 302 ipse
752 258 832 287 nee
851 259 928 303 per
949 253 1119 304 tempus
1139 259 1218 287 nec
1236 258 1312 303 per
1330 242 1476 286 locum
1498 250 1641 286 motus
1662 257 1759 287 mo-

373 326 473 361 veat
494 314 791 374 temporaliter
817 324 860 358 et
882 315 1079 359 localiter
1109 323 1353 359 creaturam
1372 328 1493 357 suam
1509 348 1520 368 7
1546 328 1637 357 non
1659 328 1762 357 eum

373 396 483 447 puto
501 400 625 446 posse
651 385 833 445 assequi,
860 385 940 429 nisi
963 386 1080 445 prius
1108 384 1368 429 intellexerit
1390 382 1762 444 quemadmodum

374 458 534 508 anima„
550 458 633 502 hoc
650 466 729 512 est,
742 456 917 516 spiritus
929 466 1114 512 creatus,
1127 472 1217 501 non
1230 471 1307 516 per
1322 455 1487 511 locum,
1501 454 1577 499 sed
1590 464 1763 500 tantum

373 545 451 589 per
473 538 646 589 tempus
667 537 834 582 motus,
861 537 1034 573 moveat
1056 543 1212 588 eorpus
1234 542 1311 586 per
1333 535 1504 586 tempus
1529 535 1574 570 et
1596 525 1759 571 locum.

374 600 419 646 Si
450 601 566 644 enim
596 598 718 661 quod
738 599 784 643 in
808 614 852 643 se
883 599 975 659 ipso
1008 599 1151 658 agitur
1184 613 1337 658 capere
1365 595 1566 643 nondum
1593 606 1760 658 potest,

371 682 540 734 quanto
559 672 705 715 minus
727 670 839 715 illud
861 670 982 732 quod
1006 685 1135 731 supra
1158 673 1252 715 est?

432 746 548 788 XLI.
570 744 738 788 Ass'ecta
754 742 917 804 quippe
939 743 1082 787 anima
1101 740 1343 787 carnalium
1362 756 1569 786 sensuum
1583 756 1764 786 consue—

372 815 542 871 tudine,
555 815 685 860 etiam
703 830 746 859 se
763 815 898 875 ipsam
916 831 1014 859 eum
1034 829 1215 874 corpore
1228 829 1306 874 per
1322 813 1471 860 locum
1492 814 1657 859 moveri
1676 829 1762 874 pu-

370 896 462 943 tat,
490 887 597 932 dum
626 886 670 931 id
692 902 769 946 per
787 885 936 932 locum
966 895 1127 932 movet.
1161 888 1270 940 Quae
1305 886 1339 930 si
1370 885 1503 946 possit
1529 884 1764 944 diligenter

370 959 606 1019 inspicere,
638 967 847 1019 tanquam
882 957 1079 1003 cardines
1109 958 1411 1002 membrorum
1439 957 1631 1017 corporis
1667 956 1760 1012 sui,

370 1029 750 1092 quemadmodum
766 1029 1030 1074 articulatim
1048 1029 1245 1089 dispositi
1270 1037 1396 1084 sunt,
1418 1044 1441 1072 a
1462 1028 1623 1089 quibus
1639 1027 1764 1072 initia

371 1103 613 1148 motionum
635 1101 859 1158 nitantur3
886 1100 1079 1145 inveniet
1099 1116 1148 1144 ea
1175 1116 1275 1160 quae
1302 1115 1380 1159 per
1402 1099 1539 1160 spatia
1566 1099 1764 1144 locorum

372 1182 629 1227 moventur,
663 1172 743 1214 nisi
776 1171 832 1214 ab
855 1172 914 1214 eis
939 1187 1039 1231 quae
1063 1170 1163 1215 loco
1185 1171 1268 1214 fixa
1288 1179 1416 1225 sunt,
1457 1186 1547 1215 non
1578 1169 1760 1215 moveri.

371 1247 470 1289 Non
487 1244 605 1287 enim
624 1252 826 1287 movetur
841 1240 956 1286 solus
975 1240 1154 1300 digitus,
1173 1241 1253 1284 nisi
1268 1255 1423 1285 manus
1438 1240 1524 1284 fixa
1545 1241 1600 1285 sit
1615 1275 1626 1296 ‚
1649 1256 1672 1284 a
1688 1256 1766 1285 cu-

365 1331 436 1375 lus
453 1315 637 1359 articulo
651 1314 773 1359 velut
785 1314 967 1358 immoto
984 1312 1158 1358 cardine
1177 1322 1401 1357 moveatur
1419 1333 1426 1357 :
1443 1313 1502 1357 sic
1516 1321 1608 1358 toto
1620 1312 1765 1373 palma

372 1387 428 1430 ab
449 1386 633 1431 articulo
648 1386 802 1441 cubiti⁷
823 1386 880 1430 sic
896 1384 1072 1429 cubitus
1089 1384 1143 1428 ab
1158 1383 1340 1429 articulo
1354 1384 1540 1439 humeri,
1556 1385 1764 1429 humerus

373 1458 428 1502 ab
449 1458 626 1518 scapula
644 1473 743 1502 cum
758 1467 974 1512 movetur,
993 1455 1209 1501 stantibus
1232 1456 1385 1516 utique
1402 1455 1652 1500 cardinibus
1670 1457 1765 1516 qui—

376 1529 455 1573 bus
477 1530 612 1573 motio
635 1529 822 1583 nitatur,
845 1528 878 1571 it
897 1543 975 1587 per
996 1527 1081 1571 loci
1099 1527 1285 1586 spatium
1313 1525 1434 1587 quod
1453 1535 1667 1572 movetur.
1697 1527 1764 1572 Sic

369 1600 533 1660 plantae
555 1600 601 1643 in
624 1599 710 1643 talo
726 1608 789 1642 est
803 1598 1027 1653 articulus,
1047 1613 1135 1658 quo
1154 1607 1296 1641 stante
1316 1606 1543 1642 moveatur
1561 1619 1572 1656 3
1593 1598 1650 1643 sic
1669 1614 1766 1642 cru-

371 1673 428 1716 ris
447 1672 491 1715 in
511 1686 641 1730 genu,
664 1680 707 1714 et
719 1670 852 1715 totius
865 1669 988 1729 pedis
1006 1670 1052 1712 in
1070 1684 1175 1713 coxa
1198 1688 1205 1712 :
1227 1677 1270 1712 et
1287 1667 1450 1712 nullius
1470 1669 1656 1712 membri
1673 1684 1766 1713 mo-

372 1743 640 1788 tusomnino
657 1751 719 1786 est
736 1777 746 1797 7
766 1756 897 1802 quem
911 1740 1115 1785 voluntas
1136 1748 1299 1794 movet,
1316 1739 1396 1783 nisi
1423 1739 1476 1784 ab
1495 1739 1643 1800 aliquo
1661 1741 1765 1785 arti-

369 1814 458 1858 culi
473 1813 666 1869 cardine,
687 1827 820 1874 quem
834 1821 968 1856 nutus
982 1810 1177 1872 ejusdem
1191 1809 1428 1855 voluntatis
1442 1810 1642 1871 primitus
1653 1812 1760 1871 figit,

371 1896 418 1931 ut
442 1886 497 1930 ab
520 1901 571 1929 eo
595 1884 717 1945 quod
738 1884 823 1928 loci
845 1884 984 1944 spatio
1010 1899 1100 1927 non
1137 1892 1354 1938 movetur,
1390 1883 1458 1942 agi
1481 1882 1623 1927 valeat
1644 1883 1766 1944 quod

369 1965 584 2002 movetur.
603 1955 801 2016 Denique
817 1970 897 1999 nee
915 1955 958 1998 in
978 1953 1248 1998 ambulando
1264 1969 1338 2014 pes
1360 1953 1546 2009 levatur,
1562 1954 1643 1998 nisi
1659 1953 1767 1999 alius

368 2029 477 2073 fixus
503 2037 647 2073 totum
675 2042 832 2087 corpus
853 2025 989 2081 ferat,
1015 2024 1155 2069 donec
1181 2023 1254 2068 ille
1277 2023 1353 2085 qui
1371 2033 1514 2069 motus
1537 2034 1600 2069 est
1623 2040 1645 2069 a
1666 2023 1764 2070 loco

370 2099 487 2144 unde
505 2100 661 2154 sertur7
680 2098 735 2144 ad
748 2098 894 2144 locum
910 2113 998 2159 quo
1014 2096 1171 2151 fertur,
1192 2098 1372 2141 immoto
1392 2095 1576 2142 articulo
1592 2097 1658 2141 sui
1673 2113 1765 2142 ear-

372 2171 484 2215 dinis
507 2171 733 2215 innitatur.

428 2245 568 2286 XLII.
595 2246 729 2287 Porro
747 2242 779 2285 si
797 2242 842 2285 in
862 2255 1043 2300 corpore
1064 2238 1237 2284 nullum
1256 2239 1506 2284 membrum
1522 2254 1600 2300 per
1616 2238 1763 2285 locum

369 2314 572 2359 voluntas
600 2323 771 2368 movet,
800 2312 881 2356 nisi
911 2312 967 2356 ab
998 2327 1049 2356 eo
1080 2311 1267 2356 membri
1301 2311 1484 2356 articulo
1513 2327 1645 2372 quem
1673 2327 1763 2357 non

372 2394 534 2436 movet,
555 2400 656 2429 cum
681 2394 724 2428 et
744 2384 817 2428 illa
839 2399 937 2443 pars
961 2383 1153 2443 eorporis
1172 2399 1270 2443 quae
1292 2391 1509 2438 movetur,
1526 2392 1569 2427 et
1585 2381 1659 2427 illa
1677 2399 1763 2444 qua

372 2459 456 2502 fixa
476 2459 526 2502 fit
546 2467 596 2502 ut
614 2466 862 2512 moveatur,
889 2471 1116 2516 corporeas
1142 2455 1333 2500 habeant
1355 2456 1619 2516 quantitates
1640 2471 1758 2510 suas,

372 2530 534 2591 quibus
558 2537 777 2589 occupent
805 2527 941 2588 spatia
966 2526 1165 2572 locorum
1199 2542 1401 2586 suorum·⁷
1435 2536 1602 2588 quanto
1627 2527 1762 2586 magis
