1854 3219
352 240 405 266 m:
437 239 589 267 GENEsr
623 237 677 266 AD
712 237 956 278 mmmmm,
993 241 1074 267 Lm.
1111 241 1171 268 1x.
1357 231 1439 269 473

57 305 153 350 lans
187 314 393 366 tanquam
424 303 666 364 prophetice
702 303 856 364 plenus
875 340 885 360 ,
925 320 1025 349 cum
1053 305 1107 350 ad
1136 321 1179 350 se
1210 306 1443 352 adductam

59 385 245 432 costam,
276 375 502 420 mulierem
540 390 663 419 suam
702 375 890 432 videret,
927 377 1171 422 eructuavit
1205 378 1440 436 continuo,

60 447 182 509 quod
228 462 436 506 magnum
481 456 804 492 sacramentum
862 447 1139 492 commendat
1185 449 1440 509 Apostolus,

59 537 81 562 «
115 521 209 563 Hoc
231 533 348 562 nunc
366 533 412 562 os
425 533 476 562 ex
497 517 664 563 ossibus
682 518 802 573 meiS‚
824 527 867 562 et
889 534 988 564 caro
1002 519 1056 564 de
1073 535 1201 564 carne
1216 536 1325 565 mea.
1341 525 1444 568 Haec

58 608 79 632 ³>
113 589 342 635 vocabitur
363 588 543 646 mulier,
568 590 775 651 quoniam
803 589 858 634 de
882 591 976 636 viro
999 607 1077 636 suo
1099 601 1272 652 sumpta
1290 603 1353 637 est
1373 613 1380 638 :
1402 603 1446 639 ct

59 679 79 703 »
114 671 292 722 propter
308 662 391 706 hoc
413 660 631 722 relinquet
647 663 780 706 homo
802 671 970 722 patrem
988 679 1115 708 suum
1129 673 1173 707 et
1187 673 1386 720 matrem,
1402 675 1446 710 et

58 751 79 775 »
114 732 353 777 adhaerebit
370 733 492 778 uxori
513 749 618 789 suae,
644 743 687 778 et
703 743 833 777 erunt
850 734 938 778 duo
956 735 1000 778 in
1015 751 1142 779 carne
1156 752 1242 780 una
1258 738 1286 780 ¹.
1307 739 1445 790 »Quae

53 803 186 847 verba
223 818 323 847 cum
350 803 479 863 primi
506 805 693 849 hominis
715 803 846 848 fuisse
880 805 1100 864 Scriptura
1127 806 1218 866 ipsa
1239 815 1441 863 testetur,

54 874 265 919 Dominus
287 883 431 918 tamen
457 875 503 918 in
524 875 762 935 Evangelio
776 879 914 919 Deum
936 875 1089 920 dixisse
1101 876 1351 922 declaravit.
1373 879 1446 922 Ait

55 945 170 989 enim
191 963 200 989 :
236 963 256 987 «
283 947 380 990 Non
403 944 565 1005 legistis
588 946 690 1006 quia
708 946 784 1007 qui
806 944 909 990 fecit
926 946 978 990 ab
999 947 1121 991 initio
1139 947 1379 993 masculum
1403 957 1446 993 et

58 1033 78 1057 »
112 1013 340 1059 foeminam
351 1013 455 1059 fecit
472 1031 543 1060 eos
566 1035 574 1061 :
601 1025 644 1060 et
663 1015 769 1060 dixit
787 1036 795 1061 2
817 1020 999 1075 Propter
1013 1017 1097 1062 hoc
1111 1017 1445 1063 dimittethomo

58 1103 77 1126 »
111 1094 278 1145 patrem
301 1095 344 1130 et
372 1094 578 1142 matrem,
614 1095 657 1130 et
691 1086 929 1131 adhaerebit
951 1088 1073 1131 uxori
1107 1103 1218 1144 suae,
1246 1098 1289 1133 et
1316 1099 1447 1134 erunt

57 1174 78 1199 »
113 1156 202 1202 duo
230 1157 276 1202 in
297 1173 426 1202 carne
458 1159 576 1202 una³
597 1177 606 1202 ι
630 1177 649 1200 »
676 1167 725 1203 ut
753 1158 856 1203 hinc
887 1158 1230 1219 intelligeremus
1266 1171 1447 1221 propter

56 1228 248 1284 extasim,
274 1244 373 1288 quae
411 1239 688 1287 praecesserat
713 1229 758 1273 in
791 1229 948 1285 Adam,
985 1231 1068 1274 hoc
1103 1246 1204 1274 eum
1237 1231 1445 1276 divinitus

55 1307 265 1358 tanquam
287 1299 550 1358 Prophetam
578 1299 720 1344 dicere
751 1300 956 1359 potuisse.
993 1300 1077 1344 Sed
1103 1302 1193 1361 jam
1216 1303 1295 1345 istc
1315 1303 1445 1362 liujus

54 1367 155 1412 libri
176 1368 384 1412 terminus
406 1367 572 1428 placet,
592 1379 641 1413 ut
663 1385 712 1414 ea
731 1386 829 1430 quae
857 1380 1116 1431 sequuntur,
1136 1372 1191 1416 ab
1210 1371 1294 1418 alio
1317 1388 1443 1417 exor-

54 1437 127 1483 dio
148 1448 360 1483 renovent
380 1439 669 1484 intentionem
681 1439 941 1499 legentium.

102 1542 111 1558 ¹
128 1538 207 1569 Gen.
224 1548 258 1579 u,
278 1537 334 1579 23,
353 1541 387 1570 et
409 1537 525 1580 Ephes.
546 1548 578 1580 v,
600 1538 653 1571 31.
676 1555 717 1562 —-
737 1545 751 1562 ²
770 1538 880 1571 Mauh.
903 1537 1041 1581 x1x‚45.
