1854 3219
345 238 398 265 DE
429 237 581 266 GENESI
613 233 669 265 An
701 234 943 277 LITTERAM,
979 239 1062 266 Lm.
1099 239 1179 266 xn.
1372 228 1452 267 611

73 374 1459 397 ΜΜΜΜΜΜΜΜΜΜΜΜΜΜΜΜΜΜΛΛΜΜΜΜΜΜ

465 463 467 465 ’
514 497 733 549 CAPUT
767 499 1001 550 xxviii.

83 641 300 688 Tertium
313 641 487 689 coelum
501 651 547 688 et
560 641 849 704 paradisum
866 642 926 690 de
942 659 1036 723 quo
1046 643 1309 723 Apostolus
1318 659 1461 705 posse

359 712 563 776 zntelligz
589 723 661 760 te]
663 723 778 759 tcum
798 731 948 778 genus
964 716 1174 761 vzmssszoms

140 851 254 894 LVI.
279 852 568 903 Quipnopzmn
590 852 624 896 si
646 851 731 896 hoc
750 852 927 896 tertium
955 852 1130 897 visionis
1155 865 1319 912 genus,
1344 849 1466 912 quod

79 919 276 979 superius
293 929 357 965 est
371 956 383 977 ,
408 937 499 966 11011
515 921 656 966 solum
673 922 793 966 omni
814 923 1048 982 corporali,
1073 938 1161 983 quo
1182 938 1260 983 per
1276 921 1468 981 corporis

80 1004 228 1035 sensus
273 1007 456 1052 corpora
490 993 763 1050 sentiuntur,
792 994 1076 1039 verumetiam
1100 995 1219 1039 omni
1240 993 1316 1038 illo
1344 992 1470 1052 spiri-

82 1060 181 1118 tali,
207 1078 296 1123 quo
327 1063 631 1108 similitudines
668 1081 902 1125 corporum
924 1066 1079 1126 spiritu
1117 1075 1161 1110 et
1197 1082 1287 1111 non
1322 1073 1469 1110 mente

81 1143 346 1191 cernuntur,
372 1136 549 1180 tertium
570 1135 734 1181 coelum
763 1137 998 1197 appellavit
1024 1136 1280 1197 Apostolus3
1310 1137 1355 1180 in
1385 1137 1469 1180 hoc

82 1204 255 1250 videtur
272 1205 442 1251 claritas
463 1208 556 1263 Dei,
580 1208 652 1253 cui
672 1207 873 1253 videndae
895 1208 1026 1254 corda
1046 1210 1331 1267 mundantur,
1353 1211 1472 1260 unde

85 1275 254 1321 dictum
277 1286 341 1321 est
366 1297 374 1321 ε
405 1298 425 1321 1(
449 1279 570 1323 Beati
591 1279 759 1324 mundo
792 1280 944 1336 corde,
985 1281 1087 1341 quia
1119 1282 1201 1342 ipsi
1233 1287 1373 1329 Deum
1403 1284 1472 1330 vi-·

90 1367 110 1391 »
133 1349 327 1395 debunt¹
347 1386 358 1405 ‚
387 1369 407 1392 »
428 1367 519 1395 non
539 1366 618 1411 per
634 1350 823 1412 aliquam
845 1352 1127 1412 corporaliter
1143 1354 1212 1399 vel
1226 1356 1473 1415 spiritaliter

87 1421 317 1479 figuratam
343 1421 729 1479 significationem,
759 1439 776 1461 «
801 1425 1025 1482 Tanquam
1055 1439 1133 1483 per
1162 1427 1388 1484 speculum
1429 1429 1475 1473 in

86 1508 107 1532 »
133 1492 362 1549 aenigmate
379 1527 390 1547 ,
411 1492 485 1536 sed
508 1491 618 1536 facie
635 1491 689 1535 ad
706 1490 862 1536 faciem
876 1494 892 1516 ²
908 1527 919 1547 ‚
948 1510 969 1533 »
995 1494 1115 1553 quod
1136 1494 1191 1538 de
1212 1500 1363 1555 Moyse
1385 1498 1476 1543 dic-

84 1571 180 1607 tum
202 1571 265 1606 est
286 1582 296 1607 2
324 1581 345 1604 ο,
361 1564 420 1606 Os
437 1561 494 1607 ad
508 1578 553 1606 os
567 1564 582 1587 3
600 1583 612 1619 3
635 1580 656 1603 »
678 1577 755 1621 per
772 1562 958 1621 speciem
972 1563 1148 1621 scilicet,
1168 1583 1255 1626 qua
1278 1578 1341 1613 est
1363 1573 1476 1615 Deus

84 1633 301 1696 quidquid
333 1643 423 1689 est,
458 1633 916 1695 quantulumcumque
951 1651 1051 1679 eum
1077 1652 1223 1694 mens,
1257 1656 1356 1700 quae
1384 1658 1476 1687 non

85 1715 150 1750 est
167 1704 288 1765 quod
307 1704 420 1764 ipse,
442 1704 572 1748 etiam
590 1703 644 1747 ab
661 1704 780 1748 omni
797 1713 968 1749 terrena
985 1705 1085 1750 labe
1106 1708 1313 1754 mundata
1327 1747 1338 1766 ‚
1361 1720 1408 1759 ,et
1420 1713 1475 1757 ab

86 1778 206 1825 omni
233 1793 414 1837 corpore.
433 1786 477 1821 et
497 1775 780 1821 similitudine
801 1778 993 1837 corporis
1024 1778 1210 1825 alienata
1231 1792 1275 1826 et
1295 1783 1477 1844 abrepta

87 1864 241 1909 capere
262 1856 405 1908 potest
431 1866 439 1891 z
466 1863 489 1891 a
511 1862 600 1907 quo
628 1847 958 1907 peregrinamur
989 1850 1162 1894 mortali
1184 1861 1229 1895 et
1258 1855 1476 1914 corrupti-

88 1919 166 1964 bili
190 1933 321 1963 onere
342 1917 531 1977 gravati,
564 1914 764 1977 quandiu
790 1931 868 1977 per
897 1916 1031 1962 fidem
1054 1920 1328 1968 ambulamus
1345 1959 1356 1979 ,
1386 1941 1477 1970 non

88 2005 167 2050 per
185 1989 422 2050 speciem,
462 1997 506 2032 et
521 2003 622 2032 cum
645 1987 716 2032 hic
747 1988 864 2048 juste
884 1989 1083 2034 vivimus.
1113 1993 1203 2036 Cur
1224 2003 1369 2038 autem
1391 2011 1482 2041 non

90 2060 338 2114 credamus,
364 2059 486 2120 quod
507 2067 630 2103 tanto
661 2057 872 2118 Apostolo
898 2057 1067 2104 doctori
1095 2062 1311 2120 gentium,
1353 2076 1476 2126 rapto

90 2145 230 2191 usque
247 2129 302 2175 ad
321 2130 448 2174 istam
465 2127 868 2173 excellentissimam
887 2129 1096 2174 visionem
1109 2167 1119 2186 ‚
1145 2132 1331 2178 voluerit
1346 2137 1476 2193 Deus,

91 2201 387 2246 demonstrare
404 2199 538 2245 vitam
555 2236 566 2256 ,
591 2199 637 2244 in
659 2215 745 2261 qua
768 2209 865 2260 post
886 2200 999 2246 hanc
1012 2202 1145 2246 vitam
1167 2204 1401 2250 vivendum
1416 2216 1480 2252 est

91 2272 138 2317 in
159 2274 401 2316 aeternum?
421 2274 479 2316 Et
499 2287 576 2316 cur
602 2287 692 2316 non
714 2270 887 2316 dicatur
915 2271 994 2316 iste
1022 2274 1244 2332 paradisus
1263 2311 1273 2333 ,
1299 2288 1480 2338 excepto

93 2343 168 2388 illo
187 2343 233 2388 in
250 2358 339 2404 quo
361 2341 643 2403 corporaliter
663 2343 769 2388 vixit
790 2341 930 2387 Adam
954 2343 1067 2388 inter
1103 2344 1221 2404 ligna
1244 2343 1480 2395 >nemorosa

94 2423 226 2475 atque
258 2411 511 2459 fructuosa?
547 2411 915 2473 Quandoquidem
942 2422 986 2457 et
1013 2414 1225 2472 Ecclesia,
1261 2434 1361 2478 quae
1402 2436 1481 2466 nos

94 2493 332 2545 congregat
362 2482 409 2529 in
442 2483 662 2529 charitatis
691 2482 833 2528 sinum
851 2519 861 2539 ‚
890 2483 1111 2543 paradisus
1145 2485 1259 2532 dicta
1291 2499 1355 2535 est
1377 2507 1477 2536 eum

143 2588 153 2605 ¹
173 2580 288 2614 matth.
305 2591 336 2623 v,
358 2579 390 2612 8.
412 2597 453 2603 —
475 2586 488 2602 ²
507 2591 519 2612 1
535 2582 611 2613 Cor.
633 2590 704 2621 xm,
728 2588 778 2611 ια.
799 2596 840 2602 -
857 2577 870 2602 3
885 2581 976 2612 Num.
999 2592 1052 2621 xn,
1073 2581 1104 2613 8.
1120 2598 1161 2605 --
1179 2581 1195 2608 4
1211 2594 1229 2616 2
1247 2587 1319 2618 Cor.
1343 2597 1377 2627 v,
1394 2598 1424 2628 7.

1256 2640 1320 2680 39.
