1854 3219
363 154 445 191 608
795 167 828 191 s.
865 164 1095 194 AUGUSTINI
1128 167 1309 195 Emscom

358 232 481 293 quasi
497 232 715 289 regionem
734 231 1097 277 intellectualium
1125 233 1196 278 vel
1223 231 1567 292 intelligibilium
1590 233 1750 278 subve-

357 304 509 357 hatur,
529 302 606 345 ubi
623 303 713 346 sine
731 301 821 347 ulla
840 304 1033 363 corporis
1050 303 1337 349 similitudine
1355 304 1582 364 perspicua
1595 305 1752 350 veritas

357 374 572 427 cernitur,
598 371 729 416 nullis
757 373 1015 433 opinionum
1038 374 1243 419 falsarum
1262 373 1436 419 nebulis
1459 373 1714 419 obfuscatur
1738 394 1747 419 :

356 445 418 488 ibi
440 445 620 489 virtutes
642 445 798 488 animae
820 461 908 490 non
930 455 1033 490 sunt
1049 462 1240 506 operosae
1263 461 1312 491 ac
1334 444 1578 491 laboriosae.
1601 448 1753 507 Neque

357 515 473 559 enim
496 531 625 576 opere
648 516 946 575 temperantiae
963 516 1100 561 libido
1122 516 1342 572 frenatur,
1368 526 1444 562 aut
1473 532 1602 577 opere
1625 516 1754 562 forti-

360 586 520 632 tudinis
543 586 787 632 tolerantur
817 587 1020 644 adversa,
1053 598 1128 633 aut
1150 604 1283 648 opere
1298 588 1476 648 justitiae
1498 588 1647 648 iniqua
1666 604 1753 648 pu—

357 658 566 713 niuntur,
603 667 679 702 aut
697 673 826 718 opere
856 659 1102 719 prudentiae
1125 658 1237 703 mala
1274 658 1540 704 devitantur.
1577 661 1671 704 Una
1692 659 1753 703 ibi

356 736 400 772 et
421 737 512 772 tota
539 727 676 773 virtus
698 736 762 773 est
784 744 928 773 amare
950 730 1072 791 quod
1094 728 1240 774 videas
1255 765 1265 784 ‚
1302 737 1345 773 et
1373 744 1541 774 summa
1571 727 1753 774 felleitas

357 798 515 842 habere
530 797 650 859 quod
661 814 794 843 amas.
814 799 881 843 lbi
903 800 1016 843 enim
1031 800 1157 844 beata
1169 799 1257 844 vita
1270 799 1316 843 in
1336 797 1457 844 fonte
1472 815 1550 844 suo
1562 799 1748 855 bibitur,

357 869 459 914 inde
503 870 742 930 aspergitur
775 870 941 931 aliquid
975 871 1046 915 hic
1083 872 1290 915 humanae
1331 871 1454 926 vitae,
1491 880 1542 916 ut
1577 870 1624 916 in
1652 880 1752 915 ten-

359 940 596 985 tationibus
618 941 748 1001 hujus
762 941 925 997 saeculi,
948 951 1257 1002 temperanter,
1286 942 1472 998 fortiter,
1491 943 1623 1003 juste,
1644 959 1751 1002 pru-

358 1012 600 1072 denterque
621 1012 806 1056 vivatur.
847 1015 1031 1072 Propter
1054 1011 1165 1057 illud
1188 1013 1352 1073 quippe
1375 1011 1723 1073 adispiscendum
1738 1048 1750 1070 ‚

356 1082 434 1126 ubi
466 1098 615 1126 secura
646 1083 767 1142 quies
794 1083 874 1126 erit
908 1091 950 1127 et
981 1082 1217 1128 ineffabilis
1243 1083 1350 1128 visio
1378 1084 1593 1139 veritatis,
1629 1083 1754 1129 labor

355 1153 602 1212 suscipitur7
621 1163 663 1197 et
677 1153 931 1198 continendi
945 1169 966 1197 a
983 1153 1228 1213 voluptate,
1247 1163 1290 1197 ct
1303 1154 1546 1198 sustinendi
1561 1153 1753 1199 adversi-

359 1232 486 1279 tates,
508 1234 550 1268 et
563 1223 850 1268 subveniendi
873 1224 1189 1284 indigentibus,
1217 1234 1259 1270 et
1283 1224 1509 1270 resistendi
1531 1225 1754 1286 decipien-

359 1296 488 1340 tibus.
532 1296 599 1340 Ibi
639 1295 814 1340 videtur
849 1296 1020 1341 claritas
1064 1297 1265 1352 Domini,
1302 1313 1392 1341 non
1425 1313 1502 1357 per
1543 1297 1754 1342 visionem

355 1367 671 1426 significantem
689 1402 699 1421 ‚
728 1367 815 1411 sive
849 1366 1120 1427 corporalem
1138 1403 1148 1423 ,
1187 1367 1299 1412 sicut
1320 1368 1407 1411 visa
1447 1376 1507 1412 est
1531 1368 1577 1411 in
1603 1376 1754 1412 monte

359 1436 458 1481 Sina
474 1439 487 1462 1
506 1472 517 1491 ‚
544 1437 631 1481 sive
654 1436 914 1496 spiritalem‚
953 1438 1065 1482 sicut
1091 1437 1199 1482 vidit
1223 1441 1390 1493 lsaias2,
1409 1437 1479 1482 vel
1502 1440 1690 1481 Joannes
1707 1438 1754 1482 in

356 1506 619 1567 Apocalypsi
634 1509 648 1533 ³
678 1527 686 1551 :
713 1505 788 1551 sed
807 1523 883 1566 per
905 1507 1114 1567 speciem⁷
1140 1523 1230 1551 non
1245 1523 1323 1567 per
1338 1508 1590 1566 aenigmata‚
1611 1522 1755 1568 quan-

357 1587 450 1621 tum
472 1594 565 1623 cam
605 1594 759 1638 capere
783 1593 905 1621 mens
939 1579 1129 1621 humana
1160 1587 1324 1637 potest,
1351 1577 1596 1622 secundum
1634 1594 1754 1623 assu-

356 1648 512 1692 mentis
531 1649 607 1692 Dei
627 1649 822 1707 gratiam,
846 1657 893 1691 ut
910 1664 955 1691 os
969 1647 1024 1692 ad
1044 1664 1090 1692 os
1108 1648 1315 1708 loquatur
1332 1649 1370 1692 ei
1384 1684 1394 1703 ,
1416 1664 1548 1709 quem
1568 1648 1752 1707 dignum

359 1718 431 1762 tali
455 1722 568 1763 Deus
589 1718 809 1779 cOlloquio
832 1716 1004 1776 feccrit3
1030 1734 1121 1763 non
1149 1734 1195 1763 os
1218 1720 1412 1779 corporis
1431 1755 1441 1775 ‚
1467 1718 1543 1764 sed
1565 1720 1721 1765 mentis
1737 1755 1750 1777 ,

354 1789 465 1833 sicut
503 1789 840 1849 intelligendum
883 1789 1071 1835 arbitror
1104 1790 1227 1851 quod
1267 1789 1322 1835 de
1354 1794 1505 1849 Moyse
1541 1791 1751 1852 scriptum

356 1861 463 1904 est4.

406 1963 413 1980 ¹
432 1957 533 1989 Exod.
553 1967 622 1998 xix,
641 1957 693 1989 18.
720 1973 761 1978 —
778 1964 790 1978 ²
811 1958 882 1989 lsai.
904 1968 950 1999 vr,
970 1966 998 1989 1.
1027 1973 1065 1981 -·-
1095 1955 1108 1979 3
1129 1958 1232 2001 Apoc.
1252 1969 1276 2001 ι,
1299 1968 1351 1991 10.
1370 1972 1412 1981 ·-
1430 1956 1444 1988 l.
1460 1959 1553 1992 Num.
1575 1969 1630 2002 xn,
1650 1958 1682 1992 3.
