1854 3219
372 233 426 259 DE
457 233 609 260 cnm-:st
642 233 696 260 An
728 234 970 274 m‘r'rnnAM,
1005 237 1087 263 Lm.
1124 236 1199 263 ΧΠ.
1393 221 1470 258 581

92 311 214 341 suam
234 306 379 356 potest
395 297 529 343 oculis
547 300 737 359 corporis
755 302 893 355 cerni,
919 316 998 345 nec
1020 316 1097 360 per
1116 300 1350 358 imaginem
1374 311 1473 343 cor-

91 367 206 426 poris
224 367 406 412 similem
433 368 587 428 spiritu
608 370 808 427 cogitari,
834 370 907 414 sed
929 371 1018 415 sola
1040 380 1206 425 mente,
1227 370 1273 414 id
1289 378 1374 424 est,
1401 369 1472 413 in-

89 436 265 486 tellectu
293 438 494 498 cognosci
527 448 571 484 et
596 441 773 501 percipi.
810 441 1055 501 Corporalis
1088 456 1189 485 sane
1221 441 1327 485 visio
1359 439 1471 484 nulli

88 512 246 556 horum
271 511 417 571 generi
436 511 662 571 praesidet,
691 511 767 556 sed
794 512 915 572 quod
941 528 1019 572 per
1041 526 1136 555 eam
1168 510 1353 555 sentitur
1368 546 1380 566 ‚
1405 510 1470 555 illi

88 581 268 642 spiritali
289 591 496 643 tanquam
518 581 769 642 praesidenti
791 583 1032 628 nuntiatur.
1057 584 1166 627 Nam
1184 596 1285 626 cum
1309 580 1474 641 aliquid

87 652 222 698 oculis
243 653 450 708 cernitur,
471 653 681 698 continuo
698 653 748 697 fit
759 653 902 712 imago
920 654 1011 713 ejus
1029 653 1074 697 in
1092 652 1260 712 spiritu,
1287 651 1363 696 sed
1383 667 1475 695 non

87 723 355 783 dignoscitur
371 723 500 780 facta,
521 725 601 768 nisi
624 740 724 769 cum
747 723 901 768 ablatis
923 722 1059 768 oculis
1081 723 1137 767 ab
1169 737 1220 766 eo
1252 721 1375 783 quod
1396 736 1475 781 per

86 795 235 841 oculos
257 794 535 851 videbamus,
561 795 792 854 imaginem
814 797 905 855 ejus
927 795 973 839 in
993 795 1138 838 animo
1160 793 1471 838 invenerimus.

85 869 143 911 Et
164 866 380 927 siquidem
400 866 574 926 spiritus
595 865 853 911 irrationalis
888 876 972 921 est,
1005 864 1141 910 veluti
1170 864 1339 924 pecoris
1354 899 1364 919 ‚
1390 865 1475 908 hoc

84 951 224 998 usque
246 936 362 981 oculi
379 937 599 981 nuntiant.
625 937 667 982 Si
682 946 828 981 autem
847 937 990 981 anima
1008 935 1229 981 rationalis
1245 944 1324 990 est⁷
1343 935 1477 978 etiam

84 1007 329 1052 intellectui
348 1008 595 1063 nuntiatur,
616 1009 693 1068 qui
715 1018 758 1052 θῖ
779 1007 951 1068 spiritui
967 1006 1192 1068 praesidet,
1218 1015 1268 1050 ut
1289 1005 1343 1050 sit
1365 1004 1478 1049 illud

84 1079 207 1139 quod
224 1079 464 1124 hauserunt
477 1077 606 1134 oculi,
629 1088 760 1139 atque
776 1077 821 1122 id
836 1078 1022 1138 spiritui,
1041 1086 1092 1122 ut
1110 1079 1203 1137 ejus
1220 1076 1310 1120 illic
1330 1076 1475 1134 imago

84 1151 223 1206 fieret,
254 1150 591 1206 nuntiaverunt,
617 1151 800 1210 alicujus
823 1150 884 1194 rei
907 1150 1079 1209 signum
1101 1158 1186 1204 est,
1218 1162 1294 1193 aut
1316 1145 1478 1191 intelli-

86 1232 212 1280 gatur
241 1223 452 1267 continuo
480 1221 589 1282 quid
619 1222 852 1280 significet,
885 1231 960 1266 aut
981 1230 1231 1281 quaeratur3
1267 1219 1478 1281 quoniam

85 1308 165 1337 nec
189 1292 376 1352 intelligi
392 1308 472 1337 nec
489 1292 650 1353 requiri
674 1293 755 1336 nisi
772 1293 915 1337 officio
933 1291 1089 1335 mentis
1108 1300 1264 1351 potest.

142 1365 311 1407 XXIII.
347 1363 467 1408 Vidit
490 1379 563 1407 rex
588 1362 811 1407 Balthasar
842 1363 1045 1408 articulos
1070 1379 1226 1407 manus
1247 1362 1477 1406 scribentis

84 1434 130 1476 in
149 1433 334 1492 pariete¹
350 1468 361 1487 ‚
387 1434 686 1493 continuoque
715 1449 792 1492 per
822 1434 1011 1492 corporis
1035 1449 1210 1477 sensum
1242 1433 1386 1490 imago
1413 1431 1470 1474 rei

84 1503 366 1563 corporaliter
398 1503 524 1548 factae
550 1504 721 1564 spiritui
749 1506 840 1564 ejus
873 1505 1076 1564 impressa
1096 1513 1159 1547 est
1176 1539 1186 1558 ‚
1223 1513 1355 1563 atque
1380 1503 1475 1562 ipso

83 1575 175 1620 viso
197 1573 313 1618 facto
331 1590 380 1618 ac
395 1574 614 1634 praeterito
631 1573 705 1618 illa
722 1574 767 1618 in
784 1575 1045 1632 cogitatione
1058 1575 1293 1633 permansit
1316 1593 1324 1618 ε
1348 1572 1475 1617 vide-

86 1646 214 1689 batur
229 1645 275 1688 in
291 1645 462 1704 spiritu,
478 1654 521 1688 θῖ
533 1644 732 1689 nondum
753 1643 1095 1703 intelligebatur,
1116 1659 1197 1688 nec
1215 1653 1321 1688 tunc
1343 1643 1475 1687 intel-

84 1716 248 1761 lectum
271 1724 363 1760 erat
386 1716 470 1760 hoc
503 1715 674 1774 signum
691 1751 701 1770 ,
727 1731 829 1760 cum
851 1716 1133 1775 corporaliter
1164 1716 1311 1770 fieret,
1341 1724 1473 1774 atque

86 1785 222 1831 oculis
240 1784 540 1844 corporalibus
558 1794 785 1844 appareret
801 1806 812 1842 3
828 1787 918 1845 jam
937 1795 1083 1830 tamen
1101 1786 1274 1844 signum
1294 1800 1384 1830 csse
1403 1787 1474 1829 in-

85 1855 380 1915 telligebatur,
406 1854 453 1898 id
475 1855 640 1898 habens
653 1870 704 1900 ex
716 1856 873 1899 mentis
889 1856 1050 1900 otlicio.
1072 1859 1129 1900 Et
1151 1855 1253 1916 quia
1275 1856 1473 1916 require-

85 1927 215 1971 batur
235 1926 343 1987 quid
363 1926 640 1985 significaret,
667 1926 796 1970 etiam
813 1927 947 1985 ipsam
970 1927 1297 1987 inquisitionem
1319 1927 1475 1987 utique

85 2012 208 2041 mens
230 1996 402 2056 agebat.
427 1998 524 2049 Quo
547 2011 637 2040 non
658 2006 898 2055 comperto,
927 1997 1079 2042 Daniel
1098 1998 1290 2053 accessit,
1319 2007 1362 2042 θῖ
1383 1997 1474 2057 spi-

86 2068 175 2111 ritu
190 2067 448 2126 prophetico
479 2075 626 2110 mente
656 2065 898 2111 illustrata‘2
915 2103 925 2122 ‚
959 2068 1215 2127 perturbato
1248 2068 1339 2127 regi
1367 2066 1474 2128 quid

86 2137 163 2182 illo
175 2138 299 2196 signo
320 2135 658 2196 portenderetur
681 2137 867 2196 aperuit,
896 2138 986 2197 ipse
1006 2138 1155 2197 potius
1170 2139 1386 2198 propheta
1398 2153 1477 2198 per

87 2208 171 2252 hoc
191 2223 325 2266 genus
341 2207 538 2262 visionis,
564 2206 685 2266 quod
706 2208 863 2252 mentis
884 2217 948 2252 θεῖ
966 2208 1191 2268 proprium
1207 2243 1218 2263 ‚
1245 2223 1377 2269 quam
1401 2207 1475 2251 ille

88 2278 164 2338 qui
181 2287 225 2321 θῖ
245 2278 416 2336 signum
435 2276 719 2336 corporaliter
735 2278 898 2322 factum
924 2277 1206 2337 corporaliter
1222 2277 1404 2333 viderat,
1430 2287 1474 2322 θῖ

89 2348 291 2391 transacti
309 2349 401 2408 ejus
418 2347 650 2405 imaginem
665 2347 711 2391 in
728 2349 883 2407 spiritu
904 2349 1136 2406 cogitando
1150 2349 1372 2403 cernebat,
1394 2363 1474 2392 nec

91 2417 259 2478 aliquid
279 2417 507 2462 intellectu
527 2427 714 2477 poterat,
740 2419 819 2463 nisi
841 2434 965 2463 nosse
980 2419 1147 2476 signum
1172 2435 1277 2475 esse,
1303 2429 1346 2463 θῖ
1367 2418 1477 2478 quid

92 2488 356 2547 significaret
376 2487 612 2548 inquirere,
1235 2489 1239 2492 ’

143 2577 151 2593 ¹
173 2573 251 2602 Dan.
268 2582 303 2609 v,
323 2569 355 2601 5.
372 2588 413 2593 —-
429 2578 441 2593 ²
461 2571 541 2603 lbid.
561 2571 617 2612 25,
637 2571 691 2603 26.
