1854 3219
381 199 463 239 248
807 211 839 240 s.
878 212 1107 242 Auens'rim
1141 215 1322 243 nmscort

378 365 518 382 ΜΜΝΨἋ
524 365 1766 387 mM=mw=wuvmvvvtxmmwmumnmummmumvwnwummmmmm

841 490 1060 543 CAPUT
1096 494 1262 542 XXII.

386 634 561 697 Opinio
590 633 934 696 quorumdam,
966 638 1142 682 ccm‘moe
1165 636 1462 682 creationem
1488 637 1679 700 signari
1699 637 1773 684 lzis

438 707 623 765 verbis,
659 711 716 753 Et
744 709 869 766 feeit,
897 718 978 754 etc,
998 730 1009 768 3
1033 709 1250 769 emporis
1276 724 1390 754 vero
1414 709 1543 766 istis,
1569 713 1626 755 Et
1648 711 1772 756 finxit

438 782 574 836 Deus,
601 789 684 824 ete.

437 919 644 962 XXXIV.
685 919 915 963 Nomium
943 927 1091 962 autem
1124 917 1255 962 etiam
1288 918 1372 962 hoc
1405 918 1609 978 suspicati
1641 927 1771 977 sunt,

379 1006 497 1034 nune
515 989 766 1034 interiorem
788 989 1011 1034 hominem
1035 988 1216 1045 factum,
1238 1005 1396 1049 eorpus
1416 998 1564 1034 autem
1587 990 1775 1036 hominis

378 1071 550 1122 postea,
571 1076 673 1105 eum
696 1061 754 1105 ait
779 1062 999 1121 Scriptura
1027 1081 1035 1106 ι
1065 1080 1086 1104 «
1111 1063 1168 1105 Et
1189 1061 1315 1105 finxit
1337 1065 1451 1106 Deus
1473 1061 1697 1106 hominem
1721 1063 1776 1107 de

381 1152 402 1175 »
437 1133 543 1177 limo
558 1142 706 1178 terrae:
730 1151 750 1173 »
772 1143 823 1177 ut
836 1132 957 1194 quod
974 1133 1143 1177 dietum
1160 1142 1238 1190 est,
1260 1153 1280 1176 «
1299 1133 1435 1189 Fecit,
1456 1152 1476 1175 »
1498 1133 1554 1178 ad
1575 1134 1775 1194 spiritum

378 1205 619 1264 pertineat:
641 1204 763 1264 quod
785 1213 948 1260 autem,
976 1224 992 1245 ‹<
1013 1204 1180 1260 Finxit,
1201 1222 1221 1245 »
1248 1204 1304 1248 ad
1319 1220 1492 1264 corpus.
1518 1207 1608 1250 Nee
1631 1214 1776 1250 atten—

380 1275 495 1319 dunt
515 1275 759 1320 masculum
787 1284 830 1319 et
852 1275 1103 1331 foeminam,
1141 1275 1315 1320 nonnisi
1348 1274 1592 1320 seeundum
1621 1292 1778 1337 corpus

380 1348 473 1391 {ieri
508 1347 714 1407 potuisse.
748 1347 870 1392 Licet
900 1347 1016 1391 enim
1045 1346 1325 1392 subtilissime
1357 1346 1607 1400 disseratur,
1641 1349 1778 1409 ipsam

380 1429 575 1464 mentem
600 1419 817 1475 hominis,
854 1420 900 1464 in
934 1435 1021 1481 qua
1054 1417 1195 1464 factus
1218 1428 1283 1464 est
1318 1419 1374 1464 ad
1407 1420 1637 1479 imaginem
1671 1421 1776 1477 Dei,

379 1490 618 1553 quamdam
637 1490 800 1536 scilicet
833 1490 1091 1536 rationalem
1110 1492 1268 1547 vitam,
1300 1489 1503 1536 distribui
1530 1493 1575 1536 in
1604 1501 1779 1537 aeternae

380 1562 761 1624 contemplationis
782 1562 1034 1618 veritatem,
1061 1572 1105 1607 et
1125 1562 1172 1606 in
1195 1577 1341 1607 rerum
1367 1562 1674 1623 temporalium
1699 1563 1779 1608 ad-

381 1635 769 1690 ministrationem,
797 1643 929 1694 atque
953 1633 1012 1678 ita
1036 1634 1129 1678 fieri
1158 1634 1280 1695 quasi
1307 1632 1551 1678 masculum
1573 1644 1616 1679 et
1639 1635 1786 1679 foemi-

383 1722 508 1762 nam,
542 1705 615 1750 illa
648 1715 772 1765 parte
801 1704 1083 1760 consulente,
1114 1706 1196 1750 hae
1226 1706 1593 1766 obtemperante:
1626 1707 1672 1750 in
1703 1707 1786 1752 hac

384 1787 533 1822 tamen
552 1776 860 1822 distributione
877 1792 968 1822 non
981 1785 1099 1821 reete
1118 1775 1278 1821 dicitur
1294 1777 1437 1835 imago
1454 1777 1558 1833 Dei,
1574 1777 1656 1823 nisi
1673 1777 1786 1823 illud

384 1849 507 1910 quod
533 1850 718 1894 inhaeret
748 1847 1100 1909 contemplandae
1127 1848 1475 1893 incommutabili
1503 1849 1689 1894 veritati.
1733 1852 1787 1894 In

385 1921 509 1980 cujus
531 1920 593 1965 rei
609 1921 749 1980 figura
767 1918 929 1964 Paulus
952 1919 1173 1979 apostolus
1195 1920 1339 1964 virum
1360 1929 1533 1964 tantum
1553 1919 1660 1965 dicit
1674 1920 1786 1966 ima-

387 1993 533 2050 ginem
555 2001 598 2036 et
616 1990 800 2051 gloriam
813 1991 889 2036 Dei
908 2010 916 2036 ε
941 2010 961 2033 «
986 1990 1146 2036 Mulier
1167 2000 1338 2047 autem,
1363 1991 1525 2052 inquit,
1548 1991 1684 2051 gloria
1704 1992 1786 2037 viri

390 2080 410 2103 n
446 2064 551 2106 est¹.
572 2081 592 2104 »
611 2066 765 2123 Itaque
782 2062 980 2123 quamvis
1003 2061 1146 2106 hocin
1165 2060 1339 2106 duobus
1357 2062 1609 2107 hominibus
1627 2061 1786 2108 diversi

387 2149 511 2179 sexus
529 2135 715 2179 exterius
731 2133 973 2179 secundum
993 2149 1150 2194 eorpus
1164 2135 1403 2194 figuratum
1420 2134 1495 2189 sit,
1517 2133 1638 2195 quod
1655 2134 1786 2179 etiam

388 2206 433 2249 in
453 2222 540 2250 una
562 2206 750 2250 hominis
780 2206 960 2250 interius
982 2214 1130 2250 mente
1152 2204 1410 2264 intelligitur
1428 2224 1437 2251 ε
1464 2214 1611 2250 tamen
1633 2213 1677 2249 et
1698 2205 1785 2249 foe-

388 2277 505 2321 mina
528 2294 628 2337 quae
651 2287 714 2322 ost
747 2293 928 2338 corpore
958 2276 1160 2332 foemina,
1194 2285 1429 2321 renovatur
1463 2277 1592 2320 etiam
1623 2277 1711 2336 ipsa
1740 2277 1786 2322 in

387 2348 543 2408 spiritu
565 2350 717 2394 mentis
740 2366 829 2394 suae
852 2350 897 2394 in
925 2350 1145 2408 agnitione
1177 2349 1253 2393 Dei
1275 2348 1516 2393 seeundum
1549 2349 1785 2407 imaginem

390 2420 480 2479 ejus
504 2420 579 2480 qui
609 2421 793 2476 creavit,
820 2421 897 2465 ubi
920 2436 1010 2464 non
1038 2429 1101 2465 est
1130 2418 1346 2464 masculus
1371 2429 1414 2463 et
1435 2418 1631 2464 foemina.
1663 2419 1786 2465 Sicut

390 2500 534 2535 autem
549 2492 604 2536 ab
618 2492 698 2538 hae
717 2493 851 2551 gratia
871 2492 1160 2538 renovationis
1172 2527 1183 2547 ,
1199 2501 1242 2536 et
1258 2490 1568 2536 reformatione
1585 2491 1784 2549 imaginis

441 2596 449 2612 ¹
472 2601 483 2620 1
506 2592 580 2622 Cor.
600 2601 643 2629 xi,
664 2602 694 2632 7.
