1854 3219
381 145 463 181 528
814 151 848 180 s.
885 151 1118 181 AUGUSTINI
1152 154 1333 181 EPlscom

380 235 478 263 vasa
501 217 820 262 miscricordiae.
846 220 1009 264 Natura
1033 219 1180 280 itaque
1208 217 1418 277 serpentis
1441 216 1560 262 unde
1581 218 1635 262 sit
1651 253 1662 274 ,
1684 234 1766 264 no-

380 292 520 335 vimus
542 309 550 334 z
583 289 788 350 produxit
810 290 926 334 enim
955 299 1065 335 terra
1089 290 1134 335 in
1155 291 1290 336 verbo
1314 290 1389 335 Dei
1419 289 1562 334 omnia
1585 305 1764 350 pecora,

380 371 423 406 et
446 360 602 405 bestias
634 370 679 406 et
709 362 981 422 serpentes¹3
1016 377 1116 422 quae
1149 362 1350 407 universa
1383 369 1579 406 creatura
1601 361 1768 406 habens

379 433 426 476 in
467 447 511 475 se
553 431 745 476 animam
776 432 921 476 vivam
961 431 1276 487 irrationalem,
1313 431 1528 477 universae
1569 431 1769 478 rationali

379 511 590 546 creaturae
611 502 700 547 sive
721 502 850 548 bonae
872 502 960 547 sive
982 501 1108 547 malae
1130 501 1367 548 voluntatis
1383 537 1394 558 ‚
1419 502 1515 561 lege
1539 502 1675 547 divini
1697 518 1768 547 01·-

378 572 492 618 dinis
511 573 684 619 subdita
713 583 791 619 est.
828 573 947 628 Quid
969 589 1070 633 ergo
1091 574 1251 618 mirum
1274 573 1307 617 si
1332 588 1409 633 per
1426 582 1671 634 serpentem
1689 573 1769 619 ali-

378 645 486 706 quid
507 662 634 705 agere
658 645 890 706 permissus
910 654 975 690 est
991 643 1192 690 diabolus
1210 679 1221 700 ‚
1247 659 1349 689 cum
1371 643 1588 691 daemonia
1604 645 1650 690 in
1670 660 1770 706 por-

378 732 452 762 cos
469 717 630 762 intrare
648 717 845 763 Christus
866 716 957 777 ipse.
978 715 1281 778 permiserit²P

379 874 915 892 mmxmzmmwmmwmumx
919 874 1131 892 mvmvumm
1136 874 1202 891 ΜΜ
1206 874 1344 891 ΜΜΛἋΝ
1350 873 1770 892 ἱΜΑΦὶΝἱΛἏὶΝἋΑΜΜΜΜ

892 1005 1117 1053 CAPUT
1153 1005 1279 1052 XIII.

380 1131 444 1177 In
462 1131 768 1179 illam'clzoeos
789 1133 870 1192 (μιί
893 1130 1140 1177 (ίιάὒοίιιιη
1156 1134 1204 1177 in
1217 1133 1452 1178 creaturis
1470 1129 1568 1177 Dei
1587 1134 1773 1178 censeri

976 1203 1157 1250 nolunt.

441 1343 583 1385 XVII.
609 1343 751 1386 MAors
774 1340 828 1385 de
846 1342 937 1401 ipsa
954 1349 1109 1384 natura
1132 1340 1296 1385 diaboli
1316 1339 1610 1400 scrupulosius
1633 1340 1770 1400 quaeri

381 1411 505 1467 solet,
523 1427 653 1472 quam
672 1420 806 1455 totam
831 1410 1011 1471 quidam
1028 1411 1237 1467 haeretici,
1255 1411 1410 1456 offensi
1427 1410 1622 1455 molestia
1644 1410 1770 1455 malae

382 1482 619 1528 voluntatis
650 1483 766 1542 ejus,
802 1481 988 1526 alienare
1023 1492 1237 1527 conantur
1270 1499 1293 1526 a
1325 1491 1519 1527 creatura
1547 1482 1705 1526 summi
1728 1490 1771 1526 et

383 1554 473 1598 veri
496 1553 600 1607 Dei,
627 1562 670 1596 et
692 1552 878 1596 alterum
902 1553 939 1596 ei
963 1553 1065 1597 dare
1087 1553 1352 1613 principium
1369 1589 1380 1609 ‚
1401 1553 1521 1614 quod
1545 1554 1598 1597 sit
1620 1562 1771 1598 contra

383 1629 539 1670 Deum.
575 1626 673 1668 Non
704 1623 818 1667 enim
846 1622 992 1667 valent
1012 1622 1254 1683 intelligere
1277 1640 1430 1680 omne,
1464 1624 1584 1685 quod
1605 1633 1667 1668 est
1685 1659 1696 1679 ‚
1727 1624 1771 1668 in

383 1704 598 1756 quantum
616 1694 759 1754 aliqua
781 1694 1021 1738 substantia
1049 1703 1136 1749 est,
1163 1704 1206 1739 et
1223 1695 1392 1740 bonum
1414 1710 1504 1739 esse
1519 1730 1530 1750 ,
1555 1704 1599 1739 et
1615 1695 1696 1739 nisi
1715 1694 1771 1738 ab

383 1766 458 1810 illo
480 1781 582 1810 vero
605 1767 695 1809 Deo
711 1799 721 1819 ,
747 1780 772 1808 a
800 1780 888 1824 quo
911 1779 1039 1808 omne
1074 1765 1243 1809 bonum
1266 1774 1353 1821 est,
1381 1780 1470 1810 esse
1492 1781 1582 1810 non
1610 1781 1735 1825 posse
1758 1783 1767 1809 :

385 1836 544 1881 malam
561 1851 664 1881 vero
681 1834 953 1881 voluntatem
975 1834 1219 1881 inordinate
1236 1836 1416 1892 moveri,
1434 1837 1548 1881 bona
1571 1835 1775 1881 inferiora

384 1907 680 1968 superioribus
702 1907 1027 1966 praeponendo3
1053 1916 1184 1968 atque
1205 1907 1263 1952 ita
1296 1905 1463 1952 sactum
1490 1923 1607 1963 esse,
1632 1916 1681 1951 ut
1702 1923 1774 1952 ra-

385 1978 557 2024 tionalis
573 1987 784 2023 ereaturae
807 1977 981 2037 spiritus
995 2013 1005 2033 ,
1026 1993 1102 2022 sua
1127 1987 1340 2038 potestate
1357 1987 1535 2039 propter
1557 1977 1774 2023 excellen-

384 2052 488 2096 tiam
511 2050 749 2095 deleetatus
765 2086 776 2105 ⁷
812 2058 1071 2094 tumesceret
1097 2050 1321 2110 superbia,
1348 2066 1425 2110 per
1447 2065 1579 2111 quam
1602 2049 1775 2096 caderet

383 2140 408 2167 a
430 2122 702 2167 beatitudine
719 2119 922 2181 spiritalis
944 2119 1155 2180 paradisi,
1177 2130 1221 2165 et
1239 2120 1479 2165 invidentia
1501 2120 1773 2166 contabesce-

384 2203 463 2239 ret.
502 2197 553 2238 In
575 2209 664 2255 quo
694 2202 841 2238 tamen
862 2192 1031 2237 bonum
1054 2201 1117 2237 est
1141 2192 1228 2238 hoc.
1254 2192 1396 2252 ipsum
1425 2192 1547 2252 quod
1577 2192 1705 2248 vivit,
1730 2201 1775 2238 et

382 2266 571 2311 vivificat
592 2280 749 2324 eorpus
765 2300 775 2319 ‚
801 2264 889 2309 sive
908 2263 1073 2308 aerium
1088 2299 1098 2319 ,
1120 2263 1233 2309 sicut
1249 2263 1382 2323 ipsius
1402 2261 1567 2309 diaboli
1588 2262 1658 2308 vel
1679 2263 1773 2308 dae-

384 2352 565 2382 monum
600 2336 800 2397 spiritus,
838 2336 926 2380 sive
958 2345 1207 2391 terrenum,
1243 2334 1354 2380 sicut
1380 2335 1569 2381 hominis
1602 2336 1769 2392 anima,

383 2407 571 2470 cujusvis
597 2406 727 2452 etiam
759 2405 938 2465 maligni
975 2415 1108 2468 atque
1145 2406 1348 2468 perversi.
1376 2409 1443 2452 Ita
1479 2405 1587 2452 dum
1614 2406 1774 2453 nolunt

434 2513 442 2530 ¹
459 2509 540 2540 Gen.
562 2518 586 2548 ι,
605 2505 660 2538 25.
681 2521 722 2529 -
745 2513 758 2529 2
777 2503 891 2539 Matth.
909 2515 978 2545 vm,
999 2505 1051 2537 32.
