1854 3219
365 233 418 259 DE
449 232 602 260 GENESI
636 229 690 257 An
723 228 963 268 ΜΤΤΕΒΑΜ,
988 231 1069 257 LIB.
1098 232 1157 257 Π.
1371 218 1456 257 339

69 297 242 343 secutus
257 298 388 343 etiam
409 297 540 341 dixit:
565 299 784 355 «Propter
800 295 884 339 hoc
904 293 1122 355 relinquet
1141 294 1275 338 homo
1292 302 1460 351 patrem

73 387 95 411 »
129 380 279 425 suum,
301 378 346 414 et
361 377 545 414 matrem
560 402 571 423 ‚
599 376 643 411 et
658 367 950 426 conjungetur
974 365 1098 410 uxori
1124 380 1232 418 suae,
1266 373 1309 409 et
1330 373 1461 409 erunt

73 459 98 482 n
129 440 219 486 duo
233 442 279 485 in
293 453 422 486 carne
435 455 523 483 una
541 441 555 465 1
572 459 583 497 3
601 457 622 480 »
644 436 911 499 quibuslibet
928 436 1106 494 syllabis
1122 436 1201 480 ista
1215 436 1458 492 sonuerint,

71 524 152 557 nec
177 514 276 557 duae·
297 523 589 574 quaecumque
615 510 663 554 in
685 510 752 553 his
774 508 916 554 verbis
944 508 1126 567 syllabae
1152 507 1281 553 simul
1307 524 1464 553 sonare

71 593 338 644 potuerunt:
358 592 526 644 quanto
547 582 691 625 minus
704 581 798 625 haee
819 581 964 625 omnia
988 589 1088 625 cum
1109 580 1182 635 iis,
1208 595 1310 641 quae
1332 578 1464 624 simul

72 663 360 710 ereatasuut,
380 653 510 699 simul
524 654 647 698 fieri?
665 656 728 697 Ac
746 667 823 712 per
844 653 926 696 hoc
949 661 1024 696 aut
1041 661 1084 696 et
1105 651 1179 696 illa
1202 652 1349 696 omnia
1371 666 1463 695 non

73 725 212 770 simul·
226 719 287 770 'ab
307 720 401 786 ipso
423 736 595 770 summo
616 722 792 769 exordio
813 722 1074 768 saeculorum
1087 758 1096 776 ‚
1121 723 1199 768 sed
1226 737 1304 782 per
1320 737 1464 766 moras

74 807 210 858 atque
232 790 460 841 intervalla
483 804 731 856 temporum·
759 793 872 840 facta
903 805 1006 839 sunt
1023 831 1033 850 ⁷
1068 794 1248 856 diesque
1279 793 1353 839 ille
1374 809 1466 839 non

73 867 268 928 spiritali:
287 868 364 913 sed
387 867 603 928 corporali
634 867 874 912 substantia
907 866 1098 926 primum
1125 865 1357 922 conditus,
1396 864 1467 910 vel

75 933 260 986 circui-tu
279 939 390 984 'lueis
412 940 556 984 neseio
578 939 824 1000 quomodo,
848 938 918 983 vel
952 939 1180 983 emissione
1203 948 1246 983 et
1268 947 1468 983 contrac-

75 1012 215 1068 tione,
255 1009 386 1056 mane
423 1027 471 1056 ac
507 1026 730 1072 vesperam
760 1010 961 1056 faciebat.
995 1015 1084 1056 Aut
1120 1011 1154 1055 si
1186 1010 1469 1057 consideratis

75 1083 280 1128 omnibus
304 1092 404 1144 quae
425 1082 721 1143 superioribus
753 1082 1026 1127 sermonibus
1051 1092 1317 1143 pertractata·
1341 1090 1465 1137 sunt,

75 1153 315 1214 probabilis
329 1154 665 1214 ratio'per'suasit
686 1152 811 1198 illum
836 1153 952 1198 diem
971 1153 1207 1213 spiritalem
1225 1153 1471 1198 sublimiter

77 1241 126 1271 ac
140 1226 341 1286 primitus
355 1227 584 1271 conditum
602 1225 745 1270 lucem
760 1226 996 1287 quamdam
1015 1227 1254 1286 sapientem
1264 1235 1470 1271 vocatum

78 1308 169 1341 esse
201 1296 343 1353 diem,
373 1298 498 1357 eujus
529 1297 757 1357 praesentia
787 1312 866 1357 per
897 1296 1138 1342 ordinatam
1176 1297 1473 1355 cognitionem-

78 1366 321 1412 conditioni
354 1382 501 1412 rerum
533 1368 579 1411 in
610 1383 796 1412 numero
817 1368 985 1413 senario
1012 1368 1311 1429 praeberetur3
1338 1378 1471 1429 atque

78 1439 182 1484 huie
206 1440 433 1483 sententiae
457 1439 690 1499 Scripturae
714 1439 848 1484 verba
880 1454 1120 1498 congruere
1142 1440 1264 1501 quod
1288 1440 1348 1484 ait
1368 1455 1472 1500 pos-

79 1518 152 1555 tea
174 1520 184 1556 :'
212 1526 233 1554 «
258 1512 372 1557 Cum
393 1510 537 1555 factus
553 1519 618 1555 est
638 1510 729 1555 dies
745 1546 755 1566 ‚
777 1509 880 1555 fecit
898 1514 1013 1556 Deus
1029 1511 1195 1556 coelum
1216 1521 1262 1556 et
1282 1521 1442 1556 terram
1458 1547 1470 1567 ‚

82 1599 104 1624 »
138 1591 179 1626 et
201 1585 321 1626 omni
348 1581 487 1627 viride
518 1582 607 1641 agri
640 1591 875 1644 antequam
902 1593 1013 1628 esset
1046 1599 1176 1643 super
1207 1593 1392 1639 terram,
1426 1592 1471 1627 et

82 1672 104 1696 »
139 1668 268 1699 omne
304 1654 477 1699 foenum
510 1654 603 1714 agri
633 1663 868 1716 antequam
907 1655 1201 1714 exoriretur²3
1229 1674 1249 1697 »
1281 1655 1474 1700 attestari

80 1724 212 1769 etiam
243 1724 504 1785 quod'ali'bi'
519 1725 739 1785 'scriptum
765 1735 830 1771 est
852 1745 861 1771 :
896 1745 917 1769 «
941 1727 1027 1780 Qui
1048 1727 1155 1772 vivit
1180 1727 1227 1771 in
1255 1737 1472 1772 aeternum

83 1813 104 1838 »
139 1796 302 1841 creavit
338 1796 485 1840 omnia
515 1796 702 1840 simulss:
737 1815 758 1838 >›
795 1813 885 1842 non
917 1807 981 1842 est
1017 1797 1206 1843 dubium
1234 1800 1319 1844 hoc
1350 1798 1472 1860 quod

80 1867 214 1911 homo
246 1865 302 1910 de
328 1866 584 1911 limo'terrae
611 1867 770 1912 finctus
797 1877 884 1923 est,
920 1868 1048 1929 eique
1074 1867 1259 1914 formata
1287 1885 1398 1914 uxor
1425 1886 1477 1914 ex

81 1936 239 1992 latere,
271 1938 363 1998 jam
390 1953 481 1984 non
503 1939 558 1982 ad
579 1937 876 1983 conditionem
891 1975 902 1995 ,
936 1956 1024 2000 qua
1046 1939 1175 1984 simul
1194 1941 1338 1986 omnia
1363 1940 1479 1986 faeta

82 2018 206 2064 sunt,
228 2009 447 2069 pertinere
464 2040 480 2065 ‚-
500 2009 663 2070 quibus
683 2009 887 2071 perfectis
908 2012 1125 2072 requievit
1155 2014 1298 2071 Deus3
1322 2012 1398 2057 sed
1421 2013 1478 2057 ad

83 2096 179 2125 eam
200 2081 497 2141 operationem
513 2116 524 2137 ,
549 2098 649 2142 quae
666 2083 715 2126 fit
735 2083 829 2143 jam
849 2098 926 2143 per
946 2083 1170 2128 volumina
1193 2084 1475 2143 saeculorum,

83 2167 172 2213 qua
187 2161 329 2214 usque
349 2167 471 2206 nuno
481 2175 483 2179 ⁴
493 2163 713 2214 operatur.

135 2227 197 2270 Ὗ.
221 2227 325 2269 Huc
342 2225 510 2270 aceedit
525 2225 648 2287 quod
661 2226 753 2286 ipsa
767 2226 903 2271 etiam
914 2227 1047 2272 verba
1062 2263 1073 2283 ‚
1099 2228 1479 2289 qmbus'narratur

84 2292 308 2358 quomodo
324 2294 440 2341 Deus
455 2295 706 2357 paradisum
728 2296 1010 2358 plantaverit,
1029 2300 1075 2344 in
1096 2316 1237 2361 eoque
1253 2302 1479 2347 hominem

85 2375 218 2429 quem
236 2366 410 2413 fecerat
423 2365 648 2414 collocarit
663 2405 674 2425 ,
703 2369 968 2432 ad‘eumque
987 2371 1221 2417 adduxerit
1248 2373 1473 2429 animalia,

85 2441 247 2502 quibus
276 2441 456 2491 nomina
491 2437 737 2503 imponeret
753 2478 763 2498 ,
804 2443 854 2487 in
883 2444 1046 2505 quibus
1074 2460 1176 2490 cum
1209 2444 1476 2507 adjutorium

87 2512 224 2561 simile
243 2511 308 2558 illi
335 2527 427 2562 non
457 2512 610 2558 fuisset
630 2514 883 2572 inventum,
906 2524 1015 2562 tunc
1041 2517 1081 2562 ei
1102 2516 1331 2569 mulierem
1357 2526 1476 2564 costa

136 2605 146 2623 ¹
167 2601 246 2633 Gen.
267 2610 309 2642 11,
323 2598 378 2632 23.
394 2615 437 2623 —-
450 2605 463 2623 ²
480 2597 563 2632 Ibid.
583 2598 615 2642 4.
632 2616 674 2623 -
693 2595 708 2623 3
724 2599 822 2634 Eccli.
847 2611 937 2644 xvlu,
958 2612 987 2635 1.

1232 2658 1301 2700 22.
