1854 3219
363 219 418 246 DE
448 218 599 246 omre-..u
631 216 695 245 ΑΒ
717 215 961 257 LITTERAM,
997 218 1078 245 Lm.
1114 219 1176 245 xl.
1387 206 1470 245 523

1024 427 1041 443 Φ

549 499 767 550 CAPUT
813 502 948 550 VIII.

207 636 375 699 Quare
391 635 547 689 creati
565 636 650 696 qui
662 634 1220 700 praesciebantarjutari
1237 633 1370 691 mali.

151 776 209 833 X.
229 777 336 830 Qtus
352 784 498 824 autem
520 775 664 823 sobria
681 774 1027 820 consideratione
1046 773 1185 822 dicat:
1208 771 1364 818 Melius
1385 787 1477 820 non

92 855 259 904 crearet
272 881 284 904 ,
327 862 460 907 quem
498 847 753 907 praesciebat
795 862 847 890 ex
878 845 1054 890 alterius
1095 845 1322 906 iniquitate
1353 859 1479 904 posse

92 917 265 976 corrigi,
290 933 423 977 quam
436 925 601 961 crearet
621 917 751 962 etiam
769 931 898 977 quem
923 915 1176 976 praesciebat
1196 931 1275 975 pro
1292 930 1369 959 sua
1390 914 1478 958 ini-

93 988 261 1048 quitate
283 986 445 1033 debere
462 986 693 1032 damnari?
715 990 808 1032 Hoc
834 996 898 1031 est
918 987 1035 1032 enim
1059 985 1198 1031 dicere
1215 985 1370 1032 melius
1388 1000 1480 1030 non

93 1074 184 1105 esse
206 1058 283 1119 qui
300 1057 477 1103 alterius
494 1058 610 1103 malo
632 1058 746 1102 bene
761 1057 927 1103 utendo
943 1057 1276 1103 misericorditer
1293 1072 1480 1101 corona-

93 1139 230 1185 retur,
253 1145 387 1190 quam
409 1144 498 1173 esse
521 1129 652 1173 etiam
673 1128 862 1184 malum,
890 1129 966 1189 qui
988 1144 1068 1188 pro
1093 1144 1170 1187 suo
1191 1128 1347 1175 merito
1364 1129 1481 1188 juste

91 1200 336 1260 puniretur.
355 1202 469 1245 Cum
484 1200 599 1243 enim
621 1200 731 1244 ratio
746 1209 863 1244 certa
885 1200 1155 1244 demonstrat
1171 1198 1259 1243 duo
1277 1198 1481 1259 quaedam

91 1287 183 1316 non
199 1270 385 1331 aequalia
401 1271 541 1325 bona,
566 1270 642 1316 sed
663 1287 804 1316 unum
824 1271 1022 1330 superius
1035 1306 1046 1326 ,
1072 1270 1255 1314 alterum
1273 1267 1477 1323 inferius,

92 1356 184 1385 non
214 1338 467 1397 intelligunt
495 1341 607 1384 tardi
632 1341 763 1384 corde
785 1356 886 1384 cum
909 1340 1062 1385 dicunt
1091 1360 1098 1384 :
1125 1342 1369 1399 Utrumque
1396 1339 1482 1390 tale

93 1419 220 1465 esset,
247 1408 356 1453 nihil
370 1425 414 1454 se
432 1408 550 1453 aliud
564 1408 709 1454 dicere
727 1425 885 1470 quam:
911 1410 1061 1454 Solum
1076 1408 1186 1453 illud
1199 1419 1322 1453 esset.
1343 1413 1401 1453 At
1422 1409 1481 1453 sic

93 1495 196 1525 cum
209 1495 384 1540 aequare
399 1479 554 1525 volunt
574 1495 730 1539 genera
744 1480 980 1535 bonorum,
1001 1495 1233 1523 numerum
1248 1481 1478 1539 minuunt3

91 1561 136 1595 et
159 1549 445 1594 immoderate
479 1550 681 1609 augendo
709 1566 848 1595 unum
882 1565 1019 1609 genus
1034 1585 1044 1605 ,
1082 1549 1266 1593 alterum
1298 1549 1477 1595 tollunt.

92 1621 202 1675 Quis
229 1630 376 1665 autem
396 1621 476 1665 hos
499 1620 691 1675 audiret,
717 1620 751 1664 si
775 1621 970 1664 dicerent
990 1640 998 1665 :
1025 1621 1241 1674 Quoniam
1264 1620 1481 1665 excellen-

90 1692 176 1736 tior
196 1706 344 1739 sensus
367 1700 432 1735 est
456 1690 636 1735 videndi
657 1706 792 1751 quam
813 1690 1041 1746 audiendi,
1067 1700 1255 1751 quatuor
1277 1691 1392 1736 oculi
1413 1707 1481 1736 es—

90 1771 187 1816 sent
201 1797 211 1817 ,
245 1770 288 1805 et
309 1777 434 1810 aures
462 1777 552 1806 non
574 1764 742 1805 essent?
769 1765 834 1805 Ita
854 1762 888 1805 si
907 1761 1186 1806 excellentior
1198 1771 1262 1806 est
1284 1772 1482 1808 creatura

91 1831 166 1881 illa
188 1830 430 1887 rationalis,
460 1847 560 1891 quae
588 1831 680 1875 sine
701 1830 832 1876 ullius
853 1847 999 1891 poenae
1020 1832 1340 1892 comparatione
1355 1869 1366 1888 ,
1392 1834 1483 1878 sine

91 1901 182 1946 ulla
203 1902 407 1961 superbia
430 1905 528 1946 Deo
545 1901 776 1953 subditum
804 1902 948 1962 aliqua
969 1918 1073 1946 vero
1090 1903 1136 1946 in
1149 1903 1397 1948 hominibus
1422 1905 1482 1949 ita

91 1982 236 2019 creata
253 1970 341 2029 est,
366 1974 480 2018 utin
501 1989 546 2018 se
567 1973 645 2018 Dei
668 1973 937 2019 beneficium
961 1990 1051 2019 non
1072 1975 1201 2034 possit
1219 1991 1451 2035 agnoscere
1467 2013 1478 2032 ‚

93 2044 178 2089 nisi
193 2043 370 2093 alterius
386 2044 578 2089 videndo
600 2044 879 2104 supplicium,
906 2055 956 2090 ut
973 2062 1062 2090 non
1080 2046 1215 2090 altum
1229 2047 1381 2107 sapiat,
1406 2048 1481 2092 sed

94 2114 281 2169 timeam,
301 2114 348 2158 id
369 2124 449 2175 est,
469 2131 560 2160 non
579 2114 635 2160 de
652 2131 696 2160 se
715 2116 929 2175 praefidat,
955 2116 1031 2161 sed
1047 2116 1236 2162 confidat
1250 2118 1296 2162 in
1313 2122 1453 2163 Deum
1471 2139 1480 2164 2

92 2184 190 2245 quis
222 2193 338 2229 recte
369 2185 615 2244 intelligens
645 2186 790 2232 dicat:
819 2187 931 2231 Talis
962 2198 1072 2233 esset
1104 2189 1182 2234 ista
1210 2189 1351 2250 qualis
1381 2189 1477 2246 illa,

90 2271 173 2306 nec
191 2255 338 2301 videat
358 2272 402 2300 se
421 2256 532 2301 nihil
549 2256 669 2301 aliud
692 2259 834 2302 dicere
850 2275 983 2320 quam
1001 2279 1010 2304 :
1035 2263 1133 2306 Non
1149 2270 1257 2305 esset
1280 2261 1375 2317 ista,
1403 2261 1479 2306 sed

91 2325 183 2375 sola
205 2335 316 2372 esset
335 2326 436 2371 illa?
457 2327 589 2381 Quod
604 2328 638 2371 si
654 2328 872 2374 inerudite
886 2339 1017 2390 atque
1033 2330 1286 2391 insipienter
1301 2331 1477 2388 dicitur,

92 2410 171 2440 cur
191 2409 294 2454 crgo
315 2412 405 2440 non
427 2406 593 2442 crearet
609 2401 745 2454 Deus,
765 2399 896 2444 etiam
915 2416 1024 2461 quos
1045 2401 1180 2447 malos
1196 2400 1368 2447 futuros
1389 2417 1480 2447 esse

95 2466 369 2526 praesciebat,
392 2467 542 2513 volens
564 2468 792 2516 ostendere
813 2471 922 2516 iram
943 2481 987 2518 et
1003 2472 1300 2519 demonstrare
1321 2482 1479 2534 poten-

146 2557 155 2573 ¹
173 2553 263 2584 Rom.
288 2562 333 2594 xl,
349 2560 403 2585 20.
