1854 3219
393 173 476 210 382
822 186 855 211 s.
892 182 1123 214 mensum
1155 187 1335 215 Emscom

411 346 441 360 v!
446 343 1282 366 WWUWW'QWMMMMRWRWNWMMWXWIS
1286 348 1642 368 mmmmm
1646 350 1787 369 mm

923 466 1146 514 CAPUT
1183 468 1260 514 XI.

391 614 603 661 Fc'ctz'tc'oe
642 616 967 675 quarumdam
1002 618 1280 663 animarum
1316 618 1780 680 transmigrationes.

450 715 509 724 --
531 687 923 735 [lIam'cltceorum
966 687 1176 736 deterior
1203 706 1351 750 qaam
1385 688 1786 751 philosophorum

449 761 627 821 opinio.

449 872 570 941 XVi.
586 898 689 943 ΝΛΜ
702 896 776 942 illa
794 913 894 958 quac
909 896 1112 943 seruntur
1134 898 1360 955 accidisse,
1382 907 1432 943 ut
1452 898 1633 959 quidam
1653 898 1783 959 quasi

390 967 722 1013 recordarentur
743 969 788 1013 in
810 985 1000 1030 quorum
1024 969 1280 1014 animalium
1313 968 1570 1030 corporibus
1592 967 1780 1025 fuerint,

390 1049 465 1083 aut
487 1039 592 1083 falsa
624 1050 878 1096 narrantur,
904 1049 981 1085 aut
1010 1040 1385 1086 ludificationibus
1416 1039 1667 1086 daemonum
1699 1040 1785 1085 hoc

389 1110 433 1153 in
457 1126 607 1154 eorum
632 1112 785 1155 animis
808 1110 973 1155 factum
999 1121 1076 1156 cst.
1106 1112 1149 1157 Si
1167 1113 1283 1155 enim
1305 1112 1520 1171 contingit
1541 1112 1585 1155 in
1604 1111 1781 1167 somnis,
1838 1150 1839 1158 ,

387 1191 436 1226 ut
460 1181 603 1227 fallaci
628 1184 833 1227 memoria
857 1185 978 1244 quasi
1008 1184 1262 1229 recordetur
1288 1200 1332 1229 se
1356 1185 1489 1229 homo
1512 1183 1642 1229 fuisse
1663 1182 1785 1244 quod

386 1268 476 1296 non
499 1253 603 1308 mit,
626 1263 701 1298 aut
724 1258 858 1313 ‹gisse
881 1255 1002 1315 quod
1029 1270 1119 1299 non
1145 1255 1261 1314 egit3
1287 1255 1395 1316 quid
1423 1255 1583 1299 mirum
1612 1255 1646 1299 si
1668 1270 1783 1332 quo-
1838 1252 1839 1302 ἶ

387 1323 485 1367 dam
510 1324 587 1367 Dei
603 1325 722 1385 justo
752 1325 1016 1386 occultoque
1034 1325 1226 1386 judicio,
1253 1327 1456 1370 sinuntur
1485 1326 1705 1370 daemones
1736 1325 1782 1369 in
1838 1345 1839 1348 ¹

382 1395 588 1439 cordibus
614 1395 682 1439 eti
676 1411 745 1440 1111
767 1396 1046 1456 vigilantium
1072 1397 1158 1441 tale
1181 1396 1347 1456 aliquid
1369 1398 1522 1456 posse?

444 1469 588 1511 XVII.
615 1469 846 1512 Manichaei
876 1479 1025 1512 autem
1053 1468 1130 1528 qui
1152 1484 1195 1512 se
1217 1468 1483 1513 Christianos
1504 1468 1574 1513 vel
1596 1477 1777 1528 putant,

383 1537 451 1582 vel
475 1538 618 1597 putari
640 1537 818 1593 volunt,
843 1539 889 1581 in
917 1539 998 1582 hac
1021 1539 1226 1598 opinione
1248 1539 1538 1584 translationis
1565 1539 1635 1583 vel
1659 1555 1782 1584 revo-
1839 1536 1840 1583 l

383 1606 562 1652 lutionis
591 1607 835 1652 animarum
864 1624 915 1653 co
938 1618 1040 1653 sunt
1069 1609 1153 1653 illis
1171 1611 1369 1668 gentium
1393 1610 1685 1671 philosophis,
1711 1609 1781 1655 vel

383 1678 415 1721 si
438 1678 514 1739 qui
533 1677 603 1722 alii
625 1678 724 1723 vani
748 1679 946 1723 homines
963 1680 1046 1724 hoc
1067 1689 1240 1740 putent,
1268 1680 1502 1726 deteriores
1533 1691 1576 1726 ct
1593 1680 1782 1726 detesta-
1840 1698 1842 1714 τ

384 1748 576 1804 biliores,
609 1749 731 1810 quod
753 1749 816 1793 illi
840 1750 995 1794 animm
1030 1760 1233 1795 naturam
1268 1767 1290 1795 a
1320 1752 1397 1796 Dei
1430 1762 1585 1797 natura
1618 1752 1780 1797 diseer-
1840 1808 1841 1813 Ἰ

383 1829 517 1875 nunt,
547 1821 615 1864 isti
652 1829 800 1864 autem
839 1837 942 1865 cum
984 1821 1105 1865 aliud
1139 1821 1248 1866 nihil
1284 1822 1432 1867 dicant
1464 1838 1553 1868 esse
1590 1823 1776 1867 animam
1801 1827 1803 1829 ’
1840 1830 1841 1861 ἓ

382 1907 515 1952 quani
537 1891 673 1951 ipsam
693 1891 771 1935 Dei
793 1892 1082 1936 substantiam
1106 1901 1238 1953 atque
1258 1893 1303 1938 id
1321 1894 1500 1938 omnino
1523 1894 1643 1956 quod
1665 1898 1779 1940 Deus

381 1972 460 2017 est,
473 1978 563 2006 non
581 1963 801 2022 trepidant
819 1978 914 2007 eam
932 1972 1022 2007 tam
1039 1964 1227 2023 turpiter
1245 1965 1599 2010 commutabilem
1616 1965 1774 2021 dicere,

380 2042 431 2077 ut
451 2033 623 2077 nullum
647 2034 701 2077 sit
723 2033 871 2077 herbae
900 2049 977 2078 seu
1005 2034 1234 2079 vermiculi
1263 2051 1423 2094 genus,
1453 2036 1531 2080 ubi
1559 2051 1652 2080 eam
1687 2052 1778 2080 non

381 2121 470 2148 esse
492 2106 773 2164 permixtam,
797 2104 867 2150 vel
894 2121 983 2166 quo
1007 2105 1169 2151 revolvi
1198 2123 1288 2151 non
1315 2123 1439 2167 posse
1471 2107 1660 2152 mirabili
1683 2107 1777 2168 opi—

379 2185 541 2219 nentur
559 2176 739 2220 insania.
759 2177 844 2229 Qui
863 2185 1007 2219 tamen
1027 2177 1060 2220 si
1085 2178 1263 2221 remotis
1287 2178 1342 2221 ab
1365 2178 1510 2223 animo
1530 2194 1608 2222 suo
1631 2193 1776 2222 rerum

378 2248 781 2292 obsctuissimarum
810 2248 1154 2308 quaestionibus,
1181 2264 1288 2309 quas
1321 2248 1483 2293 carnali
1512 2248 1644 2294 corde
1675 2265 1775 2294 ver-

379 2328 534 2374 santes,
556 2326 729 2363 neccsse
752 2328 816 2362 cst
837 2328 887 2362 ut
908 2319 953 2362 in
977 2320 1200 2378 opiniones
1217 2318 1361 2375 salsas,
1385 2320 1535 2364 noxias
1556 2329 1774 2365 monstro-

377 2405 529 2450 sasque
557 2389 762 2433 labantur
786 2398 829 2432 et
854 2389 1191 2449 provolvantur,
1216 2406 1359 2434 unum
1390 2390 1501 2435 illud
1530 2391 1772 2436 firmissime

379 2470 574 2516 teneant,
600 2459 723 2521 quod.
745 2461 864 2504 omni
886 2461 1044 2504 animae
1076 2461 1276 2506 rationali
1299 2462 1389 2506 sinc
1411 2462 1543 2507 ullius
1573 2462 1772 2524 disputa-

377 2531 502 2577 tionis
525 2531 778 2590 ambagibus
801 2530 1056 2577 naturaliter
1080 2541 1124 2577 et
1147 2533 1355 2579 veraciter
1376 2533 1557 2579 insitum
1579 2542 1658 2590 est,
1681 2549 1771 2579 esse
