1854 3219
359 179 413 207 ms
444 174 655 207 noca-unu
686 173 938 205 emus-rum
971 177 1053 205 Lm.
1090 178 1155 204 111.
1391 163 1445 204 43

68 260 90 285 n
124 243 250 300 estis,
285 243 469 303 scripta,
506 256 596 287 non
627 250 895 296 atramento,
933 242 1008 286 sed
1032 242 1195 301 Spiritu
1223 241 1300 286 Dei
1332 242 1445 298 vivi3

67 333 88 357 η
123 330 214 359 non
233 314 280 358 in
308 312 464 358 tabulis
493 312 699 373 lapideis,
738 310 813 356 sed
836 311 883 355 in
904 312 1063 357 tabulis
1091 311 1231 356 cordis
1263 311 1447 357 carnali-

4 417 6 420 ψ
65 403 88 428 »
123 385 234 430 bus¹
249 419 262 442 ‚
289 402 310 426 »
335 384 437 428 hinc
458 398 548 428 esse
571 382 745 443 respicit
766 391 810 427 et
830 383 1035 443 perspicit
1058 382 1242 428 ductum
1263 383 1340 427 ubi
1368 383 1447 427 iste

64 457 282 517 Propheta
303 454 432 501 dicit:
461 469 482 498 «
501 457 559 500 Et
579 453 694 498 dabo
714 453 837 499 vobis
863 469 937 498 cor
959 469 1122 500 novum
1137 489 1148 509 ,
1172 462 1216 498 et
1240 454 1448 514 Spiritum

66 547 88 571 >›
124 543 290 574 novum
305 526 421 572 dabo
441 527 489 572 in
508 541 585 573 vos
599 561 610 582 ,
635 535 679 570 et
695 526 891 570 auferam
913 541 987 571 cor
1003 525 1226 587 lapideum
1247 524 1302 570 de
1319 541 1448 570 carne

65 618 87 642 »
119 609 261 645 vestra
277 634 289 656 ‚
314 608 358 644 et
378 598 494 644 dabo
509 597 634 643 vobis
655 612 729 642 cor
752 613 957 642 carneum
971 601 1004 641 ².
1028 616 1049 639 n
1069 599 1157 643 Cor
1172 596 1336 658 quippe
1352 611 1450 642 car-

61 685 193 716 neum
207 705 218 727 ‚
249 670 368 715 unde
393 670 454 715 ait
469 668 704 730 Apostolus
727 688 749 712 α
771 668 946 713 Tabulis
965 668 1106 714 cordis
1128 667 1396 724 carnalibus,
1416 684 1446 719 ‚n

61 758 87 788 a
102 741 234 788 corde
247 741 423 803 lapideo
443 740 584 787 voluit
603 742 691 786 vita
708 741 919 786 sentiente
940 740 1141 795 discerni,
1162 749 1206 785 et
1221 755 1299 800 per
1314 740 1450 785 vitam

60 815 318 859 sentientem
345 813 604 873 significavit
631 812 963 872 intelligentem.
1002 812 1069 857 Sic
1091 813 1142 857 fit
1169 810 1301 856 Israel
1321 811 1449 872 spiri-

61 884 157 930 talis
172 919 184 941 ‚
207 900 298 930 non
323 885 454 930 unius
475 884 615 944 gentis
631 920 642 940 ‚
667 883 744 929 sed
765 884 962 929 omnium
985 900 1084 945 quae
1106 884 1325 944 promissae
1346 891 1449 929 sunt

61 953 262 1001 Patribus
284 956 329 1000 in
350 970 503 1002 eorum
519 954 683 1000 semine
696 990 707 1012 ,
730 955 851 1017 quod
872 964 937 1000 est
957 955 1169 1001 Christus.

118 1030 278 1074 XLIX.
314 1028 394 1073 Hic
422 1043 522 1087 ergo
546 1027 678 1073 Israel
699 1027 902 1088 spiritalis
916 1028 970 1072 ab
987 1027 1062 1072 illo
1088 1027 1244 1072 Israele
1261 1026 1445 1082 carnali,

60 1099 138 1161 qui
163 1108 228 1144 est
254 1099 384 1144 unius
405 1099 544 1159 gentis
560 1134 571 1155 ,
597 1099 789 1144 novitate
812 1099 959 1157 gratiae
973 1135 985 1155 ,
1008 1115 1098 1144 non
1122 1098 1349 1143 nobilitate
1371 1114 1449 1158 pa-

62 1170 171 1226 triae,
197 1177 241 1214 et
261 1178 423 1220 mente,
439 1179 530 1214 non
555 1177 684 1229 gente
706 1169 989 1229 distinguitur
1011 1189 1019 1215 z
1040 1169 1116 1214 sed
1138 1168 1324 1214 altitudo
1346 1185 1449 1229 pro-

60 1241 249 1301 phetica,
266 1239 373 1285 dum
391 1239 445 1284 de
461 1239 537 1285 illo
553 1240 624 1285 vel
640 1240 695 1284 ad
716 1240 841 1286 illum
862 1240 1074 1302 loquitur,
1090 1241 1276 1285 latenter
1297 1241 1449 1285 transit

61 1311 116 1356 ad
132 1312 272 1355 hunc:
289 1320 447 1355 etcum
463 1312 554 1370 jam
574 1311 629 1356 de
650 1311 731 1355 isto
745 1310 815 1356 vel
838 1310 893 1355 ad
914 1311 1046 1356 istum
1062 1311 1285 1372 loquatur,
1302 1311 1447 1356 adhuc

61 1383 116 1427 de
136 1381 212 1427 illo
233 1381 303 1427 vel
320 1381 374 1426 ad
395 1380 520 1425 illum
537 1381 659 1442 loqui
680 1381 877 1439 videtur3
902 1397 992 1426 non
1007 1381 1281 1426 intellectum
1301 1384 1447 1442 Scrip-

60 1463 257 1499 turarum
278 1451 404 1497 nobis
423 1452 547 1512 quasi
567 1451 781 1497 hostiliter
796 1451 1018 1508 invidens,
1045 1452 1120 1497 sed
1142 1468 1343 1497 exercens
1361 1469 1448 1498 mc-

60 1523 304 1569 dicinaliter
321 1532 535 1568 nostrum.
571 1521 696 1567 Unde
718 1531 762 1567 et
783 1521 894 1567 illud
920 1522 1040 1583 quod
1069 1524 1154 1569 ait:
1190 1543 1210 1566 «
1234 1526 1292 1569 Et
1313 1524 1446 1568 indu-

57 1600 79 1638 '»
114 1609 209 1640 cam
227 1609 304 1640 vos
325 1593 372 1639 in
393 1603 555 1639 terram
575 1602 783 1649 vestram5
812 1611 833 1635 »
865 1602 908 1638 et
929 1593 1060 1653 paulo
1083 1603 1181 1654 post
1198 1629 1209 1651 ‚
1235 1603 1446 1655 tanquam

54 1665 246 1727 idipsum
270 1674 486 1726 repetens,
507 1686 527 1709 «
549 1668 607 1711 Et
627 1665 897 1722 habitabitis,
919 1665 1078 1727 inquit,
1104 1666 1150 1711 in
1165 1675 1294 1723 terra,
1313 1683 1446 1728 quam

58 1750 79 1779 ι)
113 1732 217 1799 dedi
237 1737 433 1797 patribus
466 1737 670 1792 vestri83,
696 1754 717 1777 »
757 1751 847 1781 non
868 1737 1099 1782 carnaliter
1122 1737 1234 1782 sicut
1261 1737 1445 1783 carnalis

57 1804 210 1864 Israel,
235 1807 311 1852 sed
327 1804 576 1868 spiritaliter
609 1808 720 1853 sicut
752 1807 950 1868 spiritalis
988 1807 1202 1854 debemus
1232 1810 1441 1869 accipere.

54 1878 247 1925 Ecclesia
267 1879 431 1941 quippe
452 1880 543 1934 sine
565 1879 736 1924 macula
758 1889 801 1924 et
818 1895 925 1939 ruga
947 1896 998 1924 ex
1015 1882 1221 1925 omnibus
1244 1882 1446 1940 gentibus

55 1956 340 2010 congregata,
367 1959 498 2012 atque
525 1951 572 1995 in
604 1960 819 1996 aeternum
846 1961 1078 2010 regnatura
1109 1968 1210 1997 cum
1248 1953 1441 2009 Christo,

55 2022 146 2083 ipsa
176 2031 241 2067 est
271 2031 386 2067 terra
420 2022 673 2079 beatorum,
709 2031 824 2068 terra
859 2023 1128 2082 viventium3
1157 2023 1249 2085 ipsa
1276 2024 1443 2069 intelli-

57 2092 198 2154 genda
219 2101 284 2138 est
304 2093 501 2154 patribus
514 2092 632 2150 data,
647 2092 825 2155 quando
841 2094 900 2138 eis
912 2104 1028 2140 certa
1043 2104 1084 2140 et
1096 2095 1446 2142 incommutabili

7 2166 12 2169 ’
56 2164 135 2209 Dei
151 2163 377 2210 voluntate
410 2165 620 2225 promissa
642 2174 705 2210 est
735 2184 742 2210 :
771 2165 981 2226 quoniam
1007 2166 1099 2226 ipsa
1122 2168 1441 2227 promissionis,

57 2229 126 2285 vel
154 2233 543 2295 praedestinationis
576 2235 780 2280 firmitate
809 2236 901 2296 jam
929 2234 1031 2281 data
1059 2245 1146 2293 est,
1170 2254 1269 2299 quae
1301 2238 1445 2283 danda

58 2319 135 2350 suo
165 2315 362 2366 tempore
384 2322 408 2351 a
437 2306 632 2367 patribus
653 2306 816 2352 credita
838 2316 902 2352 est
933 2328 941 2353 2
977 2308 1088 2352 sicut
1114 2308 1168 2353 de
1195 2309 1286 2369 ipsa
1310 2310 1444 2369 gratia

57 2392 156 2437 quae
169 2377 325 2422 sanctis
347 2376 492 2433 datur,
517 2377 707 2422 scribens
725 2377 781 2423 ad
805 2379 1083 2423 Timotheum
1104 2379 1339 2440 Apostolus
1356 2382 1413 2425 ait
1432 2400 1441 2425 ε

62 2465 83 2490 a
115 2450 212 2494 Non
233 2447 474 2493 secundum
495 2464 625 2509 opera
649 2458 811 2506 nostra,
837 2450 912 2494 sed
929 2450 1174 2495 secundum
1190 2467 1318 2495 suum
1341 2467 1442 2511 pro-

107 2538 116 2553 ¹
137 2540 157 2565 2
175 2533 248 2565 Cor.
267 2543 312 2574 m,
332 2542 363 2565 2.
381 2551 422 2556 -—
442 2541 455 2556 2
470 2533 584 2568 Ezech.
608 2545 653 2575 xi,
676 2545 728 2575 19,
748 2540 779 2567 et
796 2545 905 2576 xxxvr,
921 2535 975 2567 ¹26.
1000 2552 1041 2557 -
1054 2534 1066 2558 3
1086 2535 1132 2568 Id.
1154 2534 1441 2577 xxxv1,2!40t28.
