1854 3219
350 277 405 305 DE
437 276 589 304 omnm
621 273 676 302 An
708 274 947 311 Lim-Enni,
983 275 1065 303 Lm.
1100 272 1143 302 V.
1357 262 1441 303 309

57 352 257 404 pentum,
291 351 335 386 et
364 341 530 386 bonum
559 340 614 384 ad
643 355 783 385 escam
817 359 826 385 ;
851 355 931 384 nec
953 348 1100 385 tamen
1123 339 1358 385 dicendum
1381 349 1444 385 est

56 430 159 459 eum
195 412 359 475 aliquid
382 421 488 457 tunc
515 411 728 456 addidisse
749 421 979 468 creaturae⁷
1005 410 1126 472 quod
1148 421 1248 456 ante
1269 427 1359 457 non
1376 410 1443 456 fe-

56 494 199 544 cerat3
219 484 340 546 quod
359 483 480 528 velut
502 482 566 527 illi
594 482 872 542 perfectioni,
898 500 984 544 qua
1007 483 1151 528 omnia
1178 483 1295 528 hona
1317 482 1443 528 valde

55 566 176 601 sexto
210 555 279 600 die
312 554 652 609 consummavit,
679 563 776 614 post
810 563 918 598 esset
938 554 1217 600 addendum:
1243 554 1318 599 sed
1342 555 1443 615 quia

51 630 140 689 jam
175 643 324 672 omnes
360 635 528 671 naturae
566 624 774 670 fruticum
812 634 941 685 atque
975 625 1196 685 lignorum
1228 625 1273 669 in
1304 626 1443 686 prima

55 697 306 743 conditione
334 697 460 742 factae
485 697 661 742 fuerant
676 733 686 752 ‚
713 713 735 741 a
762 713 849 758 qua
870 696 1121 742 conditione
1143 700 1259 742 Deus
1278 697 1443 758 requie-

54 769 118 814 vit
136 804 146 824 ,
172 783 350 813 movens
374 767 533 813 deinde
553 768 946 828 administransque
966 783 1043 826 per
1065 767 1323 828 temporales
1341 784 1443 812 cur-

55 856 126 885 sus
147 839 220 884 illa
242 840 333 900 ipsa
354 855 454 900 quae
476 839 673 884 condidit
688 875 698 895 ,
720 848 763 883 et
780 855 804 883 a
826 839 987 899 quibus
1010 839 1195 884 conditis
1212 839 1441 900 requievit,

54 927 145 955 non
176 910 318 955 solum
346 920 451 955 tunc
483 910 697 970 plantavit
729 910 1006 970 paradisum,
1039 909 1115 955 sed
1157 911 1287 955 etiam
1324 927 1444 956 nune

55 982 201 1028 omnia
235 997 335 1042 quae
371 991 627 1026 nascuntur.
669 981 775 1035 Quis
797 982 913 1026 enim
941 981 1050 1025 alius
1073 982 1203 1026 etiam
1225 998 1344 1026 nunc
1364 983 1444 1026 ista

55 1063 171 1099 creat
187 1089 197 1109 ‚
223 1053 304 1097 nisi
325 1053 400 1114 qui
420 1068 557 1114 usque
574 1069 692 1098 nunc
716 1055 950 1113 operatur?
967 1052 1052 1099 Sed
1069 1063 1186 1098 creat
1202 1054 1297 1098 haec
1311 1052 1445 1098 modo

55 1140 106 1169 ex
137 1124 186 1168 iis
214 1125 423 1185 quaejam
445 1133 547 1168 sunt
572 1144 580 1168 :
619 1134 723 1169 tunc
745 1134 891 1169 autem
914 1124 968 1169 ab
1003 1124 1100 1181 illo,
1133 1141 1233 1170 cum
1267 1125 1445 1169 omnino

55 1195 177 1240 nulla
211 1204 353 1240 essent
371 1231 382 1252 ‚
422 1204 565 1240 creata
586 1205 708 1250 sunt,
735 1211 835 1240 cum
859 1194 999 1240 faetus
1038 1205 1101 1240 est
1134 1195 1224 1240 dies
1245 1195 1319 1240 ille
1335 1231 1345 1251 ,
1371 1196 1447 1256 qui

54 1268 185 1312 etiam
215 1269 305 1327 ipse
327 1268 504 1312 omnino
532 1283 619 1312 non
643 1276 734 1311 erat
751 1303 761 1323 ‚
782 1267 983 1327 spiritalis
1005 1267 1209 1313 videlieet
1226 1277 1356 1328 atque
1376 1268 1447 1312 in-

57 1338 314 1383 tellectualis
335 1347 546 1383 creatura.

56 1505 762 1524 mmmmm

979 1506 1118 1523 mm
1123 1507 1192 1523 ΜΜ
1196 1506 1263 1523 Μ
1268 1506 1444 1525 mmm

587 1648 804 1700 CAPUT
846 1652 907 1701 V.

62 1803 194 1852 Ordo
225 1806 485 1850 creationis
509 1821 666 1850 rerum
682 1821 774 1867 per
801 1821 891 1851 seoe
916 1805 1019 1851 dies
1028 1841 1044 1862 ,
1068 1821 1165 1851 non
1188 1807 1450 1854 intervallis*

246 1886 536 1936 temporum,
560 1874 650 1922 sed
668 1877 967 1922 connexione
988 1892 1265 1922 causarum.

115 2038 218 2081 XII.
256 2039 406 2081 FAcm:
429 2037 578 2098 itaque
606 2046 816 2081 creaturae
853 2038 1046 2082 motibus
1080 2047 1312 2098 coeperunt
1345 2054 1448 2083 cur-

57 2121 150 2151 rere
172 2116 368 2167 tempora
393 2127 401 2153 :
426 2107 546 2152 unde
568 2117 669 2152 ante
691 2100 934 2153 craesturam
968 2107 1126 2153 frustra
1160 2119 1357 2170 tempora
1380 2126 1449 2154 re-

58 2179 314 2240 quiruntur,
341 2179 465 2239 quasi
492 2180 659 2239 possint
686 2179 871 2225 inveniri
893 2190 994 2225 ante
1010 2190 1206 2241 tempora
1233 2190 1445 2242 tempora.

57 2252 203 2294 Motus
218 2250 333 2294 enim
351 2250 381 2294 si
407 2248 554 2294 nullus
568 2259 677 2295 esset
693 2250 764 2295 vel
777 2251 977 2311 spiritalis
994 2251 1063 2296 vel
1076 2252 1312 2312 corporalis
1329 2269 1450 2298 erea-

59 2329 191 2375 turae‚
223 2336 312 2381 quo
343 2336 422 2381 per
457 2335 647 2381 praesens
678 2322 907 2381 praeteritis
944 2323 1096 2368 futura
1135 2323 1447 2383 succederent3

60 2390 233 2435 nullum
254 2400 364 2435 esset
384 2400 556 2451 tempus
575 2392 770 2437 omnino.
791 2394 957 2438 Moveri
974 2404 1119 2439 autem
1137 2404 1336 2440 creatura
1359 2411 1450 2440 non

60 2461 214 2521 utique
231 2470 374 2521 posset
395 2461 428 2505 si
447 2477 537 2506 non
552 2471 675 2506 esset.
697 2463 846 2507 Potius
864 2479 965 2523 ergo
991 2474 1159 2525 tempus
1176 2481 1200 2509 a
1221 2475 1418 2510 creatura
1434 2500 1446 2520 ‚

62 2547 194 2591 quam
230 2541 423 2576 creatura
452 2533 587 2593 coepit
616 2549 639 2577 a
676 2542 873 2594 tempore
888 2570 898 2590 ,
937 2544 1176 2596 utrumque
1214 2545 1359 2580 autem
1397 2551 1449 2580 ex

63 2603 169 2645 Deo.
199 2621 217 2644 «
242 2604 308 2646 Ex
329 2602 422 2662 ipso
444 2603 583 2656 enim,
609 2613 650 2646 et
683 2619 760 2663 per
780 2604 920 2664 ipsum
935 2641 944 2658 ‚
971 2615 1014 2650 ot
1041 2606 1085 2648 in
1108 2606 1202 2664 ipso
1224 2615 1327 2651 sunt
1350 2621 1447 2651 om-
