1854 3219
378 169 463 207 510
819 175 853 204 s.
879 175 1110 205 Aucus-mm
1134 175 1318 205 EPISCOPI

375 243 587 304 pexerint.
616 241 702 287 Sed
718 242 773 286 de
789 241 856 286 his
873 242 976 286 alias
990 251 1034 286 et
1050 240 1189 286 multa
1201 242 1294 302 jam
1311 237 1513 293 diximus,
1534 246 1577 281 et
1597 238 1631 282 si
1653 240 1769 281 Deus

376 313 593 369 voluerit,
634 313 712 356 ubi
746 328 812 356 rcs
844 312 1065 357 videbitur
1097 311 1319 372 postulare
1335 346 1346 366 ‚
1385 308 1596 354 dicemus.
1642 311 1771 354 Nunc

377 384 499 446 quod
515 384 659 429 dicere
677 399 966 443 coeperamus‚
991 384 1023 427 si
1046 383 1101 427 de
1114 382 1295 427 traduce
1311 382 1554 426 animarum
1573 396 1595 424 a
1618 394 1772 439 paren-

378 457 496 501 tibus
517 456 587 500 vel
609 471 698 500 non
721 454 928 499 dubitant
942 454 1121 515 quidam
1150 452 1273 514 quod
1292 453 1351 497 ita
1373 453 1449 507 sit⁷
1474 451 1545 497 vel
1567 450 1773 495 dubitant

379 545 435 573 an
456 529 514 573 ita
531 528 600 584 sit,
619 528 810 571 animam
830 536 975 571 tamen
992 542 1148 586 corpus
1167 541 1254 569 esse
1278 540 1368 569 non
1387 524 1579 568 audeant
1596 521 1774 567 credere

380 609 457 644 aut
478 600 647 656 dicere3
670 599 858 643 maxime
877 607 1055 657 propter
1074 595 1196 657 quod
1218 595 1331 651 dixi,
1358 610 1413 638 ne
1436 598 1575 639 Deum
1598 607 1776 654 quoque

379 673 524 732 ipsum
546 670 656 715 nihil
679 670 799 715 aliud
820 670 1055 730 opinentur
1084 684 1173 713 esse
1209 683 1343 728 quam
1371 682 1529 727 corpus
1546 702 1556 722 ,
1582 675 1626 710 et
1646 666 1680 709 si
1703 680 1776 709 ex-

381 743 738 788 cellentissimum
754 778 765 798 ,
791 743 869 787 etsi
890 751 1058 786 naturae
1073 739 1302 802 cujusdam
1319 739 1506 801 propriae
1522 747 1679 784 caetera
1698 751 1776 783 su-

382 813 697 875 pergredientis
709 850 720 871 ‚
743 830 900 875 corpus
918 822 1082 859 tamen.

385 968 1772 992 ΜΜΜΜΜΜΜΜΜΜΜΜΜΜΜΜΜΜΜΜΜΜΜΜΜΜ

889 1083 1108 1133 CAPUT
1144 1084 1303 1132 XXV.

721 1229 1014 1276 Tertulliani
1032 1244 1169 1275 error
1183 1226 1244 1273 de
1261 1228 1446 1273 anima.

446 1369 563 1411 XLI.
592 1371 794 1420 DEmQUE
818 1367 1111 1410 Tertullianus
1127 1400 1138 1420 ,
1164 1367 1268 1425 quia
1295 1379 1454 1423 corpus
1483 1377 1574 1406 esse
1596 1363 1786 1406 animam

385 1436 594 1493 credidit,
630 1452 720 1481 non
743 1436 800 1481 ob
824 1436 945 1480 aliud
966 1436 1048 1480 nisi
1070 1434 1193 1496 quod
1214 1450 1310 1479 eam
1337 1434 1640 1493 incorpoream
1662 1431 1785 1490 cogi—

386 1518 478 1553 tare
499 1525 589 1554 non
623 1508 789 1568 potuit,
825 1517 870 1551 et
897 1506 995 1552 ideo
1019 1507 1169 1551 timuit
1190 1520 1246 1549 ne
1270 1504 1381 1549 nihil
1402 1512 1537 1559 esset,
1571 1503 1603 1549 si
1627 1517 1786 1563 corpus

385 1596 477 1624 non
498 1589 631 1635 esset,
658 1595 739 1623 nec
758 1579 813 1622 de
835 1583 926 1623 Deo
947 1578 1087 1623 valuit
1109 1577 1234 1621 aliter
1250 1592 1398 1637 sapere
1423 1596 1431 1622 :
1457 1576 1534 1637 qui
1555 1592 1657 1621 sane
1674 1591 1787 1637 quo-

385 1650 504 1695 niam
527 1659 680 1695 acutus
715 1659 801 1705 est,
827 1649 1051 1694 interdum
1078 1658 1230 1693 contra
1258 1648 1511 1708 opinionem
1541 1663 1664 1693 suam
1694 1648 1787 1692 visa

385 1722 567 1767 veritate
589 1730 835 1782 superatur.
863 1721 979 1775 Quid
997 1720 1115 1765 enim
1131 1720 1276 1766 verius
1299 1718 1444 1764 dicere
1460 1720 1626 1779 potuit,
1651 1734 1787 1780 quam

385 1791 431 1836 id
443 1791 565 1853 quod
578 1792 637 1837 ait
650 1792 845 1853 quodam
856 1791 955 1837 1000
977 1811 985 1837 :
1006 1793 1175 1836 «Omne
1189 1790 1416 1851 corporale
1430 1790 1633 1850 passibile
1646 1792 1783 1834 est1P»

385 1864 548 1908 Debuit
569 1879 672 1922 ergo
690 1873 861 1908 mutare
884 1863 1168 1918 sententiam⁷
1189 1879 1276 1922 qua
1297 1861 1431 1922 paulo
1451 1862 1648 1922 superius
1665 1861 1788 1906 dixe-

386 1945 452 1981 rat
482 1937 615 1981 etiam
639 1939 780 1981 Deum
811 1951 970 1996 corpus
999 1950 1104 1979 esse.
1137 1937 1290 1995 Neque
1324 1935 1441 1979 enim
1469 1934 1656 1979 arbitror
1684 1949 1786 1978 eum

385 2007 445 2052 ita
467 2007 725 2067 desipuisse,
751 2016 802 2051 ut
822 2007 954 2051 etiam
971 2006 1048 2051 Dei
1070 2015 1272 2050 naturam
1295 2005 1546 2066 passibilem
1564 2005 1781 2061 crederet,

385 2086 436 2120 ut
447 2078 539 2138 jam
558 2078 756 2123 Christus
773 2093 864 2122 non
885 2077 932 2121 in
957 2092 1088 2122 carne
1116 2086 1312 2133 tantum,
1338 2092 1483 2137 neque
1513 2076 1560 2120 in
1589 2091 1720 2121 carne
1741 2084 1786 2120 et

383 2149 530 2193 anima
550 2183 561 2203 ‚
585 2148 729 2193 sedin
756 2149 850 2208 ipso
883 2149 1028 2193 Verbo
1062 2163 1139 2208 per
1177 2146 1299 2208 quod
1332 2146 1446 2192 sacta
1471 2156 1573 2192 sunt
1605 2146 1779 2202 omnia,

385 2219 597 2279 passibilis
609 2230 653 2265 et
664 2219 986 2265 commutabilis
1000 2235 1090 2264 esse
1104 2218 1308 2264 credatur
1325 2238 1334 2264 :
1350 2218 1472 2279 quod
1484 2218 1597 2262 absit
1611 2234 1633 2262 a
1648 2216 1782 2262 corde

385 2290 640 2335 christiano.
673 2294 784 2335 Item
805 2306 907 2335 cum
931 2291 1088 2335 animae
1109 2291 1241 2335 etiam
1261 2289 1453 2334 colorem
1475 2288 1600 2334 daret
1617 2289 1784 2334 aerium

385 2379 436 2409 ac
448 2362 663 2418 lucidum‚
682 2372 867 2408 ventum
880 2372 945 2407 est
961 2362 1017 2407 ad
1029 2378 1178 2407 sensus
1200 2362 1362 2423 quibus
1383 2376 1481 2406 eam
1498 2361 1783 2406 membratim

385 2434 509 2495 quasi
524 2449 683 2495 corpus
704 2434 917 2480 instruere
937 2443 1120 2479 conatus
1138 2442 1225 2491 est,
1241 2442 1285 2479 et
1296 2433 1357 2479 ait
1379 2451 1388 2479 :
1408 2451 1430 2476 «
1442 2432 1525 2479 Hic
1543 2431 1627 2478 erit
1645 2432 1781 2478 homo

433 2537 443 2555 ¹
463 2530 675 2566 Tertullianus
694 2532 726 2566 in
741 2530 799 2565 lib.
819 2529 861 2565 de
879 2529 1018 2570 Anima,
1033 2540 1107 2574 cap.
1127 2541 1182 2564 vn.
