1854 3219
328 237 382 264 DE
414 235 565 264 GENESI
598 230 654 260 An
685 229 930 269 met-mmm,
965 231 1047 257 Lm.
1084 231 1131 256 η.
1334 217 1414 255 189

29 427 1414 453 mmmmmmmnmmmmmmmmmmmmmmmmmmmmwu

565 620 787 678 LIBER
831 619 910 676 II.

31 813 77 846 DE
95 821 134 845 Eo
150 820 228 849 ouon
245 819 392 844 scaurum
409 819 464 844 nsi*
481 821 488 843 :
507 821 523 839 α
537 811 581 843 Ετ
598 807 681 844 nim·
697 810 800 844 D'nus:
823 809 899 842 Fm
922 817 1165 849 FmMAMENTnM‚
1186 816 1269 849 izi-c„
1291 818 1308 837 »
1326 816 1420 844 τερα

76 879 116 901 AD
132 878 324 901 vnusmnwu
348 879 398 911 19.
425 870 469 901 Ετ
491 877 613 901 FACTUM
635 877 690 900 EST
715 877 872 909 vnsmnn,
897 875 964 899 Ετο.
1007 866 1167 898 Nomium
1191 877 1222 899 1N
1257 874 1324 897 mut.
1349 874 1422 896 eou-

76 934 138 957 TnA
156 926 398 958 GENETBHACOS.

559 1085 777 1137 CAPUT
822 1087 866 1135 I.

32 1231 422 1280 Firmamentum
439 1231 488 1277 in
505 1228 662 1276 medio
674 1245 916 1290 aquarum
932 1226 1062 1288 qaid.
1083 1229 1258 1287 Aquas
1274 1242 1423 1288 supra

229 1301 467 1349 sidereum
489 1301 661 1348 caelum
683 1317 785 1347 esse
809 1300 1008 1362 quidam
1024 1310 1222 1364 negant.

96 1459 119 1485 «
153 1442 190 1486 Ι.
225 1441 289 1485 ΕΤ
313 1438 422 1485 dixit
438 1441 576 1484 Deus:
602 1438 700 1483 Fiat
719 1439 1044 1483 firmamentum
1061 1438 1106 1482 in
1123 1436 1270 1482 medio
1288 1452 1424 1498 aqua-

36 1531 59 1556 »
92 1527 214 1567 rum,
239 1520 284 1555 et
305 1511 359 1555 sit
388 1509 587 1556 dividens
610 1510 724 1555 inter
747 1526 904 1571 aquam
930 1520 973 1555 et·
995 1525 1152 1571 aquam
1180 1529 1188 1554 :
1220 1518 1263 1554 et
1284 1509 1341 1553 sic
1363 1517 1428 1553 est

38 1603 58 1628 »
93 1582 274 1629 factum.
305 1584 363 1626 Et
391 1580 496 1626 iecit
527 1585 642 1626 Deus
673 1582 1022 1637 firmamentum,
1061 1590 1104 1626 et
1136 1580 1280 1625 divisit
1312 1584 1426 1625 Deus

37 1672 59 1698 »
94 1655 209 1699 inter
245 1668 404 1714 aquam
438 1668 538 1713 quae
569 1661 662 1697 erat
697 1653 810 1697 infra
845 1653 1192 1707 firmamentum,
1235 1660 1277 1695 et
1314 1651 1428 1694 inter

37 1743 59 1768 »
95 1740 256 1786 aquam
274 1740 373 1785 quae
395 1733 488 1767 erat
509 1739 640 1784 super
672 1724 1013 1767 firmamentum.
1048 1726 1105 1767 Et
1126 1723 1296 1767 vocavit
1314 1725 1428 1766 Deus

0 1836 1 1842 ,
38 1813 59 1838 ))
94 1795 419 1840 firmamentum
440 1792 620 1838 coelum.
646 1796 704 1838 Et
734 1792 846 1838 vidit
867 1797 1004 1849 Deus,
1029 1793 1132 1853 quia
1155 1793 1324 1838 bonum
1348 1801 1425 1837 est.

38 1883 59 1908 »
94 1869 152 1911 Et
172 1865 286 1910 sacta
319 1873 383 1909 est
408 1879 587 1924 vespera
605 1899 616 1920 ,
648 1873 692 1908 et
713 1863 880 1908 factum
913 1872 978 1908 est
1011 1879 1140 1908 mane
1161 1862 1252 1908 dies
1275 1879 1432 1908 secun-

0 1948 1 1968 ³
40 1956 59 1979 »
95 1936 190 1981 dus.
229 1954 250 1978 »
285 1939 348 1981 De
380 1936 516 1981 verbo
550 1934 655 1990 Dei,
696 1950 785 1995 quo
819 1933 955 1979 dixit:
996 1953 1016 1977 α
1051 1935 1148 1979 Fiat
1180 1935 1432 1978 firmamen-

0 1978 3 2056 i
39 2024 60 2048 >›
96 2015 189 2051 tum
206 2041 218 2063 ‚
243 2014 325 2050 etc.
355 2022 377 2046 >›
403 2013 447 2049 et
475 2004 530 2049 de
550 2003 711 2065 placito
733 2006 847 2066 ejus,
873 2020 962 2065 quo
983 2004 1113 2060 vidit,
1139 2005 1241 2065 quia
1263 2005 1432 2049 honum

0 2067 3 2131 i
37 2087 123 2134 est,
141 2087 186 2122 et
204 2076 260 2122 de
280 2092 458 2137 vespera
474 2086 519 2121 et
532 2091 683 2132 mane,
708 2092 799 2121 non
821 2091 930 2137 opus
957 2085 1022 2121 est
1044 2076 1113 2121 hic
1132 2077 1291 2122 iterum
1311 2076 1432 2122 simi-

0 2149 4 2211 ξ
36 2147 222 2209 literque
244 2147 451 2192 disserere
471 2166 480 2191 2
506 2156 641 2207 atque
663 2147 724 2191 ita
746 2146 949 2207 deinceps
972 2147 1336 2209 quotiescumque
1354 2148 1435 2192 ista

0 2228 6 2276 ι·
37 2227 320 2278 repetuntur,
345 2215 592 2262 secundum
615 2217 881 2277 superiorem
906 2217 1235 2278 inquisitionem
1262 2218 1437 2262 interim

2 2319 5 2333 ι,
39 2288 352 2334 consideranda
373 2304 464 2333 esse
497 2288 800 2334 admonemus.
824 2291 981 2334 Utrum
1007 2299 1153 2334 autem
1179 2306 1298 2335 nunc
1325 2289 1438 2334 illud

0 2353 7 2414 ιζ
39 2358 205 2406 coelum
234 2361 337 2416 fiat,
382 2358 503 2420 quod
534 2360 704 2404 excedit
728 2360 837 2404 ae'ris
867 2360 1012 2405 omnia
1052 2362 1220 2420 spatia3
1260 2362 1440 2421 ejusque

41 2446 216 2477 omnem
239 2430 515 2476 altitudinem
531 2466 543 2487 ,
567 2431 646 2476 ubi
668 2431 798 2476 etiam
818 2430 1055 2476 luminaria
1077 2431 1305 2493 stellaequc
1332 2448 1440 2476 con-

5 2503 8 2542 ¹,
43 2501 286 2546 stituuntur
303 2511 462 2562 quarto
484 2502 558 2546 die
576 2522 587 2561 3
612 2517 670 2547 an
685 2502 779 2563 ipse
801 2505 874 2547 aer
894 2512 1076 2548 vocetur
1093 2503 1439 2557 firmamentum,

8 2628 9 2635 ἵ
50 2571 192 2633 quaeri
214 2572 370 2618 merito
392 2582 549 2633 potest.
