1854 3219
385 179 470 221 474
825 188 857 217 s.
895 188 1124 218 Aucuszrmt
1157 189 1338 218 Emscom

390 366 494 384 ww
498 363 1774 382 mmmmmwwmmmmmwmmwmmm

916 551 1137 610 LIBER
1175 550 1251 608 X.

718 751 752 783 ῙΝ
771 759 830 787 Quo
847 758 1027 782 TRACTATUR
1045 758 1084 781 DE
1107 755 1272 781 ANlMARnM
1290 756 1425 780 omniun.

929 918 1146 968 CAPUT
1183 920 1222 966 I.

380 1103 615 1148 Animam
627 1100 837 1147 mulieris
860 1117 923 1147 ex
937 1102 1105 1147 anima
1122 1100 1423 1164 vz'rz'factam
1438 1115 1538 1146 esse
1553 1115 1776 1161 qnorum-

912 1172 1031 1218 dam
1060 1172 1237 1233 opinio.

440 1312 475 1353 Ι.
501 1311 526 1353 J
530 1325 592 1353 AM
614 1308 797 1370 quidem
822 1308 931 1353 ordo
949 1308 1040 1369 ipse
1056 1307 1230 1354 videtur
1250 1322 1499 1368 exposcere,
1522 1316 1573 1352 ut
1597 1307 1652 1353 de
1674 1323 1777 1368 pec-

377 1390 475 1426 cato
492 1381 618 1442 primi
644 1380 829 1425 hominis
846 1380 1104 1425 disseramus
1131 1400 1140 1425 ε
1166 1379 1244 1425 sed
1270 1380 1374 1442 quia
1391 1380 1447 1425 de
1464 1395 1595 1424 carne
1616 1380 1776 1425 mulie-

378 1453 457 1508 ris,
483 1451 858 1513 quemadmodum
897 1450 1012 1496 facta
1043 1453 1119 1507 sit,
1156 1452 1377 1512 Scriptura
1400 1452 1616 1507 narravit,
1641 1452 1776 1496 tacuit

378 1535 525 1570 autem
548 1525 603 1569 de
626 1525 786 1579 anima,
821 1524 960 1569 multo
994 1523 1128 1581 magis
1165 1540 1243 1568 nos
1273 1523 1376 1567 fecit
1400 1524 1607 1579 intentos,
1642 1532 1693 1567 ut
1721 1522 1777 1568 dc

377 1597 461 1641 hoc
488 1595 741 1655 diligentius
767 1595 1053 1655 inquiramus7
1075 1610 1266 1654 quonam
1283 1593 1417 1639 modo
1435 1594 1574 1639 refelli
1591 1594 1773 1655 possint,

377 1669 465 1713 sive
509 1684 599 1712 non
635 1667 800 1727 possint
815 1703 826 1722 ‚
856 1667 932 1727 qui
963 1666 1149 1711 credunt
1171 1666 1362 1710 animam
1386 1666 1441 1710 de
1466 1666 1607 1710 anima
1630 1667 1776 1711 homi-

377 1741 458 1795 nis,
499 1740 610 1784 sicut
653 1754 829 1783 carnem
865 1737 920 1782 de
948 1752 1078 1782 carne
1112 1737 1221 1793 fieri,
1248 1753 1271 1781 a
1298 1737 1554 1797 parentibus
1585 1738 1631 1782 in
1665 1738 1775 1783 filios

377 1811 605 1871 utriusque
627 1810 688 1854 rei
713 1809 938 1853 transfusis
959 1808 1209 1852 seminibus.
1232 1808 1344 1852 Hinc
1367 1808 1482 1852 enim
1503 1809 1701 1868 primitus
1719 1808 1775 1853 ad

377 1884 461 1927 hoc
483 1891 732 1936 moventur,
754 1890 806 1924 ut.
825 1879 988 1935 dicant,
1013 1879 1134 1940 quod
1156 1895 1291 1923 unam
1315 1879 1505 1923 animam
1528 1882 1643 1924 Deus
1664 1880 1775 1924 fece-

377 1954 433 1998 rit
455 1952 671 1998 sufflando
689 1952 734 1995 in
749 1950 903 1996 faciem
917 1950 1105 1995 hominis
1117 1986 1128 2005 ,
1149 1966 1281 2011 quem
1299 1949 1355 1993 de
1376 1949 1556 2009 pulvere
1574 1950 1771 2007 finxerat,

377 2035 427 2070 ut
448 2042 498 2069 ex
529 2024 602 2069 illa
625 2026 716 2085 jam
737 2033 905 2069 caeterae
926 2031 1178 2068 crearentur
1203 2022 1359 2066 animae
1381 2022 1613 2066 hominum
1627 2058 1638 2078 ‚
1664 2023 1775 2068 sicut

377 2113 427 2141 cx
447 2096 562 2141 illius
580 2111 708 2141 carne
726 2095 865 2140 omnis
883 2095 1011 2139 etiam
1030 2110 1130 2138 caro
1142 2093 1388 2138 hominum.
1402 2094 1620 2146 Quoniam
1634 2095 1774 2154 primo

377 2166 517 2212 Adam
540 2166 751 2212 formatus
770 2176 848 2221 est,
874 2165 1031 2209 deinde
1045 2169 1136 2210 Eva
1161 2181 1170 2206 t
1198 2174 1240 2208 et
1262 2163 1335 2208 ille
1356 2164 1534 2224 quidem
1551 2164 1670 2209 unde
1692 2166 1772 2210 ha-

377 2239 523 2282 buerit
550 2254 722 2299 corpus,
747 2236 867 2282 unde
888 2237 1092 2291 animam,
1109 2235 1276 2280 dictum
1295 2244 1375 2291 est,
1396 2251 1552 2294 corpus
1571 2236 1772 2282 videlicet

376 2309 601 2370 pulverem
645 2319 786 2363 terrae,
834 2308 1022 2352 animam
1051 2322 1154 2351 vero
1197 2307 1352 2350 flatum
1394 2306 1471 2349 Dei
1498 2325 1507 2350 ι
1533 2315 1577 2350 at
1615 2305 1688 2351 illa
1717 2308 1772 2352 de

375 2381 490 2425 illius
522 2380 656 2424 latere
693 2396 794 2425 cum
831 2378 945 2424 facta
979 2379 1163 2434 dicatur,
1195 2394 1285 2422 non
1322 2376 1482 2421 dicitur
1520 2377 1641 2437 quod
1673 2393 1771 2422 cam

376 2455 491 2496 Deus
514 2450 663 2495 ssando
700 2451 894 2495 similiter
927 2450 1196 2504 animaverit,
1221 2458 1429 2508 tanquam
1452 2457 1690 2509 utrumque
1715 2448 1770 2493 dc

376 2522 452 2568 illo
474 2523 658 2568 ductum
680 2522 750 2577 sit,
775 2522 850 2583 qui
870 2522 958 2581 jam
978 2520 1120 2566 suerat
1143 2521 1371 2565 animatus.
1398 2522 1488 2565 Aut
1504 2521 1620 2565 enim
1638 2520 1767 2565 taceri
