1854 3219
346 192 399 218 DE
433 191 641 220 DOCTRINA
672 192 925 220 CHRISTIANA
958 194 1040 220 1.,Ιῦ.
1078 194 1143 219 ΙΙΙ.
1379 180 1434 220 49

52 254 293 312 Ecelesiae¹‚
309 256 431 317 quod
443 267 507 301 est
523 272 680 317 corpus
693 258 801 317 ejus,
819 257 1021 301 futurum
1034 272 1137 302 cum
1152 256 1229 301 illo
1240 256 1286 299 in
1304 270 1438 314 regno

50 333 95 368 et
116 325 251 384 gloria
272 327 550 387 sempiterna.
587 328 708 372 Sicut
735 343 838 387 ergo
860 327 905 370 in
934 327 1073 387 prima
1100 327 1273 386 regula,
1305 342 1439 387 quam

49 405 177 440 vocat
207 394 269 441 de
298 396 510 443 Domino
532 406 578 442 ec
600 398 701 458 ejus
722 412 950 456 corpore,
984 396 1256 456 vigilandum
1292 406 1356 442 est
1388 406 1440 440 ut

48 466 332 527 intelligatur,
357 484 459 514 cum
480 468 536 514 de
553 485 642 514 una
661 468 901 529 eademque
917 484 1102 529 persona
1128 469 1349 528 Scriptura
1371 467 1439 512 lo—

48 537 214 598 quitur,
238 539 347 600 quid
369 540 601 585 conveniat
622 540 779 600 capiti,
800 539 909 600 quid
923 540 1116 600 corpori3
1141 539 1199 583 sic
1221 548 1265 584 et
1285 539 1331 582 in
1357 539 1439 583 ista

49 609 299 666 novissima,
340 610 576 672 aliquando
605 611 652 655 in
673 609 899 655 diabolum
922 609 1096 666 dicitur,
1129 609 1251 670 quod
1283 625 1374 653 non
1396 609 1441 652 in

49 680 142 740 ipso
160 715 171 737 ,
195 681 272 726 sed
288 685 433 742 potius
453 683 501 727 in
522 685 615 744 ejus
636 698 818 743 corpore
834 682 969 742 possit
987 682 1161 741 agnosci
1179 717 1190 737 ,
1216 681 1336 741 quod
1358 682 1440 725 ha-

48 751 125 795 bet
141 768 231 797 non
248 753 390 798 solum
402 754 449 798 in
466 754 541 810 eis,
567 755 642 815 qui
662 753 1008 799 manifestissime
1030 753 1132 798 foris
1156 762 1273 808 sunt,
1294 752 1369 797 sed
1389 753 1436 796 in

49 823 108 867 cis
124 824 273 880 etiam,
288 825 380 885 qui,
392 841 493 869 cum
510 825 566 870 ad
583 826 727 886 ipsum
747 826 1011 886 pertineant,
1028 835 1175 869 tamen
1191 825 1246 870 ad
1268 835 1442 884 tempus

49 895 286 940 miscentur
299 896 522 953 Ecclesiae,
539 896 679 942 donec
701 897 1003 958 unusquisque
1024 896 1079 941 de
1095 897 1176 941 hac
1193 897 1280 942 vita
1302 905 1439 952 exeat,

49 965 120 1010 vel
142 981 166 1010 3
191 965 414 1012 frumento
435 967 556 1025 palea
573 966 819 1018 ventilabro
840 966 998 1012 ultimo
1021 970 1284 1027 separetur2.
1313 965 1445 1020 Quod

50 1036 168 1080 enim
202 1037 413 1097 scriptum
440 1047 505 1082 est
533 1037 653 1098 apud
683 1041 865 1094 Isa'i'am,
893 1058 913 1082 «
939 1036 1174 1092 Quomodo
1204 1037 1362 1083 cecidit
1390 1037 1446 1081 de

53 1125 75 1148 »
110 1105 223 1152 coelo
262 1107 437 1153 Lucifer
473 1123 602 1153 mane
636 1108 802 1154 oriens³
822 1145 832 1165 ,
875 1127 896 1151 >›
939 1119 983 1154 et
1015 1118 1193 1164 caetera‚
1230 1124 1331 1169 quse
1362 1108 1445 1152 sub

51 1178 188 1236 figura
210 1179 320 1238 regis
341 1179 596 1238 Babyloniae
617 1179 672 1225 de
694 1180 846 1225 eadem
867 1196 1067 1241 persona,
1084 1180 1154 1226 vel
1178 1181 1234 1225 ad
1247 1179 1448 1224 eamdem

52 1265 281 1309 personam
299 1249 415 1296 dicta
442 1252 606 1296 suntin
622 1252 717 1312 ipsa
736 1254 1014 1298 contextione
1033 1252 1255 1307 sermonis,
1281 1251 1337 1296 de
1360 1250 1448 1295 dia-

52 1319 156 1366 bolo
178 1320 331 1382 utique
353 1321 663 1382 intelliguntur
685 1343 692 1368 :
719 1333 762 1368 et
786 1333 933 1367 tamen
950 1323 1070 1384 quod
1092 1323 1152 1367 ibi
1173 1323 1341 1367 dictum
1365 1332 1444 1377 est,

57 1410 78 1435 «
112 1392 335 1438 Contritus
372 1401 436 1437 est
457 1392 503 1436 in
534 1401 667 1449 terra,
693 1394 769 1453 qui
790 1393 927 1438 mittit
959 1394 1014 1437 ad
1043 1409 1192 1438 omnes
1217 1402 1366 1452 gentes
1383 1430 1393 1449 ,
1424 1412 1444 1435 »

53 1477 143 1507 non
165 1471 309 1508 totum
335 1462 415 1523 ipsi
437 1462 569 1523 capiti
591 1464 806 1522 congruit.
831 1466 941 1509 Nam
960 1465 1038 1509 etsi
1059 1465 1194 1508 mittit
1217 1465 1274 1509 ad
1296 1481 1446 1509 omncs

55 1542 205 1593 gentes
224 1531 426 1577 diabolus
445 1533 620 1593 angelos
641 1550 761 1589 suos,
783 1543 931 1578 tamen
952 1535 998 1578 in
1016 1544 1129 1579 terra
1148 1551 1306 1595 corpus
1325 1537 1416 1595 ejus
1433 1571 1444 1590 ,

54 1619 144 1649 non
165 1604 278 1665 ipse,
314 1604 573 1660 conteritur,
599 1604 681 1649 nisi
702 1605 805 1666 quia
837 1606 928 1665 ipse
962 1614 1027 1649 est
1055 1605 1101 1649 in
1139 1621 1320 1666 corpore
1343 1622 1445 1662 suo,

54 1674 177 1736 quod
212 1675 453 1721 contritum
472 1675 523 1721 fit
544 1684 595 1721 ut
617 1675 760 1737 pulvis
776 1711 787 1732 ,
824 1696 844 1720 «
871 1679 1013 1731 Quem
1044 1677 1217 1738 projicit
1245 1687 1402 1723 ventus
1426 1693 1450 1722 a

57 1763 79 1788 »
114 1744 224 1791 facie
244 1747 415 1790 terrae4.
445 1765 464 1788 »

115 1818 230 1860 LVI.
267 1818 346 1861 1:1ae
372 1825 518 1860 autem
541 1832 692 1862 omnes
709 1816 893 1876 regulae,
915 1827 1094 1878 excepta
1110 1835 1199 1863 una
1215 1854 1226 1874 ,
1252 1835 1352 1880 quae
1368 1834 1450 1864 vo-

56 1896 180 1933 catur
199 1884 259 1931 de
275 1887 524 1947 promissis
553 1897 599 1932 et
615 1887 767 1950 Lege,
792 1887 913 1932 aliud
934 1904 985 1932 ex
1014 1889 1098 1934 alio
1127 1889 1297 1934 faciunt
1317 1890 1450 1934 intel-

55 1957 154 2018 ligi,
190 1957 312 2018 quod
343 1967 408 2002 est
435 1958 664 2019 proprium
699 1959 878 2019 tropicae
909 1958 1167 2016 locutionis,
1199 1977 1299 2021 quae
1320 1960 1450 2006 latius

57 2039 176 2091 patet
197 2046 331 2091 quam
358 2040 409 2075 ut
429 2030 587 2091 possit,
613 2040 664 2075 ut
679 2031 786 2075 mihi
807 2029 995 2087 videtur,
1017 2031 1071 2075 ab
1090 2031 1237 2093 aliquo
1252 2033 1453 2077 universa

4 2129 9 2134 ·
58 2100 387 2162 comprehendi.
400 2104 510 2147 Nam
522 2101 791 2163 ubicumque
806 2101 927 2146 velut
944 2101 1065 2146 aliud
1086 2102 1246 2148 dicitur
1262 2113 1313 2148 ut
1335 2102 1453 2148 aliud

57 2172 345 2233 intelligatur,
370 2173 450 2218 etsi
471 2189 635 2218 nomen
656 2174 789 2234 ipsius
810 2173 926 2234 tropi
949 2174 995 2218 in
1022 2173 1234 2235 loquendi
1252 2185 1342 2220 arte
1363 2192 1454 2220 non

59 2244 296 2300 invenitur,
322 2244 487 2304 tropica
503 2243 669 2289 locutio
692 2254 770 2289 est.
796 2247 904 2298 Quae
924 2260 1026 2289 cum
1043 2245 1092 2289 fit
1114 2245 1192 2289 ubi
1214 2246 1308 2289 fieri
1325 2245 1450 2302 solet,

59 2316 149 2361 sine
166 2314 316 2360 labore
338 2315 537 2376 sequitur
562 2314 810 2360 intellectus
833 2336 841 2361 :
859 2331 961 2361 cum
982 2332 1085 2361 vero
1107 2317 1185 2361 ubi
1208 2334 1298 2362 non
1320 2318 1451 2373 solet,

60 2386 285 2431 laboratur
314 2395 365 2430 ut
386 2385 672 2446 intelligatur,
702 2386 756 2430 ab
786 2386 877 2432 aliis
901 2387 1062 2445 magis,
1095 2388 1150 2432 ab
1169 2388 1262 2432 aliis
1284 2389 1450 2443 minus,

62 2457 174 2502 sicut
193 2456 329 2515 magis
351 2457 549 2501 minusve
571 2456 686 2501 dona
704 2457 783 2501 Dei
804 2467 908 2501 sunt
925 2458 970 2501 in
992 2459 1175 2518 ingeniis
1192 2460 1423 2503 hominum
1440 2496 1450 2514 ,

111 2541 253 2585 ¹Ephes.
270 2552 293 2582 1,
313 2550 367 2573 22.
392 2557 434 2564 —-
460 2548 472 2564 ²
496 2543 573 2574 Luc.
591 2553 639 2583 ιιι,
667 2553 717 2584 17.
740 2559 779 2564 —
797 2540 903 2574 3lsa'1'.
926 2553 1001 2584 xiv,
1025 2552 1074 2574 12.
1097 2542 1170 2573 -4
1195 2543 1272 2574 psal.
1290 2555 1309 2575 ι.
1331 2544 1361 2585 Υ..

281 2607 386 2636 cxu.
1218 2598 1241 2636 ζι
