1854 3219
710 207 853 232 iNDExv

625 349 795 391 LIBER
832 350 950 391 Vln.

1395 197 1471 235 6<ss

100 482 153 518 De
177 476 223 517 eo
248 482 349 527 quod
365 482 504 528 legitur
524 482 564 518 in
585 485 707 528 eapite
725 496 753 518 11
767 510 775 524 ‚
798 490 818 518 8
837 485 1031 521 Geneseos
1049 498 1056 519 z
1080 500 1095 518 «
1112 486 1160 521 Et
1176 487 1362 532 plantavit
1378 487 1481 523 Deus

146 554 163 572 »
191 540 412 587 paradisum
430 541 470 576 in
489 540 620 581 Eden,
641 544 715 577 etc.
731 556 748 574 »
772 552 893 588 usque
908 543 955 578 ad
973 543 1070 578 illud
1088 556 1096 578 z
1120 557 1137 576 «
1155 543 1210 580 De
1236 544 1340 591 ligno
1353 547 1481 581 autem

147 613 164 632 »
193 600 449 645 cognoscendi
466 601 608 637 bonum
622 603 660 636 et
672 602 816 637 malum
830 612 907 637 non
924 603 1203 639 manducabilis
1219 604 1266 639 de
1281 604 1362 645 illo,
1377 607 1451 640 etc.
1463 620 1480 639 »

116 698 190 728 CAr.
217 707 238 729 ι.
262 696 427 728 Paradisus
440 697 472 728 in
486 696 577 728 Eden
588 696 747 738 plantatus
759 701 792 729 et
806 697 939 740 proprie
954 704 984 729 et
998 698 1130 739 figurate
1142 699 1378 741 acccipiendus.
1418 702 1481 732 403

207 765 239 784 11.

195 874 240 896 111,

192 932 237 953 lv.

199 1156 240 1176 Vl.

185 1267 239 1288 vn,

168 1435 241 1456 vul.

194 1546 238 1567 IX.

210 1602 241 1624 X.

199 1658 242 1679 Xl.

188 1715 240 1735 xn.

176 1827 239 1851 Xlll.

178 1939 239 1960 nv.

184 1995 239 2015 XV.

176 2051 240 2072 XVI.

164 2162 238 2184 xvu.

150 2218 241 2240 xvm.

173 2274 238 2295 XIX.

192 2385 231 2406 XX

172 2497 226 2520 &ixl

266 751 414 784 Genesim
434 752 510 784 alias
525 756 637 784 contra
657 752 846 785 Manichaeos
863 764 921 785 cur
935 755 1105 786 secundum
1118 753 1299 795 allegoriam
1318 766 1372 787 ex·

312 808 470 850 posuerit.

268 866 459 897 Tractanlur
478 864 627 896 versiculi
644 866 664 896 8
686 870 717 896 et
730 867 750 897 9
769 866 930 897 Geneseos
942 876 974 897 11.

264 923 311 953 De
323 921 423 953 altera
438 924 531 963 parte
552 921 700 953 versiculi
715 923 747 953 9.
765 921 896 963 Lignum
910 922 984 954 vitae
1000 927 1033 955 et
1045 933 1120 955 vere
1134 930 1275 955 creatum
1288 934 1372 962 esse,

315 983 348 1011 et
367 977 553 1020 sapientiam
574 978 734 1019 figurasse.

235 1058 241 1065 .
271 1035 316 1065 De
333 1033 448 1066 eodem
457 1034 542 1076 ligno
563 1034 648 1075 vitae,
663 1034 765 1075 ipsum
785 1037 817 1065 et
834 1034 964 1075 figuram
979 1040 1010 1065 et
1023 1034 1222 1083 nihilominug
1237 1045 1304 1067 rem
1318 1045 1374 1066 ve-

315 1100 383 1122 ram
396 1089 504 1121 fuisse.

269 1144 402 1187 Lignum
416 1143 558 1177 scientiae
571 1143 647 1176 boni
667 1151 700 1177 et
717 1145 789 1176 mali
803 1144 898 1177 arbor
916 1155 994 1176 vera
1015 1150 1046 1176 et
1058 1145 1198 1176 innoxia.
1224 1163 1264 1167 —
1280 1145 1371 1178 Obe-

316 1201 446 1233 dientia.
469 1219 510 1223 —
528 1200 761 1233 Inobedientia.

267 1259 312 1289 De
339 1256 503 1289 versiculis
527 1259 581 1299 10,
607 1260 660 1298 11,
682 1258 721 1289 13
741 1261 775 1289 et
793 1260 835 1289 14
860 1259 1020 1289 Geneseos
1040 1255 1073 1289 il.
1101 1255 1166 1289 Illic
1188 1256 1374 1299 accipienda

315 1323 386 1345 esse
406 1323 484 1345 vera
502 1312 648 1344 flumina.
672 1330 713 1335 —
735 1312 857 1345 Tiberis
877 1313 965 1355 prius
983 1312 1101 1345 albula.
1120 1312 1206 1345 Nilus
1220 1313 1273 1354 qui
1288 1313 1373 1355 prius

313 1370 417 1400 Geon.
438 1370 563 1411 Ganges
576 1369 630 1411 qui
643 1369 730 1411 prius
743 1368 869 1401 Phison.

268 1426 314 1456 De
326 1423 488 1456 versiculo
509 1424 550 1456 15
573 1427 733 1457 Geneseos
752 1437 789 1457 11.
810 1424 965 1457 Anhomo
980 1425 1103 1467 positus
1124 1425 1155 1456 in
1177 1424 1322 1466 paradiso
1340 1430 1375 1457 ut

315 1479 516 1523 agriculturae
536 1492 667 1524 operam
683 1481 784 1513 daret.

265 1536 471 1578 Agriculturae
493 1548 572 1579 opus
586 1537 770 1578 allegorice.

270 1591 351 1630 Quid
366 1592 425 1623 sit:
443 1592 478 1624 U
478 1600 491 1624 t
509 1599 713 1635 operaretur
725 1599 759 1623 et
774 1590 971 1623 custodiret.

269 1650 331 1680 Cur
342 1647 395 1679 hic
408 1648 516 1680 addita
537 1647 649 1688 dictio,
664 1648 840 1679 Dominus.
862 1662 903 1668 —
918 1647 1068 1678 Dominus
1086 1657 1192 1678 verus.

270 1704 437 1736 Hominem
462 1713 527 1734 non
546 1711 643 1745 posse
662 1703 834 1745 quidquam
854 1701 930 1733 boni
947 1712 1042 1743 agere
1060 1701 1129 1733 sine
1148 1704 1226 1734 Deo.
1243 1720 1285 1725 —
1306 1703 1372 1735 Dis-

313 1770 424 1792 cessus
445 1770 463 1791 a
476 1762 554 1792 Deo.

268 1818 330 1848 Cur
345 1815 444 1848 homo
464 1814 646 1857 prohibitus
665 1824 683 1846 a
703 1813 785 1856 ligno
813 1812 957 1846 scientia)
979 1812 1056 1845 boni
1080 1820 1111 1845 et
1138 1813 1224 1846 mali.
1251 1831 1292 1837 —
1314 1816 1370 1847 In-

291 1870 488 1904 obedientia.

268 1930 312 1960 Ex
332 1928 428 1960 divini
448 1927 600 1970 praecepti
619 1930 807 1968 contemptu
825 1924 1023 1968 experientia
1037 1925 1124 1957 mali.

266 1983 401 2025 Lignum
413 1982 555 2015 scientiae
567 1982 642 2014 boni
655 1988 687 2014 et
700 1981 773 2014 mali
789 1992 847 2013 cur
861 1981 907 2013 sic
927 1979 1136 2023 appellatum.

267 2039 434 2071 Hominem
455 2044 529 2070 ante
553 2038 627 2070 mali
649 2038 901 2081 experimentum
930 2036 1074 2078 potuisse
1095 2036 1273 2079 intelligere
1295 2038 1369 2080 quid

314 2099 400 2127 esset
414 2094 545 2126 malum.

266 2153 314 2183 An
331 2150 459 2194 utrique
472 2149 593 2182 Adamo
606 2156 638 2182 et
653 2151 726 2182 Evae
740 2149 850 2182 datum
862 2149 900 2180 sit
922 2152 1128 2192 praeceptum.

268 2205 434 2245 Quomodo
452 2207 536 2238 Deus
553 2205 680 2238 locutus
697 2205 736 2238 sit
747 2204 878 2237 homini.

264 2264 306 2295 Ut
316 2262 510 2305 intelligatur
528 2262 673 2304 operatio
690 2261 748 2294 Dei
762 2261 792 2293 in
804 2261 974 2300 creaturis,
992 2260 1066 2303 quid
1075 2259 1230 2303 imprimis
1250 2259 1370 2302 deipso

315 2319 526 2351 sentiendum.

236 2398 243 2407 .
271 2376 425 2408 Creatura
441 2374 617 2417 corporalis
637 2375 709 2406 loco
730 2380 761 2406 et
779 2378 943 2416 tempore,
965 2371 1116 2414 spiritalis
1136 2376 1282 2413 tempore
1294 2375 1370 2402 tan-

291 2435 372 2472 tum,
392 2433 525 2463 Creator
542 2430 609 2472 ipse
629 2434 743 2463 neutro
764 2429 856 2461 modo
871 2427 1042 2460 mutabilis.

234 2514 239 2519 .
267 2489 432 2528 Quomodo
453 2491 534 2521 Deus
561 2489 710 2526 immotus
729 2492 859 2520 moveat
879 2490 1043 2519 creaturas
1056 2511 1064 2526 ‚
1087 2484 1233 2526 exemplo
1259 2484 1369 2516 animae

313 2546 521 2587 deprehendi.

309 2610 414 2639 oxu.
1273 2594 1290 2629 ἰ
1298 2595 1314 2631 1

1418 813 1481 843 406

1419 868 1482 898 407

1386 991 1389 993 ’
1419 982 1482 1012 409

1421 1094 1480 1123 411

1415 2095 1480 2125 430

1416 2151 1480 2180 432

1417 2208 1479 2236 433

1389 2315 1478 2347 Ibz'd.

1416 2428 1481 2458 434

1416 2539 1477 2571 435
