1854 3219
1427 153 1452 166 ιιι

357 168 411 194 DE
444 163 653 194 DOCTRINA
685 161 954 200 CHRISTIANA,
990 163 1072 189 LIB.
1103 163 1169 189 111.
1431 166 1446 189 l

73 243 149 280 aut
169 233 330 293 regulis
350 232 453 276 fidei
480 231 781 290 corriguntur,
806 238 881 273 aut
902 227 1184 288 praecedentis
1208 228 1279 273 vel
1300 243 1454 274 conse-

72 305 248 368 quentis
285 303 562 349 contextione
597 300 829 357 sermonis,
874 308 950 344 aut
985 299 1021 343 si
1056 307 1264 343 neutrum
1295 301 1455 345 horum

71 376 307 422 adhibetur
327 374 384 419 ad
401 373 714 420 correctionem
730 406 742 428 ,
766 369 1050 416 nihilominus
1085 368 1232 414 dubiae
1252 385 1455 417 remane-

70 450 208 505 bunt',
230 457 280 492 ut
300 446 500 509 quolibet
520 446 653 491 modo
669 444 806 490 lector
825 442 1174 505 pronuntiaverit
1188 477 1200 499 ‚
1231 458 1324 488 non
1338 444 1392 489 sit
1411 446 1458 490 in

70 519 216 580 culpa.
244 518 334 566 Nisi
355 518 472 562 enim
492 516 598 562 fides
625 525 821 572 revocet,
853 531 940 577 qua
962 515 1178 560 credimus
1201 517 1344 560 Deum
1369 532 1461 562 non

71 599 379 637 accusaturum
396 589 601 634 adversus
621 587 781 633 electos
805 601 918 632 suos.
945 595 989 631 et
1006 587 1228 633 Christum
1244 602 1335 631 non
1355 603 1458 634 con-

69 661 381 708 demnaturum
413 660 574 706 electos
600 675 721 715 suos,
753 667 896 720 potest
926 657 1039 703 illud
1072 659 1131 703 sic
1163 659 1454 719 pronuntiari.

73 753 94 777 «
117 733 224 787 Quis
245 732 466 778 accusabit
488 731 690 776 adversus
713 730 878 783 electos
892 730 1016 775 Dei1P
1032 747 1052 771 »
1075 739 1126 775 ut
1137 730 1253 776 hanc
1270 731 1461 777 interro-

69 804 287 864 gationem
313 802 437 864 quasi
450 802 672 862 responsio
691 801 1002 863 subsequatur,
1028 805 1180 846 «Deus
1202 802 1279 863 qui
1294 803 1459 863 justifi-

70 892 92 917 »
109 878 213 920 cat2.
223 892 244 916 »
260 877 318 920 Et
329 874 488 918 iterum
501 874 810 931 interrogetur,
821 891 841 915 α
856 872 962 926 Quis
975 882 1039 917 est
1049 872 1126 933 qui
1139 871 1457 919 condemnatP»

67 955 112 992 et
127 944 457 1007 respondeatur,
483 964 504 988 «
523 945 719 991 Christus
733 947 758 989 J
760 960 856 989 esus
869 945 946 1006 qui
962 953 1162 990 mortuus
1175 946 1273 990 est3.
1292 946 1461 1000 »Quod

67 1017 243 1062 credere
262 1017 367 1078 quia
396 1015 770 1061 dementissimum
801 1025 866 1061 est
881 1051 892 1072 ,
918 1016 977 1060 ita
999 1015 1384 1076 pronuntiabitur,
1409 1026 1462 1062 ut

65 1087 286 1149 praecedat
312 1088 605 1148 percontatio,
641 1095 849 1148 sequatur
870 1087 1166 1147 interrogatio.
1206 1090 1327 1133 Inter
1356 1104 1460 1149 per-

67 1160 364 1206 contationem
386 1169 532 1204 autem
560 1169 604 1205 et
624 1159 1014 1220 interrogationem
1034 1161 1120 1206 hoc
1143 1169 1309 1206 veteres
1342 1160 1460 1206 inte-

66 1247 180 1277 resse
200 1231 425 1287 dixerunt,
441 1232 563 1292 quod
585 1232 640 1276 ad
654 1233 1030 1293 percontationem
1046 1232 1189 1278 multa
1205 1234 1458 1293 responderi

65 1312 269 1364 possunt,
293 1302 349 1347 ad
376 1303 763 1361 interrogationem
783 1318 887 1348 vero
903 1339 913 1359 ,
940 1311 1015 1347 aut
1042 1306 1165 1358 Non,
1193 1313 1271 1348 aut
1292 1305 1452 1349 Etiam.

66 1374 428 1421 Pronuntiabitur
466 1389 569 1433 ergo
611 1373 694 1429 ita,
735 1383 787 1418 ut
824 1383 923 1434 post
958 1374 1335 1434 percontationem
1372 1392 1459 1437 qua

65 1447 272 1502 dicimus,
297 1464 318 1489 «
343 1445 450 1500 Quis
473 1445 702 1491 accusabit
730 1444 935 1491 adversus
963 1444 1124 1490 eleetos
1153 1447 1260 1491 Dei?
1297 1464 1318 1488 »
1349 1447 1461 1492 illud

65 1516 187 1580 quod
209 1517 408 1579 sequitur
426 1532 532 1562 sono
549 1516 856 1576 interrogantis
885 1517 1165 1573 enuntietur,
1195 1535 1215 1559 ‹<
1239 1520 1355 1563 Deus
1383 1520 1460 1580 qui

68 1607 89 1632 »
111 1589 350 1650 justificat?
371 1606 392 1631 »
412 1597 464 1634 ut
488 1589 618 1634 tacite
634 1587 972 1649 respondeatur,
996 1590 1095 1634 Non
1122 1607 1130 1634 :
1155 1591 1213 1633 Et
1229 1589 1334 1634 item
1355 1606 1458 1651 per-

65 1670 321 1718 contemur,
359 1680 381 1704 «
414 1661 520 1715 Quis
554 1670 618 1706 est
647 1660 722 1722 qui
749 1659 1053 1707 condemnat?
1082 1678 1104 1702 »
1128 1676 1365 1724 rursusque
1390 1664 1461 1708 in-

64 1744 360 1793 terrogemus,
405 1751 426 1775 «
457 1733 655 1778 Christus
693 1735 818 1778 Jesus
853 1733 929 1793 qui
961 1741 1160 1778 mortuus
1193 1742 1282 1790 est,
1321 1736 1456 1794 magis

69 1823 90 1849 »
111 1814 258 1850 autem
268 1804 346 1866 qui
363 1804 607 1860 resurrexit,
623 1804 699 1865 qui
718 1812 782 1848 est
795 1804 841 1847 in
862 1802 1039 1848 dextera
1055 1805 1149 1860 Dei,
1166 1804 1243 1866 qui
1265 1814 1309 1850 et
1325 1806 1457 1851 inter-

68 1894 90 1919 »
113 1875 248 1938 pellat
263 1891 343 1936 pro
363 1875 538 1921 nobis4?
558 1891 578 1916 υ
595 1883 646 1919 ut
657 1874 825 1935 ubique
844 1875 971 1919 tacite
989 1874 1317 1935 respendeatur,
1337 1879 1451 1923 Non.

65 1951 124 1994 At
142 1963 246 1993 vero
267 1946 344 1992 illo
363 1946 411 1991 in
431 1946 529 1992 loco
551 1946 631 1991 ubi
652 1946 734 2002 ait,
762 1965 783 1989 «
817 1946 936 2000 Quid
957 1961 1059 2006 ergo
1092 1945 1314 1993 dicemus?
1351 1949 1456 2010 quia

69 2039 90 2063 >¹
115 2028 263 2081 gentes
285 2035 385 2081 quae
402 2035 494 2065 non
517 2019 797 2064 sectabantur
811 2019 1042 2081 justitiam,
1068 2019 1455 2081 apprehenderunt

68 2108 90 2134 »
110 2091 367 2153 justitiam⁵,
395 2108 417 2132 »
442 2090 523 2135 nisi
536 2099 636 2151 post
655 2091 1035 2151 percontationem
1057 2107 1145 2152 qua
1166 2091 1336 2137 dictum
1362 2103 1451 2150 est,

70 2181 91 2206 «
107 2161 225 2216 Quid
237 2177 340 2222 ergo
354 2161 827 2223 dicemusP»responsio
839 2162 1092 2224 subjiciatur
1105 2179 1114 2205 :
1134 2162 1272 2218 «Quia
1285 2174 1450 2224 gentes,

71 2253 90 2275 »
114 2249 215 2295 quae
243 2248 335 2278 non
358 2233 638 2278 sectabantur
655 2234 885 2294 justitiam,
913 2234 1298 2295 apprehenderunt
1320 2237 1452 2297 justi-

70 2321 92 2346 »
109 2304 217 2349 tiam
228 2339 240 2361 ,
257 2322 278 2346 »
293 2312 434 2351 textus
446 2320 715 2366 consequens
726 2321 816 2350 non
828 2306 1080 2352 cohaerebit.
1095 2306 1299 2361 Qualibet
1311 2316 1457 2353 autem

69 2391 175 2421 voce
185 2376 494 2436 pronuntietur
508 2375 619 2420 illud
632 2375 752 2437 quod
763 2376 1005 2422 Nathanae'l
1020 2376 1141 2433 dixit,
1160 2397 1181 2421 «
1194 2381 1232 2423 A
1243 2379 1456 2425 Nazareth

116 2491 127 2507 ¹
148 2487 238 2518 Rom.
260 2496 329 2527 vni,
347 2485 399 2518 33.
422 2502 463 2509 —
485 2493 497 2509 ²
517 2485 600 2519 Ibid.
622 2503 663 2508 —
686 2484 792 2519 3lbid.
815 2485 867 2528 34.
895 2503 936 2509 -
953 2485 969 2516 4
988 2486 1068 2519 Ibid.
1090 2504 1131 2510 —-
1147 2486 1161 2509 5
1180 2488 1228 2521 m.
1247 2498 1279 2520 ix
1298 2488 1350 2521 30.
