1854 3219
345 221 398 245 DE
429 220 580 245 θΕΝΕει
612 217 667 243 AD
699 216 932 253 Ll's'sERAM,
957 218 1038 242 Lm.
1077 218 1134 241 vl.
1350 204 1432 241 337

51 285 162 328 sicut
188 283 279 328 dies
308 284 398 343 ipse
426 282 624 342 primitus
656 280 796 325 factus
824 290 913 335 est,
951 281 1062 324 sicut
1086 281 1432 334 firmamentum,

51 355 165 399 sicut
185 363 300 398 terra
323 363 367 397 ct
400 368 532 397 mare.
558 354 710 411 Neque
732 351 848 394 enim
876 351 970 394 haec
999 350 1183 394 dicenda
1212 360 1314 395 sunt
1336 359 1438 393 ante

52 425 98 469 in
119 425 382 486 quibusdam
403 423 650 484 primordiis
666 424 757 482 jam
779 421 891 465 facta
915 422 1087 466 latuisse
1103 457 1113 477 ,
1137 437 1187 465 ac
1212 421 1370 466 deinde
1393 422 1439 465 in

54 498 166 541 hanc
185 496 338 541 faciem
356 531 367 551 ,
393 511 479 556 qua
497 494 687 538 mundus
705 503 924 538 extructus
937 503 1021 549 est,
1042 509 1216 538 accessu
1235 493 1442 553 temporis

55 578 264 628 tanquam
291 576 439 611 exorta
472 566 703 611 claruisse:
737 564 813 610 sed
845 565 899 609 ab
924 565 1098 610 exordio
1132 564 1303 619 saeculi,
1341 580 1444 609 cum

56 639 196 684 factus
224 648 288 683 est
317 638 433 694 dies,
468 637 694 683 conditum
727 636 944 681 mundum
962 672 972 692 ,
1008 638 1053 680 in
1076 638 1198 697 cujus
1221 636 1445 680 elementis

58 709 187 758 simul
202 719 305 754 sunt
326 709 530 766 condita,
547 725 646 769 quae
667 717 766 768 post
789 723 962 753 accessu
984 709 1190 768 temporis
1209 708 1442 762 orirentur,

57 781 128 826 vel
146 779 354 836 frutecta,
368 779 440 824 vel
457 779 657 825 animalia
675 795 861 840 quaeque
878 779 1122 824 secundum
1142 795 1270 824 suum
1293 794 1445 839 genus.

59 855 166 898 Nam
189 866 270 896 nec
290 851 380 911 ipsa
408 849 549 895 sidera
582 850 853 895 credendum
885 860 950 895 est
980 850 1026 893 in
1048 849 1273 895 elementis
1294 850 1450 894 mundi

60 922 260 983 primitus
281 921 396 966 faeta
428 930 559 982 atque
591 921 813 966 recondita
829 957 840 977 ,
867 937 1040 966 accessu
1062 930 1211 981 postea
1242 921 1450 981 temporis

62 992 270 1048 extitisse,
301 1001 432 1052 atque
458 991 505 1035 in
531 992 607 1035 has
637 992 841 1036 enituisse
863 991 1024 1036 formas
1054 1008 1154 1052 quae
1176 992 1347 1037 coelitus
1368 991 1454 1035 ful-

65 1072 195 1123 gent,
228 1062 305 1107 sed
335 1062 412 1107 illo
434 1063 602 1107 senario
630 1062 907 1122 perfectionis
935 1079 1119 1108 numero
1150 1073 1295 1108 creata
1323 1063 1455 1107 simul

64 1133 209 1179 omnia
225 1167 236 1189 ,
261 1148 364 1178 cum
385 1131 526 1178 factus
548 1142 612 1177 est
634 1133 739 1177 dies.
767 1136 924 1178 Utrum
949 1150 1052 1193 ergo
1076 1134 1137 1178 sic
1160 1143 1204 1178 ct
1224 1135 1356 1178 homo
1376 1134 1456 1178 ista

59 1206 150 1265 jam
167 1204 309 1264 specie
325 1205 474 1264 quain
491 1219 567 1248 sua
586 1213 741 1248 natura
755 1204 882 1259 vivit,
901 1213 945 1248 ct
962 1206 1051 1264 agit
1065 1206 1152 1249 sive
1167 1205 1351 1260 bonum,
1370 1205 1458 1248 sivc

65 1274 252 1330 malum,
276 1290 332 1318 an
354 1274 504 1333 etipse
526 1274 572 1317 in
592 1273 765 1318 occulto
786 1275 897 1318 sicut
915 1273 1087 1321 foenum
1110 1276 1200 1333 agri
1224 1284 1460 1336 antequam

67 1355 269 1390 exortum
289 1353 374 1400 est,
395 1353 445 1388 ut
465 1345 549 1388 hoc
569 1344 608 1388 ei
625 1355 722 1404 post
738 1355 848 1389 essct
865 1361 1039 1391 accessu
1054 1346 1260 1406 temporis
1282 1346 1456 1401 exoriri,

69 1414 190 1478 quod
212 1414 267 1460 de
289 1414 468 1476 pulvere
489 1413 630 1460 factus
646 1425 725 1460 est.

73 1548 554 1567 mmmmmumwvmmm
558 1549 1463 1568 MMWMWWWUWUGWWOEMNUUMRIVMMMMMQVW

613 1661 829 1711 CAPUT
867 1665 887 1710 I
896 1664 937 1710 Ι.

77 1784 172 1830 Res
206 1782 492 1844 exploratur
520 1798 584 1827 ex
608 1791 838 1828 contexta
859 1782 1123 1843 Serz'ptaroe
1147 1785 1322 1844 eapitis
1355 1793 1394 1840 1,
1415 1790 1469 1828 26

654 1852 911 1899 Geneseos.

143 1982 225 2024 III.
242 1982 502 2024 Acc11>1AMns
518 1993 619 2037 ergo
637 1994 738 2023 eum
756 1987 875 2024 sexto
895 1979 987 2039 ipso
1005 1978 1075 2023 die
1092 1979 1137 2022 in
1153 1980 1235 2023 hac
1247 1981 1474 2039 perspicua

81 2048 492 2110 visibiliqueforma
513 2047 568 2093 de
588 2048 696 2094 limo
719 2049 926 2105 finctum,
948 2048 1023 2094 sed
1051 2058 1155 2094 tunc
1178 2066 1268 2094 non
1291 2066 1475 2095 comme-

83 2130 302 2166 moratum
328 2119 448 2181 quod
479 2136 598 2165 nunc
622 2121 953 2180 recapitulando
975 2121 1236 2177 insinuatur,
1263 2132 1306 2167 et
1324 2123 1475 2168 videa-

85 2207 182 2241 mus
206 2200 355 2235 utrum
380 2190 611 2235 nobiscum
637 2191 728 2251 ipsa
748 2192 968 2251 Scriptura
989 2193 1239 2237 concordet.
1273 2193 1340 2238 Sic
1362 2204 1479 2239 certe

85 2263 298 2322 scriptum
322 2270 407 2317 est,
441 2277 541 2306 cum
572 2260 715 2306 adhuc
750 2262 836 2306 dici
869 2264 978 2307 sexti
1007 2279 1135 2323 opera
1169 2275 1475 2311 narrarentur:

94 2354 114 2376 α
148 2337 206 2378 Et
234 2333 342 2382 dixit
361 2337 503 2378 Deus:
529 2334 757 2378 Faciamus
779 2334 1001 2378 hominem
1025 2335 1081 2379 ad
1104 2335 1337 2394 imaginem
1350 2347 1401 2381 'ct
1423 2339 1482 2382 si-

96 2423 118 2446 »
152 2402 447 2448 militudinem
481 2413 700 2458 nostram,
735 2413 778 2447 et
809 2404 969 2449 habeat
1007 2415 1266 2465 potestatem
1299 2407 1484 2467 piscium

99 2494 120 2517 »
154 2474 284 2519 maris
299 2483 343 2518 et
357 2474 603 2519 volatilium
625 2474 742 2529 coeli,
765 2484 808 2518 et
826 2476 1023 2520 omnium
1039 2493 1262 2536 pecorum,
1287 2488 1330 2522 et
1347 2481 1486 2525 omnis

101 2564 121 2588 »
156 2555 304 2602 terrae,
339 2555 382 2590 et
410 2546 607 2591 omnium
629 2546 874 2605 repentium
890 2581 901 2603 ,
936 2564 1036 2608 quae
1059 2558 1218 2608 repunt
1239 2565 1369 2610 super
1396 2561 1485 2596 ter-

261 2629 369 2660 cxu.
1246 2623 1299 2661 <22
