1854 3219
364 233 419 259 DE
451 231 603 260 GENESI
635 228 690 258 AD
723 229 965 270 LlTTEnAM‚
1002 233 1084 259 Lm.
1121 233 1163 258 x.
1370 219 1452 259 483

69 298 168 342 Non
200 296 317 341 enim
345 312 422 357 per
445 297 557 341 hanc
591 296 772 355 gratiam
803 295 905 340 fidei
933 312 1114 357 corpora
1139 305 1285 341 nostra
1312 305 1455 340 creata

69 366 140 413 vel
160 368 261 413 ficta
281 383 510 428 possumus
526 367 791 426 intelligere,
810 367 886 412 sed
907 368 1017 413 sicut
1034 369 1081 412 in
1100 368 1270 413 Psalmo
1292 367 1457 413 dictum

69 447 134 483 est
160 458 168 483 :
198 457 220 482 «
243 440 330 484 Cor
349 436 566 482 mundum
587 453 684 482 crea
704 437 752 481 in
772 453 843 482 me
859 473 869 493 ,
895 441 1009 482 Deus
1023 440 1053 482 ¹.
1077 457 1097 480 »

128 510 208 552 XI.
251 508 365 553 Hinc
392 507 523 553 etiam
549 506 661 552 illud
693 523 781 552 esse
812 517 951 568 puto:
976 509 1062 562 Qui
1093 508 1218 552 finxit
1256 509 1457 568 spiritum

68 579 259 624 hominis
286 579 333 623 in
354 580 447 640 ipso
463 615 474 635 ,
505 589 716 640 tanquam
740 578 860 623 aliud
882 580 934 624 sit
955 579 1114 624 factam
1143 579 1332 624 animam
1353 580 1458 624 mit-

69 659 182 707 tere,
214 649 335 695 aliud
357 650 403 695 in
430 650 524 711 ipso
544 650 722 695 homine
743 648 883 695 facere
899 686 909 705 ‚
935 650 981 695 id
1003 660 1068 695 est
1082 686 1093 707 ,
1118 650 1295 695 reficere
1318 666 1366 694 ac
1390 666 1458 694 re-

69 737 245 768 novare.
266 722 350 767 Sed
363 723 492 767 etiam
512 723 594 768 hoe
611 720 645 766 si
662 738 752 767 non
769 722 823 766 de
842 723 994 781 gratia,
1014 722 1059 766 in
1073 739 1159 783 qua
1176 737 1454 778 renovamur,

69 792 147 838 sed
161 793 216 837 de
233 801 388 838 natura
406 793 452 837 in
464 809 549 854 qua
571 793 787 838 nascimur
804 792 1097 852 intelligamus
1112 830 1122 849 ⁷
1149 793 1204 838 ad
1226 803 1459 853 utramque

70 865 330 910 sententiam
349 865 451 910 duci
468 874 610 925 potest
628 880 636 906 :
657 865 758 926 quia
776 863 915 909 velex
931 881 1019 909 una
1036 864 1109 910 illa
1122 865 1251 925 primi
1271 865 1460 910 hominis

71 945 282 998 tanquam
303 952 451 981 semen
473 937 628 981 animae
651 945 883 981 attractum
903 937 995 996 ipse
1028 936 1154 996 fingit
1176 937 1221 980 in
1249 936 1426 981 homine
1445 972 1457 991 ,

71 1015 122 1051 ut
141 1005 330 1052 vivificet
351 1023 506 1068 corpus
523 1027 533 1063 3
558 1007 646 1052 sive
663 1007 862 1066 spiritum
877 1007 979 1052 vitae
995 1042 1005 1060 ,
1028 1023 1119 1051 non
1140 1022 1192 1051 ex
1209 1006 1283 1050 illa
1300 1022 1462 1066 propa-

72 1077 171 1137 gine
186 1112 198 1132 ,
224 1076 300 1122 sed
322 1076 498 1122 aliunde
519 1077 692 1138 corpori
713 1075 907 1121 infusum
923 1113 933 1133 ‚
953 1077 1035 1138 ipsi
1060 1077 1211 1121 itidem
1234 1077 1360 1135 fingit
1383 1092 1458 1136 per

72 1147 275 1192 mortales
297 1162 445 1192 sensus
466 1147 606 1192 carnis
621 1184 632 1204 ‚
651 1157 701 1193 ut
722 1148 799 1193 fiat
819 1149 952 1193 homo
970 1148 1015 1192 in
1038 1148 1226 1192 animam
1239 1148 1397 1192 vivam.

73 1303 1462 1322 ΜΜΜΜΜΜΜΜΜΜΜΜΜΜΜῚΜἏΜΜΜΜΜἋΜΜΜΜἏ

565 1414 782 1464 CAPUT
832 1417 940 1465 Vll.

152 1560 264 1608 Utri
281 1563 499 1624 opinioni
507 1563 682 1623 ftweat
703 1560 855 1617 illad;
874 1563 1060 1609 Sortitus
1082 1579 1179 1608 sum
1201 1564 1404 1609 animam'

680 1634 858 1679 bonam.

80 1808 87 1813 .
132 1771 235 1814 XII.
263 1773 398 1815 ILLUD
419 1785 521 1815 sane
539 1770 593 1815 de
609 1769 721 1815 libro
741 1770 994 1830 Sapientiae,
1020 1770 1098 1815 ubi
1116 1772 1200 1816 ait:
1231 1792 1250 1814 «
1278 1772 1464 1817 Sortitus

77 1859 98 1883 »
133 1856 228 1885 sum
248 1841 439 1886 animam
461 1841 623 1887 bonam
640 1877 650 1898 ‚
669 1851 712 1886 et
728 1857 829 1886 cum
846 1857 982 1886 essem
1010 1843 1146 1901 magis
1168 1843 1333 1898 bonus,
1364 1845 1464 1888 veni

76 1931 98 1955 »
134 1913 190 1958 ad
211 1929 368 1974 corpus
386 1913 808 1974 incoinquinatum2‚
827 1932 847 1955 »
868 1913 1192 1974 diligentiorem
1212 1915 1461 1960 considera-

75 1985 237 2030 tionem
252 1985 434 2045 flagitat.
460 1986 595 2043 Magis
617 1987 735 2029 enim
752 1985 925 2031 videtur
943 1987 1134 2030 attestari
1148 1986 1360 2046 opinioni,
1377 2003 1464 2048 qua

74 2073 165 2102 non
197 2073 248 2102 ex
278 2073 365 2102 una
395 2057 653 2117 propagari,
688 2058 764 2102 sed
795 2057 982 2118 desuper
1013 2057 1168 2102 animae
1190 2059 1337 2103 venire
1369 2074 1465 2103 cre—

75 2126 243 2172 duntur
275 2127 332 2173 ad
362 2144 559 2188 corpora.
599 2130 911 2172 Verumtamen
943 2128 1052 2189 quid
1083 2138 1146 2173 est
1175 2148 1183 2173 z
1223 2149 1243 2171 «
1281 2130 1464 2174 Sortitus

78 2215 101 2240 »
134 2214 231 2243 sum
262 2199 452 2243 animam
490 2197 685 2244 bonam?
718 2216 739 2239 »
772 2198 895 2258 quasi
933 2208 1009 2244 aut
1038 2199 1085 2242 in
1115 2198 1191 2244 illo
1222 2200 1466 2244 animarum

75 2266 214 2324 fonte,
239 2269 273 2313 si
293 2268 408 2313 ullus
430 2277 516 2324 est,
538 2268 633 2312 aliae
655 2269 739 2313 sint
755 2269 910 2313 animae
929 2269 1074 2324 bonae,
1094 2269 1188 2314 aliae
1205 2287 1295 2315 non
1317 2271 1462 2326 bonae,

76 2355 177 2399 quae
195 2348 309 2383 sorte
325 2337 516 2399 quadam
538 2347 706 2394 exeant,
727 2355 930 2399 quaenam
948 2339 1018 2383 eui
1036 2340 1204 2384 homini
1221 2341 1464 2399 tribuatur3

78 2400 154 2455 aut
190 2409 292 2455 alias
329 2413 443 2454 Deus
475 2409 531 2455 ad
560 2410 713 2454 horam
744 2419 1056 2471 conceptorum
1088 2411 1158 2456 vel
1195 2413 1464 2458 nascentium

78 2479 209 2527 faciat
228 2481 390 2537 bonas,
424 2480 526 2526 alias
554 2496 644 2525 non
676 2480 837 2536 bonas⁷
871 2497 1056 2542 quarum
1088 2482 1274 2545 quisque
1305 2483 1466 2528 habeat

128 2578 230 2612 ¹Psal.
246 2590 276 2621 1,,
301 2586 350 2611 12.
373 2595 413 2601 -
434 2585 447 2601 ²
469 2580 543 2620 Sap.
565 2588 634 2620 vm,
660 2588 712 2620 ¹9·

1213 2637 1277 2674 31.
