1854 3219
359 224 413 251 DE
444 222 594 251 GENEs1
628 221 682 250 An
715 222 955 262 mmmmm,
981 226 1061 252 Lm.
1100 226 1142 251 x.
1363 211 1447 251 497

64 296 336 334 sacramento
357 287 606 334 Mediatoris
628 288 853 349 expietur3
885 290 1012 350 eique
1035 289 1242 335 divinitus
1263 289 1346 335 hoc
1369 304 1451 333 au-

63 358 217 404 xilium
238 359 462 420 procurari
478 393 490 414 ‚
510 374 644 420 quam
661 362 775 404 Deus
797 361 983 420 praesciit
997 396 1008 417 ,
1029 361 1064 405 si
1085 375 1224 422 usque
1239 359 1295 405 ad
1316 375 1451 405 annos

64 429 168 474 fidei
196 445 412 490 congruos
446 430 519 475 hic
552 429 741 487 viveret}
776 431 847 491 pie
879 430 1011 477 fuisse
1042 433 1282 487 victuram,
1317 447 1452 493 quam

64 509 243 561 propter
259 500 427 564 aliquid
442 502 563 562 quod
579 501 669 562 ipse
683 502 805 548 novit
815 537 826 558 ,
841 511 885 547 et
901 503 1020 548 nasci
1035 503 1174 549 voluit
1191 502 1237 547 in
1251 518 1449 563 corpore,

64 579 110 616 et
131 571 219 617 cito
251 572 434 618 extraxit
460 588 484 617 e
511 588 692 634 corpore
719 592 729 619 z
765 590 866 619 cum
899 590 1001 635 ergo
1034 575 1129 619 haec
1156 573 1449 635 respondent,

65 641 175 703 quid
189 642 250 687 eis
271 641 510 689 contradici
530 653 694 704 potest,
720 644 801 689 nisi
823 645 1010 691 incertos
1032 660 1112 691 nos
1130 660 1283 690 eorum
1305 644 1454 689 salutis

66 713 160 758 fieri
175 714 287 792 ‚qni
307 715 389 760 hac
410 715 500 760 vita
518 715 632 760 bene
657 725 796 775 gesta,
824 715 870 760 in
890 715 1095 761 Ecclesiae
1122 732 1228 795 pace
1254 715 1454 761 defuncti

66 794 195 843 sunt3
228 785 264 830 si
289 801 379 830 non
405 784 546 830 solum
579 785 821 832 secundum
852 786 900 831 id
933 785 1056 847 quod
1097 788 1282 848 quisque
1323 787 1452 842 vixit,

67 856 352 902 verumetiam
386 842 629 902 secundum
665 856 711 901 id
743 856 865 918 quod
904 857 1099 902 victurus
1126 867 1258 913 esset,
1290 858 1325 902 si
1361 872 1456 901 am-

66 927 179 988 plius
207 927 352 974 vivere
379 927 614 988 potuisset,
649 928 834 989 quisque
858 928 1122 989 judicandus
1146 931 1240 974 est?
1264 928 1460 989 quando-

68 998 249 1060 quidem
268 997 417 1045 valent
434 998 553 1059 apud
568 1002 709 1044 Deum
721 1000 874 1044 merita
886 1000 1015 1056 mala⁷
1041 1017 1131 1046 non
1157 1011 1329 1046 tantum
1350 1017 1460 1061 prae-

69 1070 320 1127 teritorum,
351 1069 428 1115 sed
460 1069 713 1115 futurorum
743 1070 875 1115 etiam
899 1070 1186 1127 delictorum,
1213 1088 1237 1116 a
1267 1088 1459 1132 quorum

69 1151 192 1186 reatu
224 1156 305 1186 nec
334 1157 450 1186 mors
477 1140 664 1197 liberat,
703 1141 739 1186 si
771 1151 1008 1203 antequam
1038 1141 1201 1187 fuerint
1234 1143 1462 1188 commissa

68 1212 344 1274 provenerit3
365 1227 445 1257 nec
468 1210 633 1273 aliquid
655 1212 694 1256 ei
716 1213 957 1272 praestitum
981 1222 1045 1258 est
1060 1248 1071 1269 ‚
1096 1214 1341 1274 quiraptus
1365 1224 1457 1271 est3

69 1299 126 1328 ne
142 1283 307 1328 malitia
325 1292 516 1328 mutaret
532 1281 803 1327 intellectum
826 1284 957 1343 ejus¹.
987 1287 1100 1328 Deus
1118 1284 1235 1328 enim
1257 1285 1461 1344 praescius

70 1353 186 1399 illius
202 1352 363 1399 futurae
380 1352 556 1398 malitiae
571 1388 582 1409 ,
603 1369 681 1398 eur
710 1369 800 1398 non
821 1369 922 1398 eum
954 1354 1196 1399 secundum
1219 1356 1358 1415 ipsam
1381 1345 1460 1415 po-

70 1425 156 1470 tius
171 1424 446 1485 judicaturus
468 1432 552 1479 est,
577 1424 611 1468 si
632 1423 855 1467 moriturae
878 1424 1034 1468 animae
1063 1424 1239 1470 infantis
1255 1461 1265 1481 ,
1297 1442 1353 1470 ne
1377 1427 1461 1471 ob·-

71 1505 180 1541 esset
216 1496 255 1540 ei
293 1511 345 1540 ex
376 1510 556 1555 corpore
594 1495 761 1554 peccati
801 1495 1059 1555 participata
1093 1496 1321 1553 colluvies‚
1362 1498 1462 1543 idco

72 1565 421 1613 subveniendum
438 1565 652 1626 judicavit
681 1580 757 1624 per
785 1565 1051 1625 baptismum
1068 1602 1078 1622 ,
1111 1559 1212 1627 quia
1248 1569 1464 1628 praescivit

74 1654 168 1684 eam
181 1673 192 1694 ,
212 1637 247 1682 si
262 1637 427 1683 viveret
441 1671 452 1692 ,
476 1636 547 1696 pie
568 1635 842 1697 fideliterque
859 1635 989 1680 fuisse
1011 1638 1256 1682 victuram?

131 1710 296 1754 XXIX.
328 1711 398 1753 An
423 1706 524 1751 ideo
560 1707 705 1766 potius
742 1704 879 1750 refelli
918 1707 1002 1751 hoc
1029 1707 1257 1753 inventum
1297 1719 1462 1769 potest,

75 1780 179 1841 quia
199 1794 348 1823 meum
369 1787 434 1822 est
457 1796 466 1822 :
489 1776 554 1821 illi
578 1785 724 1821 autem
746 1776 822 1836 qui
846 1775 902 1820 de
922 1777 1004 1821 hac
1026 1779 1239 1823 sententia
1262 1790 1400 1825 certos
1421 1797 1466 1825 se

13 1888 15 1896 .
76 1866 165 1896 esse
199 1850 487 1904 confirmant,
517 1847 600 1892 alia
636 1846 817 1892 fortasse
849 1846 1080 1907 proferunt
1113 1849 1184 1894 vel
1218 1852 1466 1896 testimonia

37 1921 51 1933 ⁵
80 1922 423 1982 Scripturarum‚
463 1918 535 1965 vel
567 1918 831 1964 documenta
868 1919 1116 1976 rationum,
1156 1922 1318 1982 quibus
1351 1924 1466 1968 hanc

79 1992 280 2039 auferant
311 1990 637 2049 ambiguitatem
653 2025 664 2046 ‚
704 1989 772 2035 vel
813 2000 928 2035 certe
970 1990 1202 2036 ostendant
1249 2009 1339 2039 non
1376 2009 1467 2039 esse

79 2074 231 2111 contra
242 2063 288 2108 id
304 2061 426 2124 quod
446 2062 641 2107 sentiunt
662 2059 774 2105 illud
789 2061 1014 2121 Apostoli,
1039 2078 1127 2123 quo
1151 2064 1353 2122 gratiam,
1379 2081 1468 2125 qua

18 2146 24 2189 ἶ
78 2136 186 2182 salvi
230 2135 460 2190 efficimur,
505 2147 662 2192 magna
705 2133 948 2178 intentione
992 2134 1326 2192 commendans,
1369 2137 1465 2181 ait:

83 2224 106 2250 »
143 2206 263 2252 Sicut
282 2205 329 2250 in
350 2203 491 2250 Adam
508 2219 658 2249 omnes
677 2203 940 2259 moriuntur,
961 2204 1020 2249 sic
1043 2214 1086 2250 et
1106 2205 1152 2249 in
1173 2206 1345 2251 Christo
1369 2223 1466 2252 om-

23 2291 27 2304 ·
85 2295 107 2319 »
141 2291 217 2321 nes
247 2275 586 2322 vivificabuntur
597 2277 630 2330 ²,
654 2292 674 2315 »
700 2282 776 2319 et:
815 2292 835 2316 «
862 2275 983 2320 Sicut
1015 2290 1093 2335 per
1126 2275 1467 2322 inobedientiam

86 2366 108 2391 »
142 2348 270 2392 unius
296 2346 484 2391 hominis
509 2354 758 2406 peccatoies
779 2345 1004 2390 constituti
1025 2355 1127 2391 sunt
1142 2347 1288 2403 multi,
1313 2349 1371 2393 sic
1391 2365 1469 2409 pei

29 2463 33 2476 y,
87 2435 110 2460 »
143 2408 436 2463 obedientiam
453 2416 582 2460 unius
600 2414 811 2460 hominis
795 2415 902 2476 justi
919 2417 1239 2462 constituentur
1252 2419 1423 2463 multi3.

29 2479 33 2495 ‘
85 2488 362 2550 Eosdemque
382 2486 543 2532 multos
564 2495 830 2548 peccatores,
852 2503 942 2532 non
963 2488 1225 2548 quibusdam
1255 2490 1441 2550 exceptis
1454 2525 1465 2544 ,

136 2580 144 2597 ¹
164 2576 237 2617 Sap.
252 2584 298 2615 iv,
318 2583 367 2604 11.
387 2588 429 2595 ·—-
445 2577 458 2595 ²
480 2582 492 2604 1
513 2573 585 2605 Cor.
599 2582 653 2613 xv,
673 2579 728 2603 22.
751 2587 793 2594 -
814 2570 826 2595 3
845 2574 935 2605 Rom.
958 2581 990 2614 v,
1017 2584 1066 2616 ¹9·

299 2637 404 2668 cxn.
1260 2630 1311 2669 32
