1854 3219
398 145 484 188 430
833 160 867 186 s.
903 156 1136 187 Aucusnm
1167 159 1350 188 EPISCOPI

398 311 468 327 m&
474 310 828 327 m5¹vmm5m12vm
834 311 1114 329 mms-stvwsmvn
1120 311 1473 329 MQWUMNBMNKMW!
1479 309 1790 328 wuwmwumvnm

897 433 1114 485 CAPUT
1148 438 1286 486 xvi·

517 591 782 638 Hominem
803 601 917 636 ante
939 591 1453 652 maliexperimentum.
1466 593 1678 653 potuisse

716 661 979 725 intelligere
999 662 1118 722 quad
1138 673 1260 708 esset
1278 662 1474 709 malum.

460 800 667 844 XXXIV.
699 802 764 844 ΕΤ
793 800 1043 861 quomodo⁷
1077 799 1309 860 inquiunt,
1345 798 1608 858 intelligeret
1632 799 1794 855 homo,

399 872 517 933 quod
560 872 598 916 ei
631 872 859 917 dicebatur
893 871 1062 931 lignum
1096 871 1403 930 dignoscentiae
1442 871 1547 915 boni
1584 880 1628 915 et
1663 871 1795 928 mali⁷

402 942 580 1004 quando
608 943 751 1003 ipsum
771 943 937 988 malum
959 942 1068 1003 quid
1096 952 1207 987 esset
1233 944 1411 987 omnino
1434 941 1683 986 nesciebat?
1706 944 1800 986 Hoc

399 1015 476 1075 qui
499 1015 676 1074 sapiunt
697 1030 854 1075 parum
878 1013 1114 1058 attcndunt
1132 1013 1507 1074 quemadmodum
1531 1030 1554 1057 a
1574 1014 1799 1057 contrariis

402 1087 517 1131 notis
538 1087 608 1130 ,sic
636 1087 845 1148 pleraque
881 1084 1184 1144 intelligantur
1212 1085 1359 1143 ignota
1380 1122 1390 1140 ‚
1426 1094 1477 1129 ut
1503 1085 1636 1128 etiam
1666 1084 1801 1130 verba

399 1173 546 1201 rerum
575 1174 674 1217 quae
704 1174 794 1202 non
826 1166 955 1211 sunt,
985 1172 1087 1200 cum
1114 1157 1160 1200 in
1188 1156 1412 1217 loquendo
1440 1156 1798 1215 interliminium,

403 1228 553 1272 nullus
586 1227 743 1287 caliget
776 1226 964 1271 auditor.
992 1229 1085 1272 Hoc
1109 1228 1225 1271 enim
1249 1229 1370 1288 quod
1393 1228 1572 1273 omnino
1595 1244 1685 1272 non
1713 1237 1797 1283 est,

398 1300 512 1346 nihil
540 1309 748 1345 vocatur:
775 1309 818 1343 et
840 1299 916 1343 has
946 1298 1053 1342 duas
1079 1299 1266 1357 syllabas
1295 1315 1425 1344 nemo
1447 1315 1537 1344 non
1568 1297 1798 1357 intelligit,

400 1371 480 1432 qui
497 1370 633 1415 latine
653 1370 775 1415 audit
794 1379 838 1414 et
854 1369 1065 1430 loquitur.
1085 1369 1211 1414 Unde
1229 1371 1311 1414 nisi
1329 1386 1431 1415 cuin
1443 1386 1591 1414 sensus
1608 1370 1804 1414 intuetur

399 1441 444 1486 id
470 1441 593 1503 quod
622 1450 684 1486 est
698 1478 708 1498 ‚
735 1451 779 1485 et
796 1443 886 1503 ejus
906 1441 1152 1501 privatione
1175 1440 1283 1502 quid
1306 1442 1436 1486 etiam
1459 1457 1549 1486 non
1571 1441 1623 1486 sit
1645 1456 1802 1499 agnos-

400 1513 489 1558 cit?
515 1514 583 1558 Sic
612 1522 655 1556 et
676 1514 806 1557 inane
830 1527 930 1556 cum
955 1510 1130 1567 dicitur,
1157 1512 1372 1556 intuendo
1396 1513 1588 1572 corporis
1610 1511 1804 1572 plenitu-

400 1583 549 1628 dinem
566 1619 576 1638 ‚
601 1584 845 1643 privatione
875 1584 967 1643 ejus
988 1591 1200 1642 tanquam
1229 1583 1445 1627 contraria
1460 1619 1470 1638 ‚
1502 1582 1610 1643 quid
1632 1583 1804 1628 dicatur

400 1655 530 1700 inane
556 1654 840 1714 intelligimus
866 1674 875 1699 ε
908 1654 1020 1698 sicut
1055 1653 1262 1698 audiendi
1292 1670 1420 1698 sensu
1450 1671 1540 1699 non
1576 1655 1717 1699 solum
1750 1656 1805 1701 de

401 1726 585 1772 vocibus
602 1761 612 1781 ,
638 1725 925 1769 verumetiam
951 1723 1006 1768 de
1038 1724 1210 1768 silentio
1244 1724 1496 1784 judicamus
1520 1744 1529 1770 ι
1555 1726 1615 1769 sic
1642 1742 1693 1770 ex
1716 1727 1805 1772 vita

401 1813 502 1858 quae
520 1797 661 1840 inerat
677 1795 868 1850 homini,
887 1803 1031 1855 posset
1053 1795 1144 1855 ejus
1165 1810 1317 1839 cavere
1340 1796 1606 1841 contrarium
1622 1833 1632 1853 ‚
1656 1797 1701 1841 id
1723 1807 1819 1854 cst⁷¹

401 1867 503 1913 vitae
521 1867 811 1928 privationem
826 1881 926 1926 quae
944 1881 1059 1909 mors
1078 1875 1261 1910 vocatur
1278 1883 1287 1907 t
1310 1876 1353 1911 et
1371 1867 1506 1927 ipsam
1526 1884 1700 1912 causam
1718 1885 1806 1930 qua

402 1937 605 2000 perderet
628 1937 750 1998 quod
773 1937 972 1992 amabat,
1000 1935 1046 1981 id
1079 1946 1164 1992 est,
1196 1937 1427 1998 quodlibet
1459 1938 1627 1983 factum
1649 1955 1799 1996 suum,

402 2027 493 2071 quo
512 2010 635 2054 fieret
657 2018 707 2053 ut
729 2009 948 2052 amitteret
969 2007 1105 2052 vitam
1124 2044 1134 2064 ‚
1161 2008 1434 2069 quibuslibet
1456 2010 1633 2068 syllabis
1656 2011 1806 2072 appel-

403 2082 582 2138 laretur,
608 2080 985 2142 quemadmodum
1007 2078 1142 2124 latine
1165 2097 1268 2125 cum
1293 2081 1453 2126 dicitur
1483 2092 1713 2142 peccatum
1736 2082 1807 2128 vel

404 2152 597 2208 malum,
630 2161 842 2212 tanquam
871 2151 1044 2210 signum
1074 2152 1166 2212 ejus
1194 2151 1479 2211 intelligeret,
1511 2153 1633 2214 quod
1660 2164 1807 2199 mente

405 2223 684 2268 discerneret.
706 2225 793 2268 Nos
811 2221 928 2265 enim
951 2221 1178 2281 quomodo
1196 2222 1479 2282 intelligimus
1497 2259 1507 2279 ‚
1529 2241 1630 2268 cum
1648 2223 1808 2269 dicitur

404 2294 663 2341 resurrectio
677 2330 688 2350 ‚
721 2309 854 2354 quam
879 2308 1111 2353 nunquam
1134 2294 1302 2354 experti
1323 2297 1506 2340 sumus?
1527 2298 1682 2341 Nonne
1704 2296 1809 2356 quia

406 2366 618 2411 sentimus
636 2364 744 2426 quid
765 2365 819 2409 sit
841 2364 986 2409 vivere
1003 2400 1013 2419 ‚
1042 2374 1085 2408 ct
1107 2365 1197 2424 ejus
1220 2365 1280 2408 rei
1298 2365 1585 2425 privationem
1601 2381 1806 2411 vocamus

406 2447 616 2493 mortem,
641 2435 760 2481 unde
786 2435 976 2480 reditum
994 2434 1049 2480 ad
1064 2435 1110 2480 id
1128 2436 1249 2497 quod
1267 2437 1500 2493 sentimus,
1531 2439 1807 2482 resurrectio-

408 2525 511 2557 nem
543 2506 844 2569 appellamus?
873 2516 917 2552 et
944 2507 982 2551 si
1013 2522 1102 2566 quo
1131 2506 1216 2552 alio
1249 2508 1426 2553 nomine
1448 2509 1495 2554 in
1527 2525 1805 2570 quacumque
