1854 3219
359 169 409 206 16
784 174 817 202 S.
856 174 1085 203 Attcvsnm
1119 175 1300 203 Emscom

358 245 580 303 Scriptura
602 242 672 286 vel
695 242 965 302 prseceperit‚
990 241 1111 302 quod
1135 242 1342 285 abhorret
1377 254 1401 283 a
1428 235 1748 283 consuetudine

357 314 642 368 audientium,
659 311 729 357 vel
751 311 872 372 quod
889 327 978 356 non
997 312 1203 356 abhorret
1219 309 1476 370 culpaverit,
1494 308 1529 352 si
1553 307 1750 351 animum

355 400 507 429 eorum
528 385 620 444 jam
641 383 764 428 verbi
786 382 927 427 vinxit
948 383 1203 437 auctoritas,
1230 382 1461 440 figuratam
1482 378 1750 424 locutionem

357 464 530 516 putent.
548 458 643 499 Non
663 463 807 498 autem
827 454 1026 514 praecipit
1045 454 1266 513 Scriptura
1286 451 1367 496 nisi
1380 450 1653 504 charitatem,
1667 462 1749 492 nec

358 524 507 585 culpat
530 524 610 569 11151
641 523 948 584 cupiditatem:
974 534 1016 568 et
1039 540 1089 568 co
1120 524 1250 568 modo
1277 522 1484 567 informat
1503 535 1643 565 morcs
1664 519 1749 564 110-

359 597 543 641 11111111111.
573 599 682 640 110111
721 596 753 639 51
786 596 981 639 animum
1016 594 1341 655 praeoccupavit
1378 592 1558 653 alicujus
1594 589 1750 635 erroris

320 717 328 725 q
360 669 524 729 opinio,
538 666 755 727 quidquid
769 666 894 711 aliter
912 667 1140 712 asseruerit
1154 667 1390 725 Scriptura,
1412 666 1647 724 figuratum
1669 663 1752 706 ho-

364 741 498 783 mines
529 738 810 782 arbitrantur.
839 741 937 784 Non
961 747 1107 783 autem
1139 738 1287 782 asserit
1315 736 1394 780 nisi
1417 734 1676 780 catholicam
1698 733 1754 777 fi-

363 810 479 865 dem,
506 810 636 854 rebus
659 810 888 870 praeteritis
909 819 952 853 ct
975 809 1132 854 l'uturis
1155 819 1199 853 et
1228 807 1530 869 przesentibus.
1555 806 1756 850 Praeteri·-

362 892 509 926 torum
531 880 723 925 narratio
748 890 828 936 est,
854 881 1106 926 futurorum
1123 879 1450 940 praenunfiafio,
1475 877 1756 938 praesentium

366 952 696 997 demonstratio.
721 951 805 996 Sed
827 952 974 997 onmia
996 952 1090 996 haec
1112 950 1168 995 ad
1180 951 1378 995 eamdem
1394 949 1649 994 charitatem
1669 963 1757 991 nu-

365 1023 580 1068 triendam
595 1033 725 1083 atque
740 1021 1127 1079 corroborandam,
1144 1031 1188 1068 et
1201 1019 1485 1082 cupiditatem
1495 1017 1759 1067 vincendam

364 1103 497 1154 atquc
519 1093 859 1152 extinguendam
881 1092 1041 1138 valent.

423 1168 543 1210 XVI.
562 1166 831 1211 Chai-itatem
852 1182 962 1210 voco
984 1175 1156 1210 motum
1178 1165 1312 1209 animi
1335 1163 1645 1209 adfruendum
1668 1164 1760 1207 Deo

366 1245 544 1296 propter
567 1239 709 1296 ipsum
724 1271 734 1291 ,
760 1245 804 1280 et
832 1252 875 1281 se
899 1245 1031 1295 atque
1050 1237 1249 1295 proximo
1275 1244 1454 1295 propter
1481 1238 1636 1279 Deum.
1667 1235 1761 1279 Cu-

364 1306 591 1367 piditatem
612 1316 758 1351 autem
776 1316 947 1351 motum
964 1307 1098 1350 animi
1116 1306 1172 1350 ad
1186 1305 1422 1350 fruendum
1438 1321 1482 1350 se
1499 1314 1542 1349 et
1564 1304 1762 1365 proximo

365 1389 409 1424 et
431 1379 632 1439 quolibet
654 1394 835 1438 corpore
859 1394 948 1423 non
973 1387 1153 1437 propter
1174 1381 1330 1421 Deum.
1358 1377 1489 1431 Quod
1510 1386 1656 1421 autem
1675 1377 1764 1435 agit

366 1450 580 1495 indomita
602 1449 820 1509 cupiditas
843 1449 900 1494 ad
922 1449 1296 1509 corrumpendum
1321 1449 1515 1493 animum
1543 1458 1586 1493 et
1607 1464 1766 1508 eorpus

367 1538 523 1578 suum,
564 1521 783 1580 flagitium
818 1531 1002 1567 vocatur
1030 1524 1062 1565 ‘¹.
1099 1521 1230 1574 Quod
1265 1529 1412 1565 autem
1435 1521 1524 1580 agit
1558 1529 1609 1565 111
1642 1519 1767 1565 alteri

371 1603 554 1649 noceat,
580 1591 748 1637 facinus
778 1592 951 1637 dieitur.
980 1594 1036 1636 Et
1052 1592 1146 1646 haec
1169 1601 1272 1636 sunt
1291 1590 1379 1637 duo
1395 1607 1553 1651 genera
1566 1592 1766 1637 omnium

371 1673 654 1725 pcccatorum
683 1683 690 1707 ;
733 1663 809 1707 sed
842 1663 1003 1721 flagitia
1031 1662 1176 1722 priora
1206 1672 1322 1707 sunt.
1359 1665 1468 1717 Quae
1489 1679 1590 1708 011111
1617 1663 1767 1708 exina-

370 1736 559 1780 niverint
581 1735 793 1789 animum,
815 1744 858 1779 ct
880 1735 936 1779 ad
949 1734 1188 1796 quamdam
1209 1744 1443 1794 egestatem
1461 1735 1765 1795 perduxerint,

370 1807 416 1850 iu
432 1805 623 1850 facinora
639 1805 888 1866 prosilitur,
915 1821 1004 1865 quo
1027 1815 1334 1850 removeantur
1350 1805 1662 1865 impedimenta
1684 1807 1767 1851 ssa—

374 1877 596 1936 gitiorum,
613 1885 689 1920 aut
713 1876 964 1935 adjumenta
987 1886 1255 1935 quaerantur.
1277 1880 1388 1921 Item
1404 1875 1526 1937 quod
1552 1878 1642 1936 agit
1662 1879 1769 1923 cha-

373 1948 495 2003 ritas,
522 1963 611 2008 quo
635 1946 717 1991 sibi
745 1947 904 2005 prosit,
931 1946 1094 1992 utilitas
1117 1957 1179 1991 est
1212 1966 1221 1992 :
1252 1947 1373 2008 quod
1401 1957 1547 1992 autem
1575 1948 1688 2007 agit,
1718 1958 1770 1995 ut

372 2018 510 2079 prosit
535 2017 732 2077 proximo
748 2052 759 2071 ,
787 2017 1074 2061 beneficentia
1103 2018 1367 2062 nominatur.
1393 2020 1451 2062 Et
1472 2019 1542 2063 hic
1561 2019 1770 2078 praecedit

376 2090 539 2135 utilitas
557 2111 568 2147 3
588 2089 691 2149 quia
708 2104 837 2134 nemo
860 2098 1003 2149 potest
1022 2105 1073 2134 ex
1089 2105 1140 2135 eo
1154 2090 1276 2150 quod
1287 2106 1377 2135 non
1388 2090 1523 2135 habet
1537 2126 1548 2147 ,
1565 2092 1769 2151 prodesse

376 2161 516 2206 alteri.
548 2162 722 2213 Quanto
753 2169 900 2205 autem
928 2161 1065 2220 magis
1088 2176 1273 2221 regnum
1303 2161 1554 2222 cupiditatis
1581 2161 1770 2209 destrui-

375 2242 470 2288 tur,
498 2240 618 2276 tanto
631 2232 849 2276 charitatis
866 2242 1065 2291 augetur.

423 2335 433 2353 ¹
452 2340 465 2362 1
489 2330 578 2362 Sent.
596 2328 669 2363 dist.
686 2341 765 2373 xvn,
783 2341 813 2365 c.
836 2330 925 2370 Quod
943 2334 1050 2364 autem
1065 2329 1232 2375 Flagitium
1250 2337 1284 2365 et
1298 2331 1381 2375 quod
1399 2332 1543 2367 Facinus.
