1854 3219
326 257 380 284 DE
411 257 562 284 GENESI
594 254 650 283 An
682 254 924 296 mmmmm,
961 255 1042 282 ΠΒ.
1079 255 1159 281 xn.
1352 243 1434 283 603

54 319 177 382 quod
197 335 354 380 corpus
370 335 498 364 sensu
515 320 706 379 corporis
728 319 959 378 tangimuS,
986 328 1029 363 et
1045 319 1253 363 continuo
1275 317 1438 364 forma-

54 401 127 437 tur
153 393 246 453 ejus
280 390 517 436 similitudo
544 390 590 434 in
617 391 769 450 spiritu
785 425 796 445 ‚
828 390 1122 449 memoriaque
1154 389 1434 449 reconditur3

52 462 140 507 sive
161 476 264 506 cum
285 461 478 505 absentia
501 475 682 520 corpora
701 461 792 521 jam
819 469 923 504 nota
943 460 1206 519 cogitamus,
1233 469 1283 504 ut
1304 476 1356 504 ex
1378 460 1437 504 eis

52 532 266 578 formetur
304 532 485 593 quidam
512 531 711 591 spiritalis
740 541 936 591 aspectus
953 566 964 586 ,
1000 546 1098 591 quae
1119 532 1211 590 jam
1239 540 1362 575 erant
1390 531 1437 574 in

52 603 207 663 spiritu
221 612 267 647 et
288 612 524 663 antequam
545 618 594 647 ea
611 602 898 659 cogitaremus
914 623 925 660 3
950 602 1037 646 sive
1054 617 1155 646 eum
1177 617 1327 645 eorum
1345 617 1439 646 cor-

50 690 231 735 porum,
256 690 355 734 quae
384 690 475 718 non
496 673 717 727 novimus,
751 672 825 716 sed
854 682 1000 716 tamen
1030 688 1118 717 esse
1146 687 1235 716 non
1262 671 1438 716 dubita-

50 760 169 800 mus,
190 743 516 799 similitudines,
547 759 636 788 non
658 743 717 787 ita
736 752 786 787 ut
807 752 909 786 sunt
931 742 1002 786 illa
1018 778 1028 798 ,
1063 742 1139 787 sed
1168 752 1219 787 ut
1248 743 1437 787 occurrit

49 815 295 873 intuemur3
312 815 400 859 sive
409 829 509 858 cum
519 813 617 868 alia,
633 830 731 874 quae
742 811 811 857 vel
820 828 907 857 non
917 822 1032 867 sunt,
1047 812 1117 857 vel
1128 829 1218 857 esse
1232 814 1436 858 nesciun-

49 894 170 940 ntur,
181 901 261 945 pro
270 884 448 929 arbitrio
456 883 526 928 vel
534 884 662 943 opina
668 884 783 927 tione
794 883 1034 941 cogitamus
1047 903 1058 941 3
1073 884 1161 928 sive
1171 883 1289 927 unde
1299 883 1433 940 unde,

49 970 193 1015 neque
215 954 261 999 id
282 954 528 1013 agentibus,
555 969 698 1013 neque
718 952 965 998 volentibus
988 953 1112 997 nobis
1133 954 1262 997 variae
1283 952 1437 998 formae

49 1025 341 1085 corporalium
358 1023 694 1068 similitudinum
715 1033 944 1068 versantur
961 1024 1007 1066 in
1033 1024 1202 1081 animo,
1226 1024 1313 1068 sive
1335 1040 1437 1069 cum

48 1095 218 1157 aliquid
239 1094 521 1155 corporaliter
541 1096 695 1149 acturi,
717 1111 767 1139 ea
786 1095 877 1154 ipsa
896 1094 1164 1154 disponimus
1187 1110 1286 1154 quae
1303 1095 1348 1138 in
1363 1094 1436 1139 illa

49 1163 218 1212 actione
246 1166 395 1211 futura
428 1175 551 1222 sunt,
581 1175 624 1210 et
651 1165 796 1210 omnia
820 1165 1081 1223 cogitatione
1111 1165 1434 1224 antecedimus3

48 1237 137 1282 sive
144 1239 236 1298 jam
251 1237 296 1281 in
317 1237 410 1297 ipso
427 1246 544 1292 actu,
559 1236 631 1281 vel
643 1252 744 1281 cum
758 1236 996 1296 loquimur,
1022 1234 1092 1280 vel
1108 1251 1209 1280 cum
1227 1234 1409 1280 facimus
1420 1271 1431 1292 ,

48 1322 198 1352 omnes
221 1306 466 1366 corporales
488 1315 652 1361 motus,
683 1315 733 1350 ut
759 1306 875 1349 exeri
893 1306 1082 1365 possint,
1107 1306 1437 1365 praeveniuntur

47 1376 404 1423 similitudinibus
429 1378 515 1422 suis
540 1378 656 1421 intus
677 1377 724 1420 in
747 1377 924 1436 spiritu,
948 1392 1091 1437 neque
1114 1377 1231 1420 enim
1255 1376 1344 1420 ulla
1365 1377 1438 1421 vel

46 1447 297 1492 brevissima
313 1446 479 1505 syllaba
501 1448 546 1490 in
568 1446 722 1491 ordine
741 1463 819 1490 suo
842 1447 922 1490 nisi
944 1456 1170 1505 prospecta
1194 1447 1404 1490 sonuisset
1424 1465 1432 1491 :

46 1519 135 1563 sive
156 1532 258 1562 cum
279 1533 304 1561 a
324 1517 640 1561 dormientibus
662 1517 829 1560 somnia
859 1516 1080 1571 videntur,
1104 1516 1174 1561 vel
1209 1516 1341 1571 nihil,
1365 1515 1436 1560 vel

47 1587 216 1648 aliquid
236 1587 547 1645 significantia,
571 1586 661 1630 sive
690 1601 791 1630 cum
818 1584 1070 1629 valetudine
1100 1585 1311 1644 corporali
1338 1595 1435 1630 tur-

48 1659 162 1704 batis
182 1659 441 1703 intrinsecus
462 1657 688 1701 itineribus
708 1655 945 1711 sentiendi,
970 1657 1179 1715 imagines
1201 1672 1436 1716 corporum

45 1727 220 1789 spiritus
246 1729 356 1774 veris
385 1727 642 1787 corporibus
662 1727 722 1770 ita
743 1727 896 1770 miscet
911 1760 922 1780 ,
948 1735 999 1769 ut
1015 1727 1252 1770 internosci
1273 1726 1344 1770 vel
1365 1727 1436 1771 vix

45 1795 227 1861 possint,
244 1798 315 1845 vel
329 1799 508 1843 omnino
525 1814 614 1842 non
624 1798 812 1857 possint,
833 1806 876 1841 et
896 1806 971 1840 aut
987 1796 1232 1855 significent
1249 1796 1432 1857 aliquid,

46 1881 123 1916 aut
149 1872 242 1916 sine
262 1869 353 1915 ulla
381 1870 695 1928 significatione
727 1868 1011 1925 oboriantur,
1045 1869 1132 1912 sive
1159 1883 1334 1928 prorsus
1364 1869 1434 1912 in-

47 1944 323 2002 gravescente
357 1940 504 2001 aliquo
535 1940 691 1985 morbo
711 1938 782 1984 vel
804 1938 954 1984 dolore
978 1939 1170 1999 corporis
1185 1975 1196 1994 ,
1229 1949 1274 1983 et
1294 1939 1433 1983 inter-

46 2012 255 2058 cludente
267 2012 385 2056 intus
397 2011 487 2056 vias
509 2010 670 2071 quibus
693 2010 864 2065 animae,
882 2019 932 2054 ut
950 2025 1027 2068 per
1044 2025 1217 2053 carnem
1236 2009 1430 2065 sentiret,

48 2083 305 2129 exerebatur
333 2099 382 2128 ac
403 2083 626 2127 nitebatur
648 2082 852 2138 intentio,
880 2081 1006 2125 altius
1029 2097 1161 2141 quam
1182 2097 1334 2126 somno
1356 2081 1434 2125 ab·

48 2162 217 2199 sentato
257 2153 436 2214 spiritu,
469 2152 765 2212 corporalium
797 2167 943 2196 rerum
977 2153 1168 2196 existunt
1199 2162 1274 2196 aut
1306 2168 1434 2196 mon-

47 2233 240 2270 strantur
269 2224 500 2283 imagines,
531 2223 602 2268 vel
625 2223 912 2281 significantes
941 2222 1107 2283 aliquid
1127 2223 1199 2267 vel
1224 2223 1319 2267 sine
1345 2222 1434 2267 ulla

49 2295 363 2356 significatione
393 2305 675 2356 apparentes,
715 2295 804 2339 sive
842 2293 962 2338 nulla
1002 2310 1052 2338 ex
1090 2310 1271 2354 corpore
1305 2311 1432 2339 causa

49 2369 282 2423 existente,
319 2368 395 2412 sed
427 2375 671 2412 assumente
705 2376 835 2427 atque
865 2367 1059 2426 rapiente
1082 2366 1227 2427 aliquo
1255 2366 1428 2426 spiritu,

50 2438 219 2484 tollitur
240 2439 382 2482 anima
399 2438 445 2482 in
465 2436 718 2499 hujusmodi
732 2437 940 2481 videndas
953 2436 1257 2481 similitudines
1275 2452 1432 2495 corpo-

50 2522 148 2553 rum
163 2544 174 2564 ,
193 2509 375 2553 miscens
396 2509 454 2552 eis
475 2509 564 2553 visa
581 2508 835 2567 corporalia,
862 2523 963 2551 cum
978 2507 1105 2551 simul
1127 2508 1257 2551 etiam
1277 2522 1432 2566 corpo-

51 2579 108 2622 ris
130 2579 325 2624 sensibus
346 2579 484 2624 utitur
499 2600 512 2636 ·,
535 2580 622 2624 sive
642 2578 701 2623 ita
719 2578 872 2638 spiritu
888 2587 1131 2623 assumente
1148 2577 1360 2622 alienatur
1376 2576 1431 2620 ab
