1854 3219
329 248 384 276 DE
414 247 565 275 Gssusssr
597 244 651 273 An
683 245 923 284 LiTTEnAm,
960 246 1042 273 Lm.
1078 246 1144 273 111.
1359 233 1442 272 233

66 397 1444 417 mmmmmmmwnmqumwummmmmmwuwum

574 522 790 573 CAPUT
825 525 897 571 XI
907 560 919 571 .

71 669 373 716 Trccclantur
388 671 614 716 versiculi
633 674 688 714 24
713 678 758 715 et
772 673 841 714 25.
863 669 940 714 De
961 669 1110 713 variis
1130 669 1448 714 animantium

413 740 670 804 generibus
690 742 866 786 creatis
888 739 948 785 de
971 750 1116 786 terra.

121 880 242 922 XVI.
282 897 303 921 «
327 880 392 923 ET
414 877 522 923 dixit
541 881 656 923 Deus
674 897 683 923 ι
712 876 884 924 Educat
902 886 1014 921 terra
1028 876 1214 920 animam
1227 875 1369 920 vivam
1388 891 1454 920 se-

68 967 89 991 »
123 948 320 994 cundum
355 964 488 1008 genus
506 969 514 995 ε
551 948 874 1011 quadrupedia,
913 957 957 992 et
989 948 1158 1008 reptilia
1174 983 1184 1003 ,
1221 957 1264 992 et
1298 947 1454 992 bestias

65 1037 87 1062 »
122 1029 248 1064 terrae
264 1020 507 1065 secundum
530 1035 690 1079 genus,
720 1029 763 1064 et
784 1035 940 1079 pecora
962 1018 1201 1064 secundum
1224 1033 1373 1077 genus.
1399 1020 1456 1062 Et

65 1108 86 1132 »
117 1089 283 1135 factum
304 1100 369 1135 est
390 1091 462 1135 sic.
501 1093 560 1135 Et
593 1090 697 1135 fecit
728 1093 842 1135 Deus
870 1090 1028 1135 bestias
1063 1098 1190 1134 terrae
1213 1087 1457 1133 secundum

65 1180 87 1204 »
123 1177 280 1222 genus,
311 1171 356 1206 et
390 1177 547 1222 pecora
583 1161 824 1206 secundum
854 1177 1010 1221 genus,
1042 1170 1086 1205 et
1115 1160 1260 1206 omnia
1286 1159 1456 1219 reptilia

66 1251 88 1276 »
122 1242 248 1278 terrae
268 1233 509 1278 secundum
531 1248 681 1292 genus.
701 1236 759 1277 Et
777 1231 887 1277 vidit
901 1236 1016 1277 Deus
1038 1233 1140 1293 quia
1161 1233 1277 1276 bona
1295 1239 1411 1275 sunt.
1433 1248 1452 1271 »

63 1307 162 1348 Jam
184 1319 302 1349 nunc
324 1319 594 1364 consequens
616 1313 728 1359 erat,
754 1312 804 1348 ut
824 1302 1003 1347 alteram
1028 1312 1196 1363 partem
1211 1338 1221 1358 ,
1239 1317 1455 1363 quaepro-

63 1375 155 1435 prie
170 1383 283 1419 terra
305 1374 485 1430 dicitur,
510 1374 648 1418 infimi
662 1375 791 1434 hujus
803 1373 908 1429 loci,
929 1389 1060 1434 quem
1078 1382 1220 1418 totum
1236 1388 1337 1417 cum
1360 1387 1456 1416 om-

64 1445 194 1490 nibus
210 1445 369 1502 abyssis
382 1453 426 1490 et
442 1444 654 1490 nebuloso
671 1448 767 1488 aere
784 1443 1082 1488 universaliter
1100 1443 1316 1488 vocabulo
1331 1451 1458 1486 terrae

65 1515 169 1560 alibi
193 1515 412 1576 Scriptura
432 1514 759 1575 complectitur,
788 1523 964 1558 ornaret
986 1513 1242 1558 animalibus
1268 1513 1370 1557 suis.
1400 1515 1458 1557 Et

64 1585 290 1632 manifesta
311 1584 491 1648 quidem
513 1595 616 1630 sunt
636 1585 889 1630 animalium
913 1600 1094 1644 genera,
1119 1601 1219 1646 quae
1248 1585 1294 1629 in
1321 1584 1458 1629 verbo

64 1658 143 1703 Dei
175 1667 289 1703 terra
315 1657 534 1718 produxit.
569 1656 655 1703 Sed
684 1657 786 1718 quia
824 1672 939 1717 saepe
959 1657 1136 1701 nomine
1158 1672 1366 1716 pecorum
1388 1655 1458 1701 vel

63 1729 241 1774 nomine
273 1727 531 1783 bestiarum,
568 1726 770 1772 animalia
799 1727 943 1772 omnia
973 1727 1149 1773 rationis
1171 1727 1364 1787 expertia
1389 1742 1459 1771 so-

64 1798 157 1844 lent
173 1798 378 1858 intelligi,
401 1800 556 1843 merito
579 1798 812 1858 quaeritur,
831 1814 938 1858 quas
951 1813 1068 1842 nunc
1081 1798 1256 1858 proprie
1273 1798 1429 1842 bestias
1443 1833 1454 1853 ,

64 1879 108 1915 et
129 1886 229 1931 quae
250 1886 408 1930 pecora
429 1868 560 1915 dicat.
587 1872 644 1914 Et
660 1869 854 1929 repentia
876 1868 1054 1929 quidem
1076 1869 1163 1914 sive
1181 1869 1349 1929 reptilia
1365 1878 1455 1913 ter-

64 1956 167 1985 rena
183 1976 194 1996 ,
220 1957 309 1986 non
326 1949 390 1985 est
412 1940 706 1985 dubitandum
729 1939 849 2000 quod
871 1954 1020 1984 onmes
1036 1949 1254 1999 serpentes
1276 1938 1458 1997 intelligi

64 2011 205 2056 voluit
222 2033 238 2069 3
251 2027 503 2072 quanquam
543 2021 587 2056 et
603 2010 753 2055 bestiae
775 2009 860 2054 dici
874 2010 1039 2070 possint
1059 2031 1070 2068 3
1088 2026 1298 2070 pecorum
1311 2019 1457 2054 autem

7 2096 10 2115 ²
65 2097 225 2127 nomen
257 2097 349 2126 non
382 2081 539 2126 usitate
566 2080 840 2140 serpentibus
862 2081 1081 2125 convenit.
1108 2084 1297 2125 Rursum
1318 2080 1458 2124 leoni-

9 2149 11 2197 ἕ
65 2151 170 2207 bus,
183 2161 228 2196 et
243 2151 387 2212 pardis
402 2187 413 2207 ,
433 2161 476 2196 et
489 2150 716 2209 tigridibus
729 2186 740 2205 ,
758 2160 801 2194 et
813 2150 926 2211 lupis
943 2186 953 2205 ,
974 2159 1017 2195 et
1033 2150 1239 2211 vulpibus
1251 2187 1261 2206 ,
1277 2151 1460 2195 canibus

9 2219 12 2234 ⁸
66 2223 196 2267 etiam
219 2231 262 2266 et
283 2222 435 2277 simiis,
462 2231 593 2282 atque
615 2221 659 2264 id
697 2236 831 2280 genus
866 2222 1030 2267 caeteris
1062 2223 1217 2266 usitate
1255 2222 1462 2266 convenit

65 2291 328 2337 vocabulum
349 2292 603 2337 bestiarum.
626 2295 839 2336 Pecorum
860 2301 1006 2336 autem
1029 2308 1188 2336 nomen
1205 2292 1271 2336 his
1293 2293 1460 2336 anima-

13 2394 15 2403 .
66 2360 181 2405 libus
203 2361 570 2406 accommodatius
596 2363 733 2422 aptari
752 2361 876 2418 solet,
901 2378 1001 2423 quae
1016 2372 1118 2407 sunt
1139 2362 1183 2406 in
1208 2378 1291 2406 usu
1312 2362 1459 2406 homi-

13 2440 16 2470 4
68 2447 203 2488 num,
227 2431 313 2475 sive
335 2431 591 2493 adjuvandis
612 2432 857 2487 laboribus,
884 2441 933 2476 ut
960 2433 1091 2477 boves
1114 2442 1158 2477 ct
1190 2432 1315 2493 equi,
1354 2442 1397 2476 et
1424 2433 1459 2476 si

67 2517 154 2562 qua
176 2500 278 2547 talia
297 2523 308 2560 3
333 2503 420 2548 sive
437 2502 492 2549 ad
509 2502 770 2558 lanificium,
791 2502 861 2547 vel
882 2502 938 2548 ad
959 2503 1222 2548 vescendum
1235 2538 1246 2557 ,
1279 2511 1329 2547 ut
1357 2516 1456 2547 oves

69 2579 112 2616 et
132 2586 243 2617 sues.
