1854 3219
373 143 459 185 634

393 226 467 258 Cn.
488 236 520 259 x.

472 461 515 482 n.

458 517 512 538 xu.

444 629 515 659 xrn.

449 685 511 706 xiv.

462 797 514 819 XV.

451 855 512 877 xvl.

440 968 516 991 xvu.

421 1080 503 1104 xv111
509 1095 515 1101 .

449 1138 511 1159 xlx.

458 1194 511 1215 XX.

447 1305 499 1326 xxi
504 1320 510 1327 .

986 156 1136 185 INDEX.

544 226 591 257 De
605 222 764 257 versiculo
780 225 812 256 5.
829 223 995 262 Quomodo
1010 224 1077 257 dies
1093 235 1171 257 unus
1187 229 1334 269 peractus
1346 225 1408 258 fuit
1424 226 1492 259 sive
1508 226 1541 259 in
1555 237 1647 260 crea-

593 281 694 319 tione,
705 279 772 312 sive
784 284 856 323 post
865 280 1062 313 creationem
1075 281 1333 314 lucis.—P1·imus
1345 282 1523 326 explicandi
1537 283 1649 316 modus

590 335 800 379 improbatur.
814 354 857 360 —-
869 337 1031 369 Secundus
1055 336 1182 370 dicendi
1200 338 1310 370 modus
1328 337 1568 372 difficultatibus
1584 339 1645 371 im-

590 392 739 436 plicatur.

542 452 588 482 De
601 449 674 481 solis
691 448 796 481 officio
821 459 903 481 nova
921 448 1091 481 difficultas
1104 448 1134 481 in
1151 450 1313 493 superiore
1329 450 1423 482 modo
1437 451 1577 484 dicendi.

540 505 608 538 Alia
630 505 801 538 difficultas
823 505 864 537 de
888 505 1087 538 successione
1105 506 1200 538 trium
1217 506 1342 538 dierum
1359 510 1392 538 et
1413 508 1555 540 noctium
1572 511 1647 541 ante

589 561 661 592 solis
680 560 889 593 creationem.
905 578 947 583 —
961 561 1172 604 Congrcgatio
1191 572 1344 604 aquarum
1360 563 1518 604 quomodo
1535 564 1634 595 sacta.

538 619 626 660 Aqua
645 621 678 649 et
691 621 776 649 terra
790 617 915 661 quando
933 622 1061 650 creatae.

539 674 630 707 Ratio
643 685 701 706 cur
717 674 819 717 primo
836 674 995 707 versiculo
1011 676 1169 708 Geneseos
1184 674 1440 718 subintelligatur
1453 675 1585 709 materia
1602 675 1647 708 in-

589 730 708 763 formis.

539 787 673 820 Materia
687 786 810 829 origine
824 797 887 819 non
898 791 1046 830 tempore
1059 787 1194 820 formam
1211 787 1376 830 praecedit.

539 843 609 877 Alia
626 843 708 876 ratio
724 844 901 887 explicandi
916 845 1076 887 quomodo
1092 845 1159 877 dies
1178 849 1211 877 et
1233 856 1295 877 nox
1317 845 1404 878 facta
1420 845 1531 890 fuerit,
1552 847 1647 879 emis-

585 900 674 932 sione
693 900 817 933 scilicet
828 905 860 932 et
876 901 1099 933 contractione
1117 901 1209 941 lucis,
1226 912 1288 933 non
1309 902 1474 945 probatur.

542 959 589 989 De
606 956 740 1000 spiritali
752 956 825 989 luce
838 956 1021 999 difficultas,
1036 958 1195 1001 quomodo
1204 957 1236 990 in
1246 968 1284 991 ea
1297 958 1339 991 sit
1349 969 1487 1002 vespera
1497 963 1644 1003 etmane,

589 1012 769 1055 divisioque
784 1023 801 1044 a
814 1012 968 1045 tenebris.

541 1070 705 1108 Quomodo
719 1073 802 1102 Deus
819 1074 983 1112 operatur.

536 1128 571 1158 In
588 1125 732 1158 obscuris
749 1126 920 1169 Scripturae
942 1125 1020 1158 locis
1036 1126 1113 1158 nihil
1133 1130 1257 1159 temere
1275 1126 1490 1160 asserendum.

537 1183 687 1215 Genesim
707 1193 765 1214 cur
787 1182 1020 1225 interpretetur
1036 1183 1211 1215 sententias
1227 1183 1333 1215 varias
1350 1183 1557 1227 proferendo,
1583 1195 1645 1216 non

583 1238 721 1281 aliquam
737 1249 833 1271 unam
845 1239 1028 1272 asserendo.

538 1294 613 1333 Quis
632 1293 755 1327 fructus
771 1294 954 1337 hujusmodi
968 1294 1232 1338 interpositionis,
1254 1305 1316 1338 qua
1328 1294 1406 1327 nihil
1419 1299 1543 1328 temere
1555 1306 1643 1328 asse-

584 1349 675 1382 ritur.

925 1470 1100 1514 LIBER
1133 1471 1192 1513 ΙΙ.

1692 906 1757 937 179

1692 1019 1757 1050 180

1691 1075 1756 1106 182

1691 1131 1757 1162 184

1691 1243 1755 1274 186

1690 1354 1754 1385 187

359 1606 416 1643 De
431 1615 475 1642 eo
489 1604 592 1651 quod
605 1604 792 1651 scriptum
804 1607 863 1641 est
878 1617 887 1641 z
901 1619 919 1639 «
930 1604 1080 1641 Etdixit
1096 1605 1201 1641 Deus
1214 1605 1316 1641 :Fiat
1330 1605 1750 1650 firmamentum‚etc.,»

407 1675 531 1711 usque
548 1665 595 1700 ad
613 1664 851 1701 versiculum
877 1672 934 1701 219.
965 1679 983 1698 «
1002 1665 1051 1701 Et
1072 1665 1215 1702 factum
1234 1668 1293 1702 est
1316 1677 1499 1713 vespere,
1522 1680 1540 1701 »
1559 1670 1632 1703 etc.
1653 1668 1752 1704 Non-

405 1725 513 1766 nulla

383 1826 459 1858 Cn.
483 1835 506 1856 1.

471 1950 505 1972 11.

458 2008 507 2029 111.

457 2065 502 2086 lv.

470 2179 504 2199 V.

459 2234 504 2255 Vt.

442 2344 492 2366 vn
498 2359 504 2365 .

430 2401 485 2422 vul
490 2415 496 2422 .

457 2512 501 2535 lx.

533 1725 574 1762 in
588 1725 666 1762 fine
689 1727 822 1760 contra
842 1723 1127 1760 Genethliacos.

529 1823 778 1856 Firmamentum
797 1821 830 1853 in
847 1821 952 1853 medio
968 1832 1121 1864 aquarum
1133 1822 1221 1867 quid.
1241 1824 1346 1866 Aquas
1363 1834 1458 1867 supra
1479 1823 1639 1858 sidereum

579 1880 693 1914 coelum
708 1891 776 1913 esse
792 1880 919 1924 quidam
929 1884 1058 1923 negant.

529 1939 593 1971 Aer
609 1943 696 1971 terra
713 1937 871 1981 superior.

531 1997 614 2039 Ignis
629 1995 772 2038 superior
789 1997 876 2028 aete.

528 2054 626 2096 Aquae
656 2063 751 2095 supra
775 2052 895 2091 coelum
917 2051 1064 2095 aereum,
1088 2052 1174 2095 quod
1202 2051 1453 2086 Firmamentum
1481 2052 1637 2097 appellari

575 2109 705 2153 quidam
722 2108 920 2142 observavit.

530 2169 627 2210 Aquae
643 2177 737 2210 supra
749 2167 865 2200 coelum
880 2167 978 2200 etiam
993 2167 1164 2200 sidereum.

525 2225 572 2255 De
590 2233 628 2255 eo
645 2223 730 2265 quod
747 2222 890 2255 additum
903 2227 965 2265 est,
979 2224 1029 2256 Et
1033 2223 1129 2268 fecit
1143 2224 1250 2265 Deus,
1262 2227 1326 2256 etc.
1346 2233 1387 2256 an
1398 2233 1437 2256 eo
1452 2222 1636 2265 declaretur

576 2277 644 2310 Filii
653 2278 710 2310 Dei
728 2289 877 2321 persona.

529 2335 576 2366 De
593 2333 706 2366 eadem
726 2344 773 2366 rc.

522 2393 570 2423 De
588 2388 658 2421 luce
672 2400 729 2421 cur
747 2400 809 2422 non
826 2390 983 2434 additum,
1002 2390 1038 2424 E
1041 2398 1054 2423 t
1061 2388 1158 2434 fecit
1174 2391 1268 2424 Deus
1283 2408 1292 2423 .-
1314 2389 1398 2423 sicut
1415 2389 1497 2423 solet
1512 2389 1553 2423 de
1566 2388 1636 2423 aliis

575 2445 730 2478 creaturis
747 2446 821 2479 dici.

528 2504 574 2535 De
595 2501 693 2545 figura
710 2501 791 2535 coeli.

1686 1885 1751 1917 189

1684 1943 1750 1973 192

1683 2000 1748 2031 193

1683 2114 1749 2145 194

1681 2169 1747 2202 195

1683 2281 1746 2311 197

1680 2336 1745 2367 199

1680 2446 1746 2477 ,⁵200

1679 2502 1744 2533 203
