1854 3219
388 216 472 256 316
835 229 868 255 s.
906 226 1135 256 Aucns‘ruu
1168 229 1350 257 EPISCOPI

387 308 464 353 per
494 306 669 336 omnem
698 300 855 335 terram
892 293 1106 352 capitibus
1139 294 1374 337 fluminum
1399 308 1447 338 ac
1478 291 1666 339 fontium
1684 296 1774 356 jam

388 373 642 420 manarent,
661 378 709 407 ac
732 363 890 407 deinde
907 364 951 407 in
969 365 1145 424 regione
1168 364 1281 410 illius
1299 364 1448 420 fontis,
1464 381 1553 410 non
1566 367 1655 426 jam
1674 368 1774 411 uni—

389 451 555 480 versam
584 445 741 479 terram
767 435 946 493 rigantis
962 472 972 492 ,
995 436 1069 480 scd
1092 437 1394 482 memorabiles
1417 438 1528 483 solos
1550 438 1645 483 illos
1667 456 1778 500 qua-

390 516 487 550 tuor
506 506 659 550 fluvios
686 506 948 562 emittentis,
979 506 1195 567 plantasse
1231 508 1501 568 paradisum,
1534 510 1613 554 ubi
1635 511 1778 555 homi-

390 593 488 621 ncm
508 613 519 634 ,
540 593 669 638 quem
693 576 878 634 fecerat,
905 577 1152 623 collocaret.

391 726 460 742 m}
465 726 1779 746 th«WUMQMMWSRAMMMAWNWQMMMMMMRWKANOEMMWMMWNJ

870 848 1087 899 CAPUT
1139 851 1274 899 VIII.

397 993 519 1056 Quoe
551 993 805 1055 Scriptura
835 996 1026 1051 reticet,
1055 1004 1293 1054 quatenus
1325 993 1645 1057 conjectando
1663 1011 1781 1055 pro—

921 1068 1067 1131 ferre
1079 1067 1238 1128 juvat.

446 1214 616 1257 XXIII.
652 1216 768 1267 Qum
792 1214 909 1259 enim
932 1229 1023 1259 non
1053 1215 1198 1260 omnia
1227 1214 1387 1275 scripta
1409 1223 1533 1269 sunt,
1569 1215 1784 1276 quemad-

388 1283 569 1328 modum
593 1294 691 1344 post
724 1283 843 1329 illam
866 1286 1051 1345 primam
1084 1301 1230 1330 rerum
1266 1285 1563 1331 conditionem
1588 1295 1784 1346 tempora

386 1355 685 1411 cucurrerint,
719 1371 852 1416 seque
879 1365 1044 1401 secutae
1076 1357 1162 1401 sint
1193 1356 1587 1402 administrationes
1617 1367 1786 1403 creatu-

388 1442 557 1482 rarum,
584 1442 684 1487 quae
700 1426 902 1486 primitus
918 1426 1044 1472 factae
1062 1437 1270 1488 sextoque
1285 1427 1362 1473 illo
1375 1427 1446 1472 die
1470 1438 1785 1474 consummatae

389 1507 512 1553 sunt,
553 1496 629 1542 sed
658 1506 871 1559 quantum
912 1498 1013 1543 satis
1036 1497 1252 1559 judicavit
1286 1498 1495 1559 Spiritus,
1533 1500 1610 1561 qui
1643 1499 1785 1545 inerat

389 1568 595 1613 scribenti
612 1583 662 1613 ea
684 1584 784 1629 quae
807 1584 898 1613 non
926 1568 1067 1614 solum
1085 1569 1141 1614 ad
1160 1568 1373 1614 factarum
1391 1585 1538 1615 rerum
1556 1571 1757 1616 notitiam
1771 1606 1783 1626 ,

389 1638 465 1684 sed
489 1639 619 1683 etiam
651 1639 707 1684 ad
729 1639 976 1684 futurarum
998 1641 1398 1700 praefigurationem
1429 1641 1649 1700 valerent,
1687 1656 1789 1687 nes-

391 1710 553 1756 cientes
581 1711 879 1771 conjectamus
909 1710 1017 1771 quid
1052 1711 1146 1755 fieri
1175 1711 1390 1771 potuerit,
1427 1711 1551 1773 quod
1589 1712 1663 1757 ille
1697 1728 1787 1758 non

392 1782 588 1826 nesciens
625 1782 924 1842 praetermisit,
966 1791 1137 1828 tantum
1177 1781 1224 1827 id
1255 1792 1462 1828 conantes
1495 1799 1575 1844 pro
1605 1784 1787 1829 modulo

393 1863 541 1899 nostro
557 1889 568 1909 ,
592 1863 808 1915 quantum
826 1853 1102 1915 adjuvamur,
1123 1855 1295 1900 efficere
1310 1890 1321 1911 ,
1351 1871 1406 1900 ne
1428 1855 1573 1917 aliqua
1591 1855 1787 1901 absurdi-

392 1935 456 1971 tas
488 1925 559 1970 vel
596 1925 884 1985 repugnantia
917 1934 1100 1985 putetur
1129 1941 1218 1970 esse
1252 1926 1297 1971 in
1334 1927 1563 1987 Scripturis
1605 1929 1784 1985 sanctis,

393 2013 492 2057 quae
526 1997 778 2057 opinionem
813 1996 985 2041 lectoris
1006 1996 1229 2053 offendat,
1256 2007 1299 2042 et
1327 1996 1432 2042 dum
1456 1998 1672 2044 existimat
1694 2000 1786 2044 ficri

393 2085 482 2113 non
506 2070 718 2128 potuisse,
744 2067 973 2129 quaefacta
996 2084 1085 2112 essc
1110 2069 1330 2128 Scriptura
1348 2081 1690 2128 commemorat,
1712 2070 1781 2116 vcl

395 2138 552 2184 resiliat
575 2156 598 2184 a
617 2140 724 2197 fide,
749 2138 821 2185 vel
838 2155 928 2185 non
945 2140 1121 2185 accedat
1140 2139 1195 2185 ad
1213 2140 1361 2185 fidem.
