1854 3219
336 187 390 214 nn
422 185 574 215 emissi
607 185 663 214 AD
695 185 939 227 ertrssnAM,
975 190 1056 216 Lus.
1094 191 1172 216 x11.
1371 181 1454 219 609

69 346 853 365 mmmmmmmmmm

1067 351 1454 369 mmmmmm

558 457 775 508 CAPUT
812 462 974 509 XVII.

213 591 325 654 Quo
352 607 529 655 genere
551 591 746 637 visionis
768 592 902 637 Deus
923 609 954 638 a
973 593 1145 654 Moy-se
1164 594 1308 639 visus.

126 726 217 770 LV.
242 728 575 771 ConcumvEnAT
597 726 712 771 enim
727 762 737 782 ‚
764 727 875 772 sicut
907 727 952 771 in
974 728 1129 773 Exodo
1150 728 1334 788 legimus
1348 764 1363 785 ,
1394 731 1460 773 vi—

67 795 169 840 dere
186 799 327 841 Deum
343 799 381 855 ¹3
407 812 498 841 non
514 797 668 857 utique
690 797 802 841 sicut
820 797 989 842 viderat
1005 799 1050 842 in
1067 807 1233 854 monte,
1252 814 1332 843 nee
1351 799 1462 845 sicut

65 867 242 912 videbat
258 868 304 911 in
322 868 626 924 tabernaculo,
652 868 728 914 sed
748 868 794 912 in
817 884 866 913 ea
888 870 1126 915 substantia
1138 887 1224 931 qua
1241 874 1355 915 Deus
1378 880 1461 927 est,

64 937 186 982 nulla
207 948 428 1000 assumpta
450 939 666 999 corporali
700 949 919 994 creatura,
960 957 1060 1001 quae
1092 941 1285 986 mortalis
1320 942 1459 986 carnis

64 1000 259 1055 sensibus
280 1020 567 1071 praesentetur
593 1030 602 1056 ε
627 1026 771 1072 neque
792 1012 838 1056 in
858 1012 1013 1072 spiritu
1035 1013 1229 1072 figuratis
1256 1013 1459 1058 similitu-

63 1079 239 1127 dinibus
262 1097 525 1143 corporum3
550 1081 625 1126 sed
643 1097 722 1142 per
743 1083 931 1142 speeiem
952 1099 1097 1139 suam,
1124 1093 1341 1145 quantum
1365 1100 1461 1129 eam

63 1145 217 1214 capere
238 1163 436 1199 creatura
453 1152 674 1198 rationalis
691 1162 734 1198 et
750 1153 1057 1199 intellectualis
1080 1164 1240 1214 potest,
1263 1165 1462 1200 sevocata

63 1223 119 1270 ab
141 1225 261 1270 omni
278 1226 470 1286 corporis
483 1240 628 1281 sensu,
650 1235 694 1269 et
715 1225 770 1270 ab
788 1226 907 1270 omni
927 1227 1212 1286 significativo
1231 1228 1461 1286 aenigmate

63 1296 253 1357 spiritus.
283 1296 350 1342 Sic
372 1297 490 1341 enim
513 1297 722 1357 seriptum
746 1306 809 1341 est
836 1317 844 1342 2
875 1317 895 1339 «
923 1298 964 1342 Si
987 1313 1090 1357 ergo
1112 1299 1259 1343 inveni
1282 1299 1463 1357 gratiam

64 1384 87 1408 >›
112 1366 159 1411 in
181 1376 421 1427 conspectu
443 1376 547 1423 tuo,
577 1366 759 1412 ostende
782 1368 890 1411 mihi
916 1369 1194 1429 temetipsum
1216 1369 1462 1426 manifeste,

69 1457 90 1481 »
116 1449 168 1484 ut
187 1438 360 1484 videam
382 1449 425 1484 te
440 1443 458 1466 ²
472 1454 500 1484 ἰ
532 1458 553 1481 >›
588 1455 688 1484 cum
709 1438 840 1499 paulo
872 1440 1069 1499 superius
1090 1439 1260 1499 legatur
1290 1441 1463 1486 locutus

64 1510 277 1556 Dominus
301 1510 358 1555 ad
387 1513 572 1568 Moysen
596 1508 704 1554 facie
727 1510 783 1554 ad
804 1508 960 1554 faciem
976 1545 986 1565 ‚
1013 1512 1123 1554 sicut
1151 1512 1247 1571 quis
1270 1511 1468 1572 loquitur

69 1579 127 1626 ad
149 1580 335 1625 amicum
363 1595 508 1624 suum.
538 1579 760 1624 Sentiebat
792 1595 895 1638 ergo
918 1579 1027 1639 quid
1047 1579 1249 1636 videbat,
1277 1591 1320 1626 et
1348 1581 1470 1642 quod

62 1667 160 1697 non
181 1650 361 1696 videbat
383 1649 674 1694 desiderabat.
699 1651 811 1694 Nam
833 1658 877 1694 et
893 1649 1025 1709 paulo
1048 1660 1146 1709 post
1168 1667 1269 1695 cum
1292 1652 1470 1697 dixisset

62 1723 105 1767 ei
126 1725 242 1768 Deus
259 1741 268 1766 :
287 1739 309 1763 «
328 1720 538 1765 Invenisti
551 1720 664 1763 enim
684 1720 863 1777 gratiam
877 1721 921 1763 in
934 1730 1171 1779 conspectu
1185 1737 1300 1776 meo,
1323 1732 1366 1766 et
1382 1722 1469 1767 scio

68 1810 91 1835 »
113 1802 156 1837 te
179 1808 272 1852 prae
295 1791 501 1836 omnibus
516 1792 550 1841 3,
569 1807 589 1830 »
613 1789 836 1849 respondit
855 1789 892 1832 ei
923 1809 931 1833 :
957 1790 1149 1834 Ostende
1171 1791 1277 1835 mihi
1292 1791 1468 1846 clarita-

72 1880 93 1906 ι)
113 1872 203 1923 'te-m
216 1872 353 1907 tuam.
372 1864 467 1906 »Et
479 1870 587 1906 tunc
599 1859 777 1921 quidem
793 1876 1045 1920 responsum
1063 1863 1230 1922 accepit
1242 1879 1264 1907 a
1279 1865 1469 1910 Domino

61 1933 309 1993 figuratum
325 1968 336 1988 ‚
372 1931 427 1976 de
449 1947 539 1992 quo
566 1946 687 1976 nunc
709 1929 891 1990 longum
914 1941 978 1976 est
1012 1931 1255 1992 disputare,
1287 1937 1467 1995 quando

59 2005 106 2049 ei
128 2005 237 2049 dixit
256 2023 265 2049 ε
293 2005 421 2049 «Non
436 2001 595 2063 poteris
607 2001 756 2046 videre
771 2000 925 2046 faciem
938 2017 1097 2059 meam,
1119 2013 1162 2048 et
1182 2004 1341 2049 vivere.
1363 2007 1463 2050 Non

69 2092 91 2116 »
123 2074 241 2120 enim
267 2072 433 2119 videbit
458 2073 591 2117 homo
614 2070 769 2116 faciem
790 2086 960 2129 meam,
1000 2082 1044 2117 et
1071 2073 1202 2118 vivet.
1239 2092 1260 2116 n
1293 2075 1462 2120 Deinde

68 2144 254 2205 subjecit
275 2152 320 2188 et
341 2143 401 2188 ait
420 2141 485 2187 illi
510 2161 519 2187 ε
547 2161 568 2185 «
586 2144 701 2186 Eece
717 2141 838 2187 locus
853 2158 984 2203 penes
1006 2159 1076 2188 me
1092 2179 1102 2199 ,
1128 2153 1171 2188 et
1185 2145 1317 2189 stabis
1334 2161 1464 2207 super

72 2233 94 2257 ³)
118 2224 314 2275 petram,
339 2214 484 2259 statim
508 2222 560 2258 ut
581 2212 761 2258 transiet
780 2229 877 2258 mea
908 2215 1105 2274 majestas
1120 2249 1131 2270 ,
1163 2224 1207 2260 et
1233 2231 1395 2276 ponam
1419 2226 1463 2262 te

73 2303 95 2327 »
119 2285 166 2330 in
188 2284 395 2345 spelunca
411 2292 547 2345 petrae
561 2319 572 2339 ‚
599 2292 642 2328 et
663 2293 805 2343 tegam
824 2299 959 2328 manu
977 2300 1073 2330 mea
1105 2301 1234 2346 super
1256 2287 1299 2331 t'e
1321 2287 1461 2334 donec

66 2373 88 2397 »
111 2364 331 2400 transeam
345 2375 357 2413 3
373 2363 417 2399 et
432 2353 629 2399 auferam
642 2369 838 2410 manum,
860 2363 902 2398 et
919 2364 1025 2400 tunc
1044 2357 1213 2402 videbis
1228 2360 1465 2418 posteriora

66 2443 90 2468 »
121 2441 218 2471 mea
237 2444 247 2471 ι
273 2440 375 2470 nam
395 2423 527 2469 facies
540 2439 636 2468 mea
657 2440 747 2470 non
769 2425 993 2485 apparebit
1014 2427 1131 2472 tibi4.
1161 2447 1181 2469 »
1204 2431 1294 2474 Nec
1316 2438 1462 2475 tamen

125 2531 134 2548 ¹
151 2523 335 2564 Exod.x1x,
350 2522 402 2563 18,
418 2526 452 2554 et
468 2532 577 2564 xxxm,
591 2533 624 2564 9.
636 2522 750 2554 —21d.
765 2534 875 2564 xxxin,
887 2533 918 2564 ς).
934 2540 975 2545 —-
987 2520 999 2545 3
1011 2523 1081 2556 Ibid
1114 2523 1459 2565 17.-—-¹·1bid.20-23.

292 2588 398 2617 exn.
1226 2581 1275 2619 39
