<?xml version="1.0" encoding="UTF-8"?>
<!DOCTYPE html PUBLIC "-//W3C//DTD XHTML 1.0 Transitional//EN"
    "http://www.w3.org/TR/xhtml1/DTD/xhtml1-transitional.dtd">
<html xmlns="http://www.w3.org/1999/xhtml" xml:lang="en" lang="en">
 <head>
  <title>
</title>
<meta http-equiv="Content-Type" content="text/html;charset=utf-8" />
  <meta name='ocr-system' content='tesseract 3.04.00' />
  <meta name='ocr-capabilities' content='ocr_page ocr_carea ocr_par ocr_line ocrx_word'/>
</head>
<body>
  <div class='ocr_page' id='page_1' title='image "./operaomniaaccura05auguuoft_0567.png"; bbox 0 0 1854 3219; ppageno 0'>
   <div class='ocr_carea' id='block_1_1' title="bbox 333 213 1428 265">
    <p class='ocr_par' dir='ltr' id='par_1_1' title="bbox 333 213 1428 265">
     <span class='ocr_line' id='line_1_1' title="bbox 333 213 1428 265; baseline -0.003 -11"><span class='ocrx_word' id='word_1_1' title='bbox 333 228 386 254; x_wconf 86' lang='lat' dir='ltr'>DE</span> <span class='ocrx_word' id='word_1_2' title='bbox 417 227 567 253; x_wconf 82' lang='lat' dir='ltr'><strong>GENESI</strong></span> <span class='ocrx_word' id='word_1_3' title='bbox 600 225 655 253; x_wconf 82' lang='lat' dir='ltr'>AD</span> <span class='ocrx_word' id='word_1_4' title='bbox 686 226 930 265; x_wconf 76' lang='lat' dir='ltr'>LITTERAM,</span> <span class='ocrx_word' id='word_1_5' title='bbox 966 229 1047 254; x_wconf 82' lang='lat' dir='ltr'>Lm.</span> <span class='ocrx_word' id='word_1_6' title='bbox 1085 228 1146 252; x_wconf 74' lang='lat' dir='ltr'>xi.</span> <span class='ocrx_word' id='word_1_7' title='bbox 1346 213 1428 252; x_wconf 83' lang='lat'>535</span> 
     </span>
    </p>
   </div>
   <div class='ocr_carea' id='block_1_2' title="bbox 39 290 1433 1126">
    <p class='ocr_par' dir='ltr' id='par_1_2' title="bbox 39 290 1433 1126">
     <span class='ocr_line' id='line_1_2' title="bbox 48 290 1430 352; baseline -0.001 -17"><span class='ocrx_word' id='word_1_8' title='bbox 48 300 141 335; x_wconf 89' lang='lat' dir='ltr'>erat</span> <span class='ocrx_word' id='word_1_9' title='bbox 167 291 298 337; x_wconf 92' lang='lat' dir='ltr'>homo</span> <span class='ocrx_word' id='word_1_10' title='bbox 325 291 372 335; x_wconf 91' lang='lat' dir='ltr'>in</span> <span class='ocrx_word' id='word_1_11' title='bbox 392 290 592 350; x_wconf 84' lang='lat' dir='ltr'>paradiso</span> <span class='ocrx_word' id='word_1_12' title='bbox 615 299 715 334; x_wconf 88' lang='lat' dir='ltr'>ante</span> <span class='ocrx_word' id='word_1_13' title='bbox 746 300 998 350; x_wconf 85' lang='lat' dir='ltr'>peccatum,</span> <span class='ocrx_word' id='word_1_14' title='bbox 1023 290 1220 352; x_wconf 86' lang='lat' dir='ltr'>quamvis</span> <span class='ocrx_word' id='word_1_15' title='bbox 1240 290 1430 334; x_wconf 85' lang='lat' dir='ltr'>incertus</span> 
     </span>
     <span class='ocr_line' id='line_1_3' title="bbox 48 359 1431 421; baseline -0.001 -15"><span class='ocrx_word' id='word_1_16' title='bbox 48 360 186 406; x_wconf 90' lang='lat' dir='ltr'>futuri</span> <span class='ocrx_word' id='word_1_17' title='bbox 213 362 279 406; x_wconf 91' lang='lat' dir='ltr'>sui</span> <span class='ocrx_word' id='word_1_18' title='bbox 298 376 418 406; x_wconf 89' lang='lat' dir='ltr'>casus</span> <span class='ocrx_word' id='word_1_19' title='bbox 433 396 444 415; x_wconf 86' lang='lat'>,</span> <span class='ocrx_word' id='word_1_20' title='bbox 478 361 555 421; x_wconf 90' lang='lat' dir='ltr'>qui</span> <span class='ocrx_word' id='word_1_21' title='bbox 576 375 650 420; x_wconf 88' lang='lat' dir='ltr'>spe</span> <span class='ocrx_word' id='word_1_22' title='bbox 671 360 731 404; x_wconf 91' lang='lat' dir='ltr'>ita</span> <span class='ocrx_word' id='word_1_23' title='bbox 759 361 976 418; x_wconf 82' lang='lat' dir='ltr'>gaudebat</span> <span class='ocrx_word' id='word_1_24' title='bbox 998 370 1176 421; x_wconf 88' lang='lat' dir='ltr'>propter</span> <span class='ocrx_word' id='word_1_25' title='bbox 1199 359 1431 420; x_wconf 88' lang='lat' dir='ltr'>praemium</span> 
     </span>
     <span class='ocr_line' id='line_1_4' title="bbox 48 430 1432 487; baseline -0.002 -9"><span class='ocrx_word' id='word_1_26' title='bbox 48 432 210 479; x_wconf 83' lang='lat' dir='ltr'>futurae</span> <span class='ocrx_word' id='word_1_27' title='bbox 230 431 595 486; x_wconf 80' lang='lat' dir='ltr'>commutationis,</span> <span class='ocrx_word' id='word_1_28' title='bbox 623 440 673 475; x_wconf 93' lang='lat' dir='ltr'>ut</span> <span class='ocrx_word' id='word_1_29' title='bbox 692 430 813 475; x_wconf 86' lang='lat' dir='ltr'>nulla</span> <span class='ocrx_word' id='word_1_30' title='bbox 830 441 939 476; x_wconf 85' lang='lat' dir='ltr'>esset</span> <span class='ocrx_word' id='word_1_31' title='bbox 960 431 1203 487; x_wconf 87' lang='lat' dir='ltr'>tribulatio,</span> <span class='ocrx_word' id='word_1_32' title='bbox 1228 432 1299 475; x_wconf 89' lang='lat' dir='ltr'>cui</span> <span class='ocrx_word' id='word_1_33' title='bbox 1321 430 1432 475; x_wconf 89' lang='lat' dir='ltr'>tole-</span> 
     </span>
     <span class='ocr_line' id='line_1_5' title="bbox 39 501 1432 562; baseline -0.001 -15"><span class='ocrx_word' id='word_1_34' title='bbox 39 502 197 548; x_wconf 75' lang='lat' dir='ltr'>randae</span> <span class='ocrx_word' id='word_1_35' title='bbox 218 502 424 562; x_wconf 89' lang='lat' dir='ltr'>patientia</span> <span class='ocrx_word' id='word_1_36' title='bbox 456 501 675 546; x_wconf 83' lang='lat' dir='ltr'>militaret.</span> <span class='ocrx_word' id='word_1_37' title='bbox 709 503 914 555; x_wconf 85' lang='lat' dir='ltr'>Quamvis</span> <span class='ocrx_word' id='word_1_38' title='bbox 937 503 1054 547; x_wconf 88' lang='lat' dir='ltr'>enim</span> <span class='ocrx_word' id='word_1_39' title='bbox 1074 516 1165 546; x_wconf 87' lang='lat' dir='ltr'>non</span> <span class='ocrx_word' id='word_1_40' title='bbox 1185 518 1296 547; x_wconf 89' lang='lat' dir='ltr'>vana</span> <span class='ocrx_word' id='word_1_41' title='bbox 1317 518 1432 562; x_wconf 86' lang='lat' dir='ltr'>prae-</span> 
     </span>
     <span class='ocr_line' id='line_1_6' title="bbox 47 571 1432 633; baseline 0 -15"><span class='ocrx_word' id='word_1_42' title='bbox 47 573 294 633; x_wconf 83' lang='lat' dir='ltr'>sumptione</span> <span class='ocrx_word' id='word_1_43' title='bbox 328 571 383 617; x_wconf 93' lang='lat' dir='ltr'>de</span> <span class='ocrx_word' id='word_1_44' title='bbox 419 572 586 617; x_wconf 89' lang='lat' dir='ltr'>incerto</span> <span class='ocrx_word' id='word_1_45' title='bbox 619 582 761 617; x_wconf 88' lang='lat' dir='ltr'>certus</span> <span class='ocrx_word' id='word_1_46' title='bbox 798 573 918 618; x_wconf 82' lang='lat' dir='ltr'>velut</span> <span class='ocrx_word' id='word_1_47' title='bbox 940 572 1097 618; x_wconf 87' lang='lat' dir='ltr'>stultus</span> <span class='ocrx_word' id='word_1_48' title='bbox 1113 608 1124 628; x_wconf 92' lang='lat'>,</span> <span class='ocrx_word' id='word_1_49' title='bbox 1150 571 1225 617; x_wconf 89' lang='lat' dir='ltr'>sed</span> <span class='ocrx_word' id='word_1_50' title='bbox 1246 588 1320 633; x_wconf 86' lang='lat' dir='ltr'>spe</span> <span class='ocrx_word' id='word_1_51' title='bbox 1342 589 1432 618; x_wconf 93' lang='lat' dir='ltr'>non</span> 
     </span>
     <span class='ocr_line' id='line_1_7' title="bbox 48 642 1433 704; baseline 0 -16"><span class='ocrx_word' id='word_1_52' title='bbox 48 643 257 702; x_wconf 66' lang='lat' dir='ltr'>infidelis,</span> <span class='ocrx_word' id='word_1_53' title='bbox 283 653 518 704; x_wconf 85' lang='lat' dir='ltr'>antequam</span> <span class='ocrx_word' id='word_1_54' title='bbox 540 642 894 703; x_wconf 79' lang='lat' dir='ltr'>apprehenderet</span> <span class='ocrx_word' id='word_1_55' title='bbox 910 643 1029 687; x_wconf 90' lang='lat' dir='ltr'>illam</span> <span class='ocrx_word' id='word_1_56' title='bbox 1058 644 1192 688; x_wconf 85' lang='lat' dir='ltr'>vitam</span> <span class='ocrx_word' id='word_1_57' title='bbox 1209 678 1219 698; x_wconf 91' lang='lat'>,</span> <span class='ocrx_word' id='word_1_58' title='bbox 1238 643 1317 687; x_wconf 85' lang='lat' dir='ltr'>ubi</span> <span class='ocrx_word' id='word_1_59' title='bbox 1339 660 1433 688; x_wconf 87' lang='lat' dir='ltr'>cer-</span> 
     </span>
     <span class='ocr_line' id='line_1_8' title="bbox 47 714 1432 775; baseline -0.001 -15"><span class='ocrx_word' id='word_1_60' title='bbox 47 715 235 760; x_wconf 79' lang='lat' dir='ltr'>tissimus</span> <span class='ocrx_word' id='word_1_61' title='bbox 256 715 387 775; x_wconf 89' lang='lat' dir='ltr'>ipsius</span> <span class='ocrx_word' id='word_1_62' title='bbox 409 725 583 759; x_wconf 84' lang='lat' dir='ltr'>aeternae</span> <span class='ocrx_word' id='word_1_63' title='bbox 597 715 697 759; x_wconf 85' lang='lat' dir='ltr'>vitae</span> <span class='ocrx_word' id='word_1_64' title='bbox 711 731 800 759; x_wconf 82' lang='lat' dir='ltr'>suae</span> <span class='ocrx_word' id='word_1_65' title='bbox 818 714 992 759; x_wconf 88' lang='lat' dir='ltr'>futurus</span> <span class='ocrx_word' id='word_1_66' title='bbox 1010 725 1134 770; x_wconf 83' lang='lat' dir='ltr'>esset,</span> <span class='ocrx_word' id='word_1_67' title='bbox 1151 724 1294 774; x_wconf 88' lang='lat' dir='ltr'>posset</span> <span class='ocrx_word' id='word_1_68' title='bbox 1311 715 1432 759; x_wconf 83' lang='lat' dir='ltr'>exul-</span> 
     </span>
     <span class='ocr_line' id='line_1_9' title="bbox 47 785 1432 847; baseline 0.001 -17"><span class='ocrx_word' id='word_1_69' title='bbox 47 795 154 842; x_wconf 88' lang='lat' dir='ltr'>tare,</span> <span class='ocrx_word' id='word_1_70' title='bbox 168 785 542 847; x_wconf 82' lang='lat' dir='ltr'>quemadmodum</span> <span class='ocrx_word' id='word_1_71' title='bbox 564 787 773 846; x_wconf 87' lang='lat' dir='ltr'>scriptum</span> <span class='ocrx_word' id='word_1_72' title='bbox 795 796 874 841; x_wconf 80' lang='lat' dir='ltr'>est,</span> <span class='ocrx_word' id='word_1_73' title='bbox 897 802 999 830; x_wconf 83' lang='lat' dir='ltr'>cum</span> <span class='ocrx_word' id='word_1_74' title='bbox 1020 796 1207 830; x_wconf 86' lang='lat' dir='ltr'>tremore</span> <span class='ocrx_word' id='word_1_75' title='bbox 1224 788 1235 810; x_wconf 92' lang='lat'>¹</span> <span class='ocrx_word' id='word_1_76' title='bbox 1253 807 1264 843; x_wconf 79' lang='lat'>3</span> <span class='ocrx_word' id='word_1_77' title='bbox 1288 795 1332 830; x_wconf 87' lang='lat' dir='ltr'>et</span> <span class='ocrx_word' id='word_1_78' title='bbox 1352 786 1432 831; x_wconf 89' lang='lat' dir='ltr'>hac</span> 
     </span>
     <span class='ocr_line' id='line_1_10' title="bbox 46 855 1430 917; baseline -0.002 -16"><span class='ocrx_word' id='word_1_79' title='bbox 46 857 312 902; x_wconf 85' lang='lat' dir='ltr'>exultatione</span> <span class='ocrx_word' id='word_1_80' title='bbox 334 857 474 901; x_wconf 88' lang='lat' dir='ltr'>multo</span> <span class='ocrx_word' id='word_1_81' title='bbox 503 857 797 901; x_wconf 88' lang='lat' dir='ltr'>abundantius</span> <span class='ocrx_word' id='word_1_82' title='bbox 820 857 865 900; x_wconf 90' lang='lat' dir='ltr'>in</span> <span class='ocrx_word' id='word_1_83' title='bbox 889 856 1107 916; x_wconf 82' lang='lat' dir='ltr'>paradiso,</span> <span class='ocrx_word' id='word_1_84' title='bbox 1134 872 1267 917; x_wconf 88' lang='lat' dir='ltr'>quam</span> <span class='ocrx_word' id='word_1_85' title='bbox 1295 855 1430 901; x_wconf 86' lang='lat' dir='ltr'>sancti</span> 
     </span>
     <span class='ocr_line' id='line_1_11' title="bbox 44 926 1432 989; baseline -0.001 -17"><span class='ocrx_word' id='word_1_86' title='bbox 44 927 93 973; x_wconf 89' lang='lat' dir='ltr'>in</span> <span class='ocrx_word' id='word_1_87' title='bbox 115 927 179 972; x_wconf 92' lang='lat' dir='ltr'>his</span> <span class='ocrx_word' id='word_1_88' title='bbox 201 928 323 972; x_wconf 87' lang='lat' dir='ltr'>terris</span> <span class='ocrx_word' id='word_1_89' title='bbox 340 962 351 984; x_wconf 92' lang='lat'>,</span> <span class='ocrx_word' id='word_1_90' title='bbox 380 927 532 972; x_wconf 85' lang='lat' dir='ltr'>beatus</span> <span class='ocrx_word' id='word_1_91' title='bbox 555 943 670 984; x_wconf 83' lang='lat' dir='ltr'>esse,</span> <span class='ocrx_word' id='word_1_92' title='bbox 705 928 838 972; x_wconf 90' lang='lat' dir='ltr'>modo</span> <span class='ocrx_word' id='word_1_93' title='bbox 860 927 1053 989; x_wconf 88' lang='lat' dir='ltr'>quodam</span> <span class='ocrx_word' id='word_1_94' title='bbox 1075 926 1276 973; x_wconf 75' lang='lat' dir='ltr'>inferiore</span> <span class='ocrx_word' id='word_1_95' title='bbox 1298 941 1432 988; x_wconf 88' lang='lat' dir='ltr'>quam</span> 
     </span>
     <span class='ocr_line' id='line_1_12' title="bbox 46 997 1411 1060; baseline -0.001 -18"><span class='ocrx_word' id='word_1_96' title='bbox 46 998 92 1042; x_wconf 90' lang='lat' dir='ltr'>in</span> <span class='ocrx_word' id='word_1_97' title='bbox 124 997 197 1043; x_wconf 87' lang='lat' dir='ltr'>illa</span> <span class='ocrx_word' id='word_1_98' title='bbox 225 998 313 1044; x_wconf 85' lang='lat' dir='ltr'>vita</span> <span class='ocrx_word' id='word_1_99' title='bbox 346 1008 507 1043; x_wconf 79' lang='lat' dir='ltr'>aeterna</span> <span class='ocrx_word' id='word_1_100' title='bbox 530 1007 779 1044; x_wconf 88' lang='lat' dir='ltr'>sanctorum</span> <span class='ocrx_word' id='word_1_101' title='bbox 802 999 1265 1060; x_wconf 77' lang='lat' dir='ltr'>supercoelestiumque</span> <span class='ocrx_word' id='word_1_102' title='bbox 1287 1001 1411 1056; x_wconf 88' lang='lat' dir='ltr'>Ange</span> 
     </span>
     <span class='ocr_line' id='line_1_13' title="bbox 45 1069 655 1126; baseline -0.002 -12"><span class='ocrx_word' id='word_1_103' title='bbox 45 1069 191 1114; x_wconf 85' lang='lat' dir='ltr'>lorum</span> <span class='ocrx_word' id='word_1_104' title='bbox 207 1104 218 1126; x_wconf 86' lang='lat'>,</span> <span class='ocrx_word' id='word_1_105' title='bbox 243 1085 333 1115; x_wconf 92' lang='lat' dir='ltr'>non</span> <span class='ocrx_word' id='word_1_106' title='bbox 353 1079 500 1115; x_wconf 87' lang='lat' dir='ltr'>tamen</span> <span class='ocrx_word' id='word_1_107' title='bbox 516 1069 655 1115; x_wconf 89' lang='lat' dir='ltr'>nullo.</span> 
     </span>
    </p>
   </div>
   <div class='ocr_carea' id='block_1_3' title="bbox 49 1224 1430 1243">
    <p class='ocr_par' dir='ltr' id='par_1_3' title="bbox 49 1224 1430 1243">
     <span class='ocr_line' id='line_1_14' title="bbox 49 1224 1430 1243; baseline -0.001 -2"><span class='ocrx_word' id='word_1_108' title='bbox 49 1225 1036 1243; x_wconf 51' lang='lat' dir='ltr'>m·W!RMMMMWU=MMWUUVWMNSRAMvssMMMMWQWW</span> <span class='ocrx_word' id='word_1_109' title='bbox 1040 1227 1178 1243; x_wconf 46' lang='grc' dir='ltr'>Μηνὶ</span> <span class='ocrx_word' id='word_1_110' title='bbox 1182 1224 1430 1242; x_wconf 56' lang='lat' dir='ltr'>WWWVBM</span> 
     </span>
    </p>
   </div>
   <div class='ocr_carea' id='block_1_4' title="bbox 546 1341 928 1388">
    <p class='ocr_par' dir='ltr' id='par_1_4' title="bbox 546 1341 928 1388">
     <span class='ocr_line' id='line_1_15' title="bbox 546 1341 928 1388; baseline -0.005 0"><span class='ocrx_word' id='word_1_111' title='bbox 546 1341 769 1388; x_wconf 88' lang='lat' dir='ltr'><strong>CAPUT</strong></span> <span class='ocrx_word' id='word_1_112' title='bbox 806 1342 928 1387; x_wconf 91' lang='lat' dir='ltr'><strong>XIX.</strong></span> 
     </span>
    </p>
   </div>
   <div class='ocr_carea' id='block_1_5' title="bbox 464 1477 1009 1542">
    <p class='ocr_par' dir='ltr' id='par_1_5' title="bbox 464 1477 1009 1542">
     <span class='ocr_line' id='line_1_16' title="bbox 464 1477 1009 1542; baseline -0.004 -18"><span class='ocrx_word' id='word_1_113' title='bbox 464 1478 764 1542; x_wconf 73' lang='lat' dir='ltr'>Angelorum</span> <span class='ocrx_word' id='word_1_114' title='bbox 784 1477 1009 1524; x_wconf 80' lang='lat' dir='ltr'>conditio.</span> 
     </span>
    </p>
   </div>
   <div class='ocr_carea' id='block_1_6' title="bbox 43 1612 1434 2528">
    <p class='ocr_par' dir='ltr' id='par_1_6' title="bbox 43 1612 1434 2528">
     <span class='ocr_line' id='line_1_17' title="bbox 104 1612 1434 1675; baseline -0.001 -16"><span class='ocrx_word' id='word_1_115' title='bbox 104 1617 260 1659; x_wconf 63' lang='lat' dir='ltr'><strong>XXV„</strong></span> <span class='ocrx_word' id='word_1_116' title='bbox 279 1617 439 1659; x_wconf 66' lang='lat' dir='ltr'>Dmmzn</span> <span class='ocrx_word' id='word_1_117' title='bbox 456 1623 603 1659; x_wconf 89' lang='lat' dir='ltr'>autem</span> <span class='ocrx_word' id='word_1_118' title='bbox 625 1614 680 1658; x_wconf 89' lang='lat' dir='ltr'>de</span> <span class='ocrx_word' id='word_1_119' title='bbox 700 1613 918 1674; x_wconf 86' lang='lat' dir='ltr'>aliquibus</span> <span class='ocrx_word' id='word_1_120' title='bbox 931 1614 1127 1672; x_wconf 79' lang='lat' dir='ltr'>Angelis,</span> <span class='ocrx_word' id='word_1_121' title='bbox 1151 1612 1271 1675; x_wconf 89' lang='lat' dir='ltr'>quod</span> <span class='ocrx_word' id='word_1_122' title='bbox 1288 1616 1333 1658; x_wconf 90' lang='lat' dir='ltr'>in</span> <span class='ocrx_word' id='word_1_123' title='bbox 1354 1630 1434 1659; x_wconf 90' lang='lat' dir='ltr'>suo</span> 
     </span>
     <span class='ocr_line' id='line_1_18' title="bbox 45 1684 1433 1748; baseline -0.001 -17"><span class='ocrx_word' id='word_1_124' title='bbox 45 1685 237 1748; x_wconf 90' lang='lat' dir='ltr'>quodam</span> <span class='ocrx_word' id='word_1_125' title='bbox 255 1701 409 1744; x_wconf 83' lang='lat' dir='ltr'>genere</span> <span class='ocrx_word' id='word_1_126' title='bbox 432 1685 546 1729; x_wconf 91' lang='lat' dir='ltr'>beati</span> <span class='ocrx_word' id='word_1_127' title='bbox 570 1701 660 1730; x_wconf 88' lang='lat' dir='ltr'>esse</span> <span class='ocrx_word' id='word_1_128' title='bbox 676 1686 865 1746; x_wconf 75' lang='lat' dir='ltr'>possint,</span> <span class='ocrx_word' id='word_1_129' title='bbox 896 1684 1057 1729; x_wconf 73' lang='lat' dir='ltr'>futurae</span> <span class='ocrx_word' id='word_1_130' title='bbox 1083 1702 1171 1730; x_wconf 82' lang='lat' dir='ltr'>suae</span> <span class='ocrx_word' id='word_1_131' title='bbox 1194 1685 1433 1746; x_wconf 84' lang='lat' dir='ltr'>iniquitatis</span> 
     </span>
     <span class='ocr_line' id='line_1_19' title="bbox 46 1756 1432 1817; baseline -0.001 -15"><span class='ocrx_word' id='word_1_132' title='bbox 46 1769 90 1802; x_wconf 82' lang='lat' dir='ltr'>et</span> <span class='ocrx_word' id='word_1_133' title='bbox 112 1757 416 1812; x_wconf 83' lang='lat' dir='ltr'>damnationis,</span> <span class='ocrx_word' id='word_1_134' title='bbox 437 1756 506 1801; x_wconf 81' lang='lat' dir='ltr'>vel</span> <span class='ocrx_word' id='word_1_135' title='bbox 529 1766 645 1800; x_wconf 85' lang='lat' dir='ltr'>certe</span> <span class='ocrx_word' id='word_1_136' title='bbox 667 1766 889 1816; x_wconf 82' lang='lat' dir='ltr'>perpetuae</span> <span class='ocrx_word' id='word_1_137' title='bbox 907 1756 1055 1800; x_wconf 90' lang='lat' dir='ltr'>salutis</span> <span class='ocrx_word' id='word_1_138' title='bbox 1076 1756 1246 1812; x_wconf 83' lang='lat' dir='ltr'>incerti,</span> <span class='ocrx_word' id='word_1_139' title='bbox 1272 1757 1432 1817; x_wconf 87' lang='lat' dir='ltr'>quibus</span> 
     </span>
     <span class='ocr_line' id='line_1_20' title="bbox 46 1826 1431 1889; baseline -0.002 -15"><span class='ocrx_word' id='word_1_140' title='bbox 46 1844 125 1874; x_wconf 89' lang='lat' dir='ltr'>nec</span> <span class='ocrx_word' id='word_1_141' title='bbox 143 1844 238 1889; x_wconf 86' lang='lat' dir='ltr'>spes</span> <span class='ocrx_word' id='word_1_142' title='bbox 259 1828 466 1883; x_wconf 81' lang='lat' dir='ltr'>subesset,</span> <span class='ocrx_word' id='word_1_143' title='bbox 484 1826 605 1888; x_wconf 89' lang='lat' dir='ltr'>quod</span> <span class='ocrx_word' id='word_1_144' title='bbox 622 1826 856 1887; x_wconf 87' lang='lat' dir='ltr'>aliquando</span> <span class='ocrx_word' id='word_1_145' title='bbox 879 1836 921 1870; x_wconf 91' lang='lat' dir='ltr'>et</span> <span class='ocrx_word' id='word_1_146' title='bbox 942 1827 1022 1886; x_wconf 87' lang='lat' dir='ltr'>ipsi</span> <span class='ocrx_word' id='word_1_147' title='bbox 1045 1826 1190 1887; x_wconf 87' lang='lat' dir='ltr'>aliqua</span> <span class='ocrx_word' id='word_1_148' title='bbox 1212 1828 1257 1870; x_wconf 90' lang='lat' dir='ltr'>in</span> <span class='ocrx_word' id='word_1_149' title='bbox 1280 1827 1431 1871; x_wconf 88' lang='lat' dir='ltr'>melius</span> 
     </span>
     <span class='ocr_line' id='line_1_21' title="bbox 44 1897 1430 1959; baseline -0.001 -14"><span class='ocrx_word' id='word_1_150' title='bbox 44 1900 288 1946; x_wconf 81' lang='lat' dir='ltr'>mutatione</span> <span class='ocrx_word' id='word_1_151' title='bbox 311 1900 417 1944; x_wconf 88' lang='lat' dir='ltr'>certi</span> <span class='ocrx_word' id='word_1_152' title='bbox 434 1898 489 1943; x_wconf 89' lang='lat' dir='ltr'>de</span> <span class='ocrx_word' id='word_1_153' title='bbox 506 1899 586 1942; x_wconf 84' lang='lat' dir='ltr'>hac</span> <span class='ocrx_word' id='word_1_154' title='bbox 609 1914 654 1942; x_wconf 90' lang='lat' dir='ltr'>re</span> <span class='ocrx_word' id='word_1_155' title='bbox 676 1897 812 1942; x_wconf 86' lang='lat' dir='ltr'>futuri</span> <span class='ocrx_word' id='word_1_156' title='bbox 832 1907 973 1942; x_wconf 86' lang='lat' dir='ltr'>essent</span> <span class='ocrx_word' id='word_1_157' title='bbox 992 1934 1001 1954; x_wconf 83' lang='lat'>‚</span> <span class='ocrx_word' id='word_1_158' title='bbox 1026 1898 1097 1943; x_wconf 77' lang='lat' dir='ltr'>vix</span> <span class='ocrx_word' id='word_1_159' title='bbox 1117 1898 1296 1942; x_wconf 82' lang='lat' dir='ltr'>ferenda</span> <span class='ocrx_word' id='word_1_160' title='bbox 1316 1916 1430 1959; x_wconf 85' lang='lat' dir='ltr'>prae-</span> 
     </span>
     <span class='ocr_line' id='line_1_22' title="bbox 45 1968 1432 2032; baseline 0 -16"><span class='ocrx_word' id='word_1_161' title='bbox 45 1972 235 2032; x_wconf 88' lang='lat' dir='ltr'>sumptio</span> <span class='ocrx_word' id='word_1_162' title='bbox 264 1980 328 2015; x_wconf 92' lang='lat' dir='ltr'>est</span> <span class='ocrx_word' id='word_1_163' title='bbox 357 1990 366 2015; x_wconf 73' lang='grc' dir='ltr'>ι</span> <span class='ocrx_word' id='word_1_164' title='bbox 401 1970 482 2014; x_wconf 91' lang='lat' dir='ltr'>nisi</span> <span class='ocrx_word' id='word_1_165' title='bbox 514 1968 626 2014; x_wconf 87' lang='lat' dir='ltr'>forte</span> <span class='ocrx_word' id='word_1_166' title='bbox 659 1979 702 2013; x_wconf 88' lang='lat' dir='ltr'>ct</span> <span class='ocrx_word' id='word_1_167' title='bbox 734 1970 817 2014; x_wconf 90' lang='lat' dir='ltr'>hoc</span> <span class='ocrx_word' id='word_1_168' title='bbox 848 1969 1037 2025; x_wconf 82' lang='lat' dir='ltr'>dicatur,</span> <span class='ocrx_word' id='word_1_169' title='bbox 1063 1970 1120 2013; x_wconf 86' lang='lat' dir='ltr'>ita</span> <span class='ocrx_word' id='word_1_170' title='bbox 1143 1980 1308 2014; x_wconf 87' lang='lat' dir='ltr'>creatos</span> <span class='ocrx_word' id='word_1_171' title='bbox 1329 1971 1432 2016; x_wconf 88' lang='lat' dir='ltr'>istos</span> 
     </span>
     <span class='ocr_line' id='line_1_23' title="bbox 43 2040 1426 2101; baseline -0.001 -15"><span class='ocrx_word' id='word_1_172' title='bbox 43 2042 232 2101; x_wconf 85' lang='lat' dir='ltr'>Angelos</span> <span class='ocrx_word' id='word_1_173' title='bbox 252 2041 485 2086; x_wconf 89' lang='lat' dir='ltr'>mundanis</span> <span class='ocrx_word' id='word_1_174' title='bbox 517 2041 762 2085; x_wconf 80' lang='lat' dir='ltr'>ministeriis</span> <span class='ocrx_word' id='word_1_175' title='bbox 797 2041 1049 2085; x_wconf 82' lang='lat' dir='ltr'>distributos</span> <span class='ocrx_word' id='word_1_176' title='bbox 1068 2040 1149 2084; x_wconf 90' lang='lat' dir='ltr'>sub</span> <span class='ocrx_word' id='word_1_177' title='bbox 1173 2040 1264 2084; x_wconf 90' lang='lat' dir='ltr'>aliis</span> <span class='ocrx_word' id='word_1_178' title='bbox 1286 2041 1426 2085; x_wconf 91' lang='lat' dir='ltr'>subli-</span> 
     </span>
     <span class='ocr_line' id='line_1_24' title="bbox 45 2112 1429 2172; baseline 0.001 -16"><span class='ocrx_word' id='word_1_179' title='bbox 45 2113 256 2157; x_wconf 88' lang='lat' dir='ltr'>mioribus</span> <span class='ocrx_word' id='word_1_180' title='bbox 282 2122 325 2156; x_wconf 87' lang='lat' dir='ltr'>et</span> <span class='ocrx_word' id='word_1_181' title='bbox 347 2112 613 2156; x_wconf 84' lang='lat' dir='ltr'>beatioribus</span> <span class='ocrx_word' id='word_1_182' title='bbox 631 2147 641 2166; x_wconf 91' lang='lat'>,</span> <span class='ocrx_word' id='word_1_183' title='bbox 667 2121 717 2155; x_wconf 89' lang='lat' dir='ltr'>ut</span> <span class='ocrx_word' id='word_1_184' title='bbox 738 2127 817 2170; x_wconf 90' lang='lat' dir='ltr'>pro</span> <span class='ocrx_word' id='word_1_185' title='bbox 848 2121 962 2155; x_wconf 82' lang='lat' dir='ltr'>recte</span> <span class='ocrx_word' id='word_1_186' title='bbox 986 2112 1113 2169; x_wconf 84' lang='lat' dir='ltr'>gestis</span> <span class='ocrx_word' id='word_1_187' title='bbox 1135 2112 1429 2172; x_wconf 77' lang='lat' dir='ltr'>praeposituris</span> 
     </span>
     <span class='ocr_line' id='line_1_25' title="bbox 46 2181 1430 2244; baseline -0.001 -15"><span class='ocrx_word' id='word_1_188' title='bbox 46 2184 131 2230; x_wconf 88' lang='lat' dir='ltr'>suis</span> <span class='ocrx_word' id='word_1_189' title='bbox 154 2183 367 2242; x_wconf 86' lang='lat' dir='ltr'>accipiant</span> <span class='ocrx_word' id='word_1_190' title='bbox 387 2181 504 2226; x_wconf 87' lang='lat' dir='ltr'>illam</span> <span class='ocrx_word' id='word_1_191' title='bbox 528 2183 661 2227; x_wconf 86' lang='lat' dir='ltr'>vitam</span> <span class='ocrx_word' id='word_1_192' title='bbox 679 2182 851 2226; x_wconf 85' lang='lat' dir='ltr'>beatam</span> <span class='ocrx_word' id='word_1_193' title='bbox 868 2198 916 2226; x_wconf 88' lang='lat' dir='ltr'>ac</span> <span class='ocrx_word' id='word_1_194' title='bbox 937 2181 1251 2238; x_wconf 84' lang='lat' dir='ltr'>sublimiorem,</span> <span class='ocrx_word' id='word_1_195' title='bbox 1266 2183 1321 2227; x_wconf 85' lang='lat' dir='ltr'>de</span> <span class='ocrx_word' id='word_1_196' title='bbox 1343 2200 1430 2244; x_wconf 87' lang='lat' dir='ltr'>qua</span> 
     </span>
     <span class='ocr_line' id='line_1_26' title="bbox 46 2253 1431 2316; baseline 0.001 -18"><span class='ocrx_word' id='word_1_197' title='bbox 46 2255 209 2316; x_wconf 75' lang='lat' dir='ltr'>possint</span> <span class='ocrx_word' id='word_1_198' title='bbox 226 2269 315 2298; x_wconf 86' lang='lat' dir='ltr'>esse</span> <span class='ocrx_word' id='word_1_199' title='bbox 336 2253 573 2308; x_wconf 83' lang='lat' dir='ltr'>certissimi,</span> <span class='ocrx_word' id='word_1_200' title='bbox 591 2254 714 2313; x_wconf 87' lang='lat' dir='ltr'>cujus</span> <span class='ocrx_word' id='word_1_201' title='bbox 737 2255 888 2314; x_wconf 87' lang='lat' dir='ltr'>utique</span> <span class='ocrx_word' id='word_1_202' title='bbox 909 2269 983 2313; x_wconf 85' lang='lat' dir='ltr'>spe</span> <span class='ocrx_word' id='word_1_203' title='bbox 1006 2253 1244 2313; x_wconf 83' lang='lat' dir='ltr'>gaudentes</span> <span class='ocrx_word' id='word_1_204' title='bbox 1267 2256 1431 2315; x_wconf 83' lang='lat' dir='ltr'>possint</span> 
     </span>
     <span class='ocr_line' id='line_1_27' title="bbox 45 2325 1428 2385; baseline -0.001 -13"><span class='ocrx_word' id='word_1_205' title='bbox 45 2342 136 2372; x_wconf 91' lang='lat' dir='ltr'>non</span> <span class='ocrx_word' id='word_1_206' title='bbox 158 2327 397 2384; x_wconf 88' lang='lat' dir='ltr'>incongrue</span> <span class='ocrx_word' id='word_1_207' title='bbox 419 2325 504 2369; x_wconf 86' lang='lat' dir='ltr'>dici</span> <span class='ocrx_word' id='word_1_208' title='bbox 522 2326 613 2385; x_wconf 88' lang='lat' dir='ltr'>jam</span> <span class='ocrx_word' id='word_1_209' title='bbox 635 2325 764 2369; x_wconf 88' lang='lat' dir='ltr'>beati.</span> <span class='ocrx_word' id='word_1_210' title='bbox 791 2328 854 2369; x_wconf 80' lang='lat' dir='ltr'>Ex</span> <span class='ocrx_word' id='word_1_211' title='bbox 872 2341 1059 2385; x_wconf 86' lang='lat' dir='ltr'>quorum</span> <span class='ocrx_word' id='word_1_212' title='bbox 1079 2342 1263 2370; x_wconf 89' lang='lat' dir='ltr'>numero</span> <span class='ocrx_word' id='word_1_213' title='bbox 1282 2327 1315 2371; x_wconf 88' lang='lat' dir='ltr'>si</span> <span class='ocrx_word' id='word_1_214' title='bbox 1333 2326 1428 2371; x_wconf 81' lang='lat' dir='ltr'>dia-</span> 
     </span>
     <span class='ocr_line' id='line_1_28' title="bbox 45 2395 1430 2456; baseline 0 -15"><span class='ocrx_word' id='word_1_215' title='bbox 45 2395 172 2442; x_wconf 88' lang='lat' dir='ltr'>bolus</span> <span class='ocrx_word' id='word_1_216' title='bbox 200 2395 358 2440; x_wconf 85' lang='lat' dir='ltr'>cecidit</span> <span class='ocrx_word' id='word_1_217' title='bbox 380 2411 479 2440; x_wconf 90' lang='lat' dir='ltr'>cum</span> <span class='ocrx_word' id='word_1_218' title='bbox 503 2396 625 2439; x_wconf 88' lang='lat' dir='ltr'>sociis</span> <span class='ocrx_word' id='word_1_219' title='bbox 651 2395 888 2456; x_wconf 82' lang='lat' dir='ltr'>iniquitatis</span> <span class='ocrx_word' id='word_1_220' title='bbox 910 2412 1020 2451; x_wconf 58' lang='lat' dir='ltr'>supe,</span> <span class='ocrx_word' id='word_1_221' title='bbox 1047 2397 1184 2441; x_wconf 87' lang='lat' dir='ltr'>simile</span> <span class='ocrx_word' id='word_1_222' title='bbox 1207 2407 1270 2440; x_wconf 82' lang='lat' dir='ltr'>est</span> <span class='ocrx_word' id='word_1_223' title='bbox 1290 2398 1374 2441; x_wconf 82' lang='lat' dir='ltr'>hoc</span> <span class='ocrx_word' id='word_1_224' title='bbox 1392 2399 1430 2441; x_wconf 80' lang='lat' dir='ltr'>ci</span> 
     </span>
     <span class='ocr_line' id='line_1_29' title="bbox 47 2465 1430 2528; baseline -0.001 -17"><span class='ocrx_word' id='word_1_225' title='bbox 47 2466 167 2528; x_wconf 86' lang='lat' dir='ltr'>quod</span> <span class='ocrx_word' id='word_1_226' title='bbox 189 2465 352 2510; x_wconf 88' lang='lat' dir='ltr'>cadunt</span> <span class='ocrx_word' id='word_1_227' title='bbox 374 2483 397 2510; x_wconf 88' lang='lat' dir='ltr'>a</span> <span class='ocrx_word' id='word_1_228' title='bbox 414 2467 579 2526; x_wconf 85' lang='lat' dir='ltr'>justitia</span> <span class='ocrx_word' id='word_1_229' title='bbox 607 2465 707 2509; x_wconf 88' lang='lat' dir='ltr'>fidei</span> <span class='ocrx_word' id='word_1_230' title='bbox 732 2466 860 2510; x_wconf 83' lang='lat' dir='ltr'>etiam</span> <span class='ocrx_word' id='word_1_231' title='bbox 884 2467 1102 2522; x_wconf 74' lang='lat' dir='ltr'>homines,</span> <span class='ocrx_word' id='word_1_232' title='bbox 1128 2466 1254 2512; x_wconf 85' lang='lat' dir='ltr'>simili</span> <span class='ocrx_word' id='word_1_233' title='bbox 1279 2483 1430 2526; x_wconf 72' lang='lat' dir='ltr'>snper-</span> 
     </span>
    </p>
   </div>
   <div class='ocr_carea' id='block_1_7' title="bbox 97 2562 334 2604">
    <p class='ocr_par' dir='ltr' id='par_1_7' title="bbox 97 2562 334 2604">
     <span class='ocr_line' id='line_1_30' title="bbox 97 2562 334 2604; baseline -0.004 -10"><span class='ocrx_word' id='word_1_234' title='bbox 97 2571 104 2586; x_wconf 92' lang='lat'>¹</span> <span class='ocrx_word' id='word_1_235' title='bbox 126 2562 205 2595; x_wconf 85' lang='lat' dir='ltr'>Psal.</span> <span class='ocrx_word' id='word_1_236' title='bbox 221 2573 255 2604; x_wconf 86' lang='lat' dir='ltr'>u,</span> <span class='ocrx_word' id='word_1_237' title='bbox 283 2570 334 2594; x_wconf 86' lang='lat'>12.</span> 
     </span>
    </p>
   </div>
  </div>
 </body>
</html>
