1854 3219
363 195 446 231 :372
801 208 832 232 s.
872 206 1099 234 aceessum
1135 209 1312 234 izviscovi

360 270 468 314 nulli
499 270 612 313 enini
649 270 819 314 codices
853 271 1040 327 liabent,
1072 293 1090 314 «
1119 273 1305 333 Spiravit
1341 272 1410 316 vel
1449 273 1670 331 inspiravit
1708 274 1752 317 in

369 362 389 383 «
415 340 567 385 faciem
604 341 710 400 ejus.
742 360 762 380 »
787 341 871 386 Sed
899 357 999 386 cum
1024 344 1161 388 Graeci
1207 344 1397 387 habeant
1430 352 1635 399 ενεῳὺστσεν,
1664 359 1752 387 non

360 411 591 455 dubitatur
608 410 728 454 (lavit
752 411 819 455 vel
843 412 1032 457 sulllavit
1053 429 1142 458 0550
1165 413 1416 458 dicendum.
1440 413 1752 467 Quaerebamus

357 491 504 526 autem
538 482 582 526 in
605 482 818 542 superiori
845 498 1042 528 sermone
1072 483 1127 528 (10
1153 484 1353 529 manibus
1378 485 1478 540 Dei,
1501 500 1602 529 eum
1621 484 1753 528 homo

357 551 411 597 de
438 551 545 598 limo
569 552 782 597 formatus
799 554 1062 613 cogitaretur
1084 574 1092 599 :
1119 554 1226 616 quid
1250 570 1353 613 ergo
1376 570 1494 599 nune
1516 553 1751 599 dicendum

355 625 481 669 estin
505 642 556 670 eo
578 625 699 687 quod
721 626 931 686 seriptum
953 636 1043 671 est:
1069 647 1088 669 «
1117 625 1316 672 Sufflavit
1338 629 1472 682 Deus,
1503 645 1522 667 »
1544 626 1625 671 nisi
1648 625 1751 686 quia

354 696 467 741 sicut
484 713 573 742 non
596 696 800 742 inanibus
822 698 1014 758 corporis
1031 698 1175 755 finxit,
1196 697 1251 743 ita
1276 713 1356 743 nee
1379 696 1578 744 faucibus
1600 697 1750 742 labiis-

355 782 441 827 que
461 767 667 813 sufflavit.

359 925 388 941 Ἃ
394 925 531 942 mmmm!
537 926 568 941 Χῖ
573 926 602 941 ἱὶ
607 925 673 943 223¹!
679 925 744 942 ἱὶνὶ
749 925 816 943 Um!
821 926 887 942 mvn
892 926 958 943 ὬἊΊ
965 926 1030 942 ἱὶἢὶ
1036 926 1102 943 §125
1107 926 1173 942 5.ssss
1179 926 1245 942 21ss
1252 926 1319 943 ἱνὶἱ
1325 926 1391 943 &Qu
1397 926 1533 943 Ἇῆἱὶνὶἱ
1537 926 1675 943 ὐνδννὶὣὶ
1681 926 1747 942 §am

887 1056 924 1103 C
930 1055 1012 1102 ΑΡ
1017 1057 1061 1102 U
1068 1057 1110 1102 T
1146 1058 1188 1102 Il
1195 1053 1205 1076 ¹

1214 1091 1222 1100 a

352 1193 589 1238 Animam
611 1209 707 1238 muz
740 1209 844 1239 esse
863 1192 1076 1256 ejusdem
1093 1203 1282 1239 metune
1295 1209 1403 1239 cum
1425 1192 1533 1239 Deo
1553 1209 1615 1238 ex
1633 1208 1748 1253 pro-

613 1266 773 1324 posito
813 1264 1076 1325 Scriptum&
1109 1264 1213 1310 loco
1244 1266 1478 1328 arguitur.

414 1403 495 1445 111.
532 1403 847 1445 VERUMTAMEN
886 1401 971 1445 hoc
1003 1401 1139 1446 verbo
1165 1401 1386 1461 Scriptura
1428 1401 1472 1444 in
1508 1400 1750 1460 quaestione

352 1470 609 1516 difficillima
645 1472 885 1531 plurimum
924 1488 1027 1527 nos,
1073 1481 1290 1533 quantum
1332 1472 1510 1532 opinor,
1552 1471 1745 1532 adjuvat.

350 1545 460 1589 Nam
483 1559 583 1587 cum
607 1541 784 1602 quidam
811 1558 862 1585 ex
884 1543 967 1586 hoc
1004 1542 1137 1587 verbo
1169 1541 1435 1587 crediderint
1469 1541 1635 1602 aliquid
1660 1557 1749 1586 0550

352 1615 542 1659 animam
567 1614 621 1657 dc
652 1615 742 1673 ipsa
770 1614 1010 1658 substantia
1035 1615 1134 1670 Dei,
1168 1613 1214 1658 id
1243 1624 1329 1670 est,
1356 1614 1549 1675 ejusdem
1580 1623 1748 1658 naturae

350 1687 475 1746 cujus
499 1685 570 1729 ille
593 1693 684 1739 est,
712 1685 795 1728 hoc
816 1684 913 1728 ideo
933 1694 1162 1744 putantes,
1184 1685 1287 1744 quia
1308 1701 1409 1730 cum
1427 1686 1559 1729 homo
1582 1686 1745 1740 sufflat,

352 1756 515 1816 aliquid
533 1756 587 1800 de
609 1772 652 1800 se
674 1756 769 1815 ipso
799 1755 914 1814 ejicit
936 1755 981 1798 in
1010 1756 1117 1799 ssatu
1145 1774 1152 1799 :
1179 1756 1280 1799 hine
1308 1756 1452 1815 potius
1481 1754 1748 1800 admonendi

350 1843 498 1873 sumus
538 1827 651 1871 hanc
682 1826 900 1870 inimicam
927 1825 1029 1870 fidei
1061 1825 1286 1870 catholicae
1310 1827 1544 1886 reprobare
1572 1835 1748 1871 sentcn-

353 1900 472 1944 tiam.
500 1902 585 1943 Nos
608 1898 725 1941 enim
744 1896 960 1941 credimus
981 1897 1056 1942 Dei
1075 1907 1274 1941 naturam
1289 1908 1419 1958 atque
1440 1898 1744 1953 substantiam,

353 1987 453 2031 quae
476 1970 520 2014 in
546 1969 757 2014 'l'rinitate
790 1967 982 2012 creditur
1005 1984 1027 2012 a
1049 1966 1219 2023 multis,
1267 1967 1525 2027 intelligitur
1547 1986 1569 2012 a
1600 1969 1747 2029 paucis

352 2041 533 2088 omnino
555 2056 644 2085 0550
668 2038 1089 2085 incommutabilem.
1120 2042 1252 2083 Porro
1276 2049 1421 2083 autem
1445 2040 1600 2083 animae
1623 2049 1748 2084 natu-

351 2128 443 2157 ram
461 2110 529 2157 vel
556 2112 602 2155 in
637 2110 826 2155 deterius
846 2109 916 2155 vel
938 2111 982 2153 in
1004 2108 1159 2154 melius
1181 2110 1440 2154 commutari
1466 2126 1611 2170 posse,
1649 2110 1746 2170 quis

351 2184 562 2241 ambigit?
585 2187 642 2227 At
666 2199 742 2243 per
765 2183 848 2227 hoc
877 2181 1081 2239 sacrilega
1115 2182 1263 2241 opinio
1295 2191 1383 2236 est,
1411 2198 1505 2225 eam
1527 2191 1569 2225 ct
1607 2185 1746 2226 Deum

351 2254 527 2299 credere
550 2255 678 2298 unius
703 2269 792 2297 esse
810 2253 1077 2297 substantiae.
1097 2251 1213 2305 Quid
1235 2252 1351 2295 enim
1371 2253 1453 2296 hoc
1472 2252 1603 2297 modo
1627 2251 1747 2297 aliud

352 2341 485 2387 quam
513 2334 556 2369 et
589 2324 662 2368 illc
684 2323 1005 2369 eonnnutabilis
1029 2322 1252 2368 credituri)
1289 2322 1570 2368 Credendum
1597 2324 1745 2384 itaque

353 2407 442 2452 cst,
479 2406 522 2441 et
553 2395 915 2455 intelligendum,
954 2410 1096 2455 neque
1129 2393 1219 2439 ullo
1254 2393 1385 2438 modo
1420 2394 1740 2449 dubitandum,

352 2468 473 2531 quod
503 2478 619 2514 recta
643 2468 747 2512 fides
769 2468 901 2511 habet
912 2502 926 2522 ,
955 2467 1143 2510 animam
1164 2467 1222 2511 sic
1262 2482 1351 2511 0550
1374 2484 1396 2510 a
1422 2470 1510 2511 Deo
1534 2476 1743 2528 tanquam

399 2575 407 2592 ¹
429 2572 531 2612 Caput
545 2580 566 2602 ιι
584 2568 708 2612 incipit,
729 2567 757 2600 in
773 2567 877 2606 editis,
893 2566 1022 2599 inferius
1035 2566 1075 2598 ad
1097 2565 1194 2599 verba
1212 2578 1218 2598 :
1240 2568 1328 2599 Nam
1347 2578 1421 2599 cum
1440 2565 1589 2613 quidam,
1608 2570 1672 2598 etc.
