1854 3219
340 170 393 195 DE
427 169 634 197 noemma
667 168 920 197 CHRISTIANA
954 171 1036 196 Lm.
1074 171 1133 196 iv.
1373 157 1427 196 63

42 233 288 290 terponitur
319 233 461 278 brevis
489 233 722 289 circuitus,
756 233 966 294 quoniam
995 248 1200 292 suspensa
1228 247 1428 292 pronun-

41 301 220 346 tiatione
241 302 599 361 distinguendum
621 312 711 359 est,
745 322 767 346 «
792 307 830 348 A
851 306 875 348 J
882 302 1015 348 udaeis
1044 303 1278 364 quinquies
1303 321 1323 346 »
1341 338 1354 359 ,
1380 312 1431 348 ut

40 373 123 418 hoc
139 374 195 419 sit
209 390 349 420 unum
364 376 612 420 membrum
626 411 638 431 ,
656 375 728 420 cui
748 390 915 420 connec
922 375 1025 421 titur
1040 374 1226 419 alterum
1238 410 1248 430 ,
1278 394 1300 418 «
1319 391 1430 435 qua-

42 462 63 485 »
98 443 299 504 draginta
319 462 407 491 una
433 446 577 492 minus
598 447 759 507 accepi.
781 465 801 488 »
829 445 937 491 Inde
963 445 1130 491 reditur
1149 446 1206 490 ad
1227 462 1360 502 caesa,
1385 456 1430 492 et

38 524 265 574 ponuntur
292 517 402 573 tria,
426 537 451 561 «
477 520 558 562 Ter
582 517 713 576 virgis
742 532 880 562 caesus
905 532 1024 573 sum,
1058 516 1192 561 semel
1210 514 1429 576 lapidatus

43 604 61 626 »
92 600 218 642 sum,
261 596 328 632 ter
366 588 648 648 naufragium
686 587 784 633 feci.
834 607 856 631 »
902 589 1109 649 Sequitur
1146 588 1397 633 membrum
1413 623 1426 644 ,

41 673 62 698 «
94 658 232 702 Nocte
250 672 299 702 ac
318 657 391 704 die
412 659 458 704 in
478 658 700 719 profundo
721 658 851 704 maris
871 659 953 705 fui.
983 679 1001 702 »
1027 658 1195 704 Deinde
1217 667 1428 719 quatuor-

36 724 179 771 decim
210 743 320 773 caesa
355 729 658 776 decentissimo
684 731 852 790 impetu
873 730 1128 790 profluunt,
1165 749 1185 772 «
1215 732 1267 774 In
1292 729 1426 774 itine-

39 814 60 838 »
95 797 215 842 ribus
245 814 385 859 saepe,
418 800 620 860 periculis
649 801 905 856 fluminum,
944 800 1149 860 periculis
1179 800 1424 857 latronum,

39 884 60 909 »
93 869 296 928 periculis
317 886 369 914 ex
390 886 568 929 genere,
599 870 804 930 periculis
824 886 877 916 ex
901 871 1102 930 gentibus
1116 907 1128 928 ,
1158 871 1361 932 periculis
1382 872 1429 916 in

39 957 60 982 »
94 939 288 997 civitate,
322 941 524 1002 periculis
548 942 595 986 in
616 942 788 988 deserto
804 977 816 998 ,
840 941 1044 1003 periculis
1073 943 1121 987 in
1147 944 1278 999 mari,
1309 943 1427 1003 peri-

38 1028 59 1053 »
93 1011 202 1056 culis
219 1012 266 1056 in
280 1012 399 1058 falsis
411 1013 644 1071 fratribus,
661 1014 709 1058 in
729 1014 878 1059 labore
900 1023 944 1059 et
965 1029 1177 1070 aerumna,
1204 1014 1250 1058 in
1270 1013 1428 1073 vigiliis

37 1099 59 1124 »
93 1084 249 1144 saepius
261 1119 272 1140 ,
302 1084 350 1128 in
364 1083 479 1129 fame
497 1094 544 1130 et
563 1084 654 1141 siti,
679 1085 726 1129 in
743 1085 918 1146 jejuniis
933 1085 1089 1146 saepius
1106 1121 1118 1142 ,
1138 1086 1185 1130 in
1201 1084 1363 1145 frigore
1383 1095 1429 1130 et

37 1171 59 1195 »
93 1154 307 1199 nuditate.
331 1173 352 1198 n
374 1159 478 1200 Post
490 1156 586 1201 haec
601 1155 841 1217 interponit
859 1156 1159 1202 trimembrem
1174 1157 1424 1212 circuitum,

39 1243 59 1267 «
95 1229 256 1271 Praeter
275 1225 350 1272 illa
369 1242 470 1288 quae
496 1228 761 1273 extrinsecus
782 1237 904 1284 sunt,
929 1228 1130 1273 incursus
1149 1229 1196 1273 in
1216 1244 1287 1273 me
1311 1243 1428 1289 quo-

37 1313 58 1337 »
92 1296 280 1341 tidianus
296 1333 307 1353 ,
337 1298 586 1344 sollicitudo
612 1300 811 1345 omnium
839 1299 1149 1345 Ecclesiarum.
1179 1318 1199 1341 »
1232 1302 1290 1344 Et
1322 1299 1426 1344 huic

33 1367 123 1413 duo
144 1366 341 1413 membra
361 1369 691 1428 percontatione
708 1370 934 1429 subjungit
950 1403 961 1424 ,
991 1388 1012 1411 «
1038 1370 1144 1423 Quis
1160 1370 1424 1425 infirmatur,

35 1456 57 1481 »
91 1447 136 1484 et
157 1455 238 1500 ego
272 1454 364 1484 non
397 1439 624 1485 infirmor?
651 1440 757 1494 Quis
790 1438 1122 1495 scandalizatur,
1158 1448 1202 1484 et
1223 1455 1304 1499 ego
1336 1455 1442 1496 non?

35 1529 56 1553 »
90 1511 223 1555 uror?
247 1528 268 1553 »
294 1514 518 1556 Postremo
539 1515 658 1557 totus
685 1511 766 1556 iste
786 1511 913 1572 quasi
946 1510 1156 1555 anhelans
1187 1510 1332 1566 locus,
1357 1510 1427 1555 bi—

32 1583 218 1628 membri
248 1582 435 1628 circuitu
455 1583 730 1628 terminatur.
765 1601 785 1625 «
813 1582 857 1628 Si
879 1581 1052 1641 gloriari
1078 1589 1272 1641 oportet,
1306 1580 1353 1624 in
1377 1581 1429 1625 iis

36 1672 57 1697 «
89 1670 189 1715 quae
208 1654 472 1700 infirmitatis
494 1669 605 1699 meae
622 1662 725 1698 sunt
748 1652 981 1713 gloriabor.
1010 1671 1031 1694 »
1057 1651 1189 1706 Quod
1211 1667 1314 1697 vero
1331 1660 1429 1711 post

30 1724 152 1770 hunc
180 1725 394 1785 impetum
424 1726 679 1785 interposita
711 1723 1039 1770 narratiuncula
1071 1723 1267 1785 quodam
1296 1723 1428 1767 modo

30 1797 283 1858 requiescit,
308 1806 353 1842 et
373 1797 645 1859 requiescere
668 1795 771 1842 facit
797 1796 1040 1841 auditorem
1056 1830 1067 1851 ,
1094 1794 1204 1856 quid
1226 1794 1395 1839 decoris
1413 1829 1425 1850 ,

31 1867 141 1929 quid
162 1867 459 1914 delectationis
481 1869 641 1912 habeat
655 1902 666 1923 ,
690 1869 789 1912 satis
812 1867 899 1911 dici
921 1883 1012 1913 non
1033 1875 1192 1926 potest.
1222 1865 1428 1926 Sequitur

30 1939 147 1984 enim
179 1937 327 1984 dicens
343 1974 355 1995 ,
383 1958 406 1982 α
430 1941 545 1983 Deus
567 1947 612 1982 et
633 1941 761 1983 Pater
778 1936 953 1982 Domini
985 1936 1121 1980 nostri
1144 1938 1248 1979 Jesu
1266 1935 1428 1980 Christi

36 2028 55 2050 »
89 2009 184 2066 scit,
204 2009 282 2071 qui
295 2018 360 2054 est
373 2008 634 2054 benedictus
649 2009 697 2053 in
714 2006 889 2062 saecula,
912 2006 1035 2068 quod
1051 2021 1142 2050 non
1154 2005 1384 2050 mentiorl.
1404 2023 1425 2046 »

30 2080 93 2124 Ac
112 2077 273 2123 deinde
299 2078 524 2139 quomodo
545 2078 816 2140 periclitatus
839 2076 973 2123 fuerit
987 2113 998 2134 ,
1023 2086 1067 2122 et
1083 2075 1309 2137 quomodo
1327 2091 1429 2122 eva-

33 2148 160 2205 serit,
185 2148 436 2194 brevissime
455 2159 620 2195 narrat.

90 2221 211 2265 XIV.
236 2222 439 2280 Longum
461 2229 526 2265 est
550 2229 708 2265 caetera
725 2219 957 2281 persequi,
974 2217 1046 2263 vel
1066 2218 1114 2262 in
1138 2216 1230 2262 aliis
1257 2227 1429 2263 sancta-

32 2305 131 2335 rum
169 2290 492 2351 Scripturarum
523 2290 628 2336 locis
663 2290 744 2335 ista
776 2299 1034 2336 monstrare.
1081 2289 1201 2343 Quid
1227 2289 1261 2333 si
1296 2288 1427 2333 etiam

33 2360 193 2419 figuras
226 2360 460 2407 locutionis
488 2377 589 2422 quae
621 2360 697 2405 illa
727 2370 818 2406 arte
840 2360 1090 2416 traduntur,
1123 2360 1170 2403 in
1198 2359 1247 2404 iis
1275 2358 1428 2404 saltem

35 2448 134 2492 quae
151 2432 210 2478 de
226 2434 425 2494 Apostoli
440 2433 617 2496 eloquio
630 2433 994 2489 commemoravi,
1018 2431 1245 2479 ostendere
1266 2431 1430 2477 voluis-

85 2523 93 2541 ¹
112 2527 130 2550 2
145 2519 217 2551 Cor.
239 2529 283 2560 xi,
306 2519 359 2551 31.
