1854 3219
332 222 385 249 DE
418 221 569 248 GEN'Eol
604 221 657 246 AD
689 218 934 257 LlTTEnAM,
970 221 1051 247 ne.
1089 220 1165 246 vir.
1367 204 1452 244 389

61 287 171 332 leste
193 287 347 344 sentit,
373 286 588 330 actionem
611 300 732 329 suam
748 320 758 340 ,
784 301 872 345 qua
894 285 956 329 illi
980 283 1170 344 regendo
1192 281 1334 337 adest,
1365 290 1452 325 tur-

60 359 168 403 bato
212 360 306 420 ejus
338 365 684 417 temperamento
731 355 933 416 impediri
976 354 1238 410 offenditur,
1275 363 1318 398 et
1354 353 1451 397 haec

60 430 245 474 offensio
265 429 391 474 dolor
410 437 605 473 vocatur.
623 430 680 472 Et
698 430 770 471 aer
793 427 869 487 qui
889 427 1030 472 nervis
1043 426 1213 470 infusus
1232 435 1310 480 est,
1327 433 1451 485 paret

58 499 274 545 voluntati
296 509 347 544 ut
377 499 573 543 membra
604 507 798 554 moveat,
826 514 914 542 non
948 507 1095 543 autem
1128 497 1218 557 ipse
1246 496 1450 541 voluntas

56 581 134 617 est.
160 575 218 617 Et
245 570 320 616 illa
341 586 439 631 pars
466 569 609 614 media
642 578 813 614 motum
844 569 1147 613 membrorum
1177 567 1375 622 nuntiat,
1398 575 1450 611 ut

54 642 263 687 memoria
284 651 508 698 teneatur,
529 657 620 686 non
647 640 739 701 ipsa
759 640 969 684 memoria
1007 648 1086 684 est.
1112 638 1310 698 Denique
1342 636 1449 682 dum

54 713 149 758 haec
163 714 254 774 ejus
271 721 483 774 tanquam
505 711 741 756 ministeria
763 710 869 756 vitio
891 710 1090 771 quolibet
1117 724 1194 754 seu
1215 709 1450 770 perturba-

55 785 172 829 tione
190 785 307 829 omni
324 783 457 828 modo
473 783 700 838 deficiunt,
723 782 1031 826 desistentibus
1048 781 1214 825 nuntiis
1232 780 1449 826 sentiendi

53 865 97 900 et
126 856 330 900 ministris
363 854 593 911 movendi,
628 864 839 915 tanquam
883 869 973 898 non
1006 854 1172 898 habens
1207 869 1285 898 cur
1319 853 1445 909 adsit,

52 925 259 971 abscedit.
284 926 326 971 Si
348 935 496 970 autem
512 942 603 971 non
622 926 682 970 ita
700 924 928 980 deficiunt,
954 933 1004 968 ut
1022 924 1067 968 in
1096 933 1236 969 morte
1265 924 1444 980 assolet,

52 997 257 1041 turbatur
278 997 370 1057 ejus
391 995 597 1051 intentio,
623 1005 834 1056 tanquam
856 995 1054 1040 conantis
1072 994 1368 1053 redintegrare
1382 994 1449 1038 la-

52 1067 201 1112 bentia
232 1082 312 1112 nec
338 1067 537 1112 valentis.
570 1069 628 1111 Et
655 1067 701 1110 in
734 1066 896 1128 quibus
930 1065 1059 1110 rebus
1089 1065 1317 1121 turbatur,
1347 1064 1450 1109 indo

53 1139 353 1197 cognoscitur,
385 1154 486 1199 quae
517 1153 615 1199 pars
644 1137 985 1184 ministeriorum
1011 1137 1057 1182 in
1085 1152 1214 1182 causa
1244 1136 1317 1193 sit,
1343 1145 1393 1181 ut
1414 1135 1448 1180 si

53 1208 268 1269 potuerit,
294 1209 511 1255 medicina
532 1217 770 1254 succurrat.

52 1365 904 1384 MMAAMMMMWMMMMMMWUMMMMMM
908 1364 1447 1383 mmmmmtmwwwu

577 1486 793 1535 CAPUT
832 1488 944 1535 XX.

255 1632 305 1677 A
310 1629 412 1677 liud
429 1632 596 1677 anima
608 1666 623 1687 ,
640 1628 780 1676 aliud
795 1645 986 1692 organa
1005 1631 1236 1691 eorporis.

108 1769 271 1811 XXVI.
297 1769 488 1820 NAMQUE
513 1765 633 1810 aliud
660 1781 750 1810 esse
773 1766 912 1825 ipsam
930 1801 940 1821 ,
967 1764 1086 1809 aliud
1110 1766 1204 1809 haee
1231 1767 1323 1826 ejus
1345 1782 1444 1811 cor-

49 1838 214 1899 poralia
230 1838 489 1893 ministeria,
510 1837 579 1882 vel
595 1853 711 1891 vasa,
730 1836 801 1881 vel
820 1853 1004 1896 organa,
1025 1836 1095 1881 vel
1117 1837 1151 1881 si
1170 1837 1278 1898 quid
1302 1838 1445 1897 aptius

49 1909 135 1955 dici
161 1918 367 1968 possunt,
392 1908 495 1974 hinc
528 1907 752 1952 evidenter
773 1906 936 1962 elucet,
963 1907 1085 1968 quod
1114 1907 1376 1968 plerumque
1400 1924 1445 1952 se

49 1979 298 2025 vehementi
321 1978 593 2038 cogitationis
614 1978 859 2022 intentione
882 1979 1037 2023 avertit
1061 1978 1115 2022 ab
1139 1978 1345 2023 omnibus
1360 2015 1370 2034 ,
1396 1989 1446 2024 ut

50 2066 139 2111 prae
167 2049 303 2094 oculis
330 2048 583 2109 patentibus
618 2058 823 2110 recteque
856 2048 1103 2093 valentibus
1135 2049 1274 2093 multa
1304 2050 1445 2109 posita

50 2122 234 2180 nesciat,
251 2131 295 2166 et
316 2122 349 2165 si
367 2122 505 2182 major
525 2121 708 2165 intentio
731 2130 820 2177 est,
842 2120 948 2165 dum
962 2120 1239 2177 ambulabat,
1265 2132 1445 2182 repente

50 2193 280 2248 subsistat,
310 2202 506 2237 avertens
529 2192 683 2253 utique
707 2192 950 2252 imperandi
976 2202 1135 2237 nutum
1157 2209 1181 2237 a
1204 2193 1445 2238 ministerio

51 2264 253 2309 motionis
271 2299 281 2319 ,
307 2279 393 2324 qua
413 2263 544 2324 pedes
576 2263 819 2321 agebantur
841 2284 849 2309 :
875 2265 907 2309 si
931 2274 1076 2308 autem
1106 2280 1195 2308 non
1229 2274 1348 2309 tanta
1382 2274 1446 2309 est

51 2335 321 2394 cogitationis
333 2335 519 2379 intentio
536 2370 546 2390 ,
564 2344 622 2396 'ut
636 2335 738 2393 figat
753 2335 1052 2380 ambulantem
1069 2335 1181 2391 loco,
1203 2336 1279 2380 sed
1297 2345 1444 2380 tamen

53 2415 172 2450 tanta
205 2415 269 2450 est
300 2415 351 2450 ut
381 2415 550 2466 partem
590 2405 709 2449 illam
744 2407 911 2451 cerebri
948 2406 1137 2451 mediam
1168 2407 1444 2451 nuntiantem

53 2478 243 2537 corporis
266 2486 410 2522 motus
426 2493 517 2522 non
539 2486 664 2522 vacet
685 2477 930 2534 advertere,
953 2478 1223 2523 obliviscitur
1243 2479 1444 2538 aliquau-

54 2546 132 2603 do,
158 2557 201 2592 et
227 2547 345 2592 unde
365 2548 532 2603 veniat,
557 2557 601 2592 et
621 2563 710 2608 quo
728 2558 818 2603 eat,
844 2558 887 2593 et
912 2549 1062 2593 transit
1083 2548 1337 2608 imprudens
1361 2548 1444 2592 vil-
