1854 3219
378 195 460 235 234
775 205 807 233 s.
845 206 1075 236 Anousnm
1107 209 1290 238 Emscom

434 266 562 316 XVII
569 307 576 315 .
609 270 727 325 Quid
746 286 846 329 ergo
863 281 964 317 sunt
986 273 1285 334 quadrupedia
1303 276 1321 320 Ξ)
1359 276 1623 337 Quanquam
1659 278 1775 323 enim

376 345 470 389 haee
493 342 662 398 omnia,
688 351 845 403 praeter
861 342 1066 404 quaedam
1094 346 1334 406 serpentia,
1368 355 1559 407 quatuor
1591 346 1777 408 pedibus

377 412 652 474 gradiantur,
676 413 757 458 nisi
776 423 921 459 tamen
942 415 1025 461 1106
1043 417 1220 462 1101111116
1242 417 1417 477 proprie
1448 417 1654 478 quaedam
1682 418 1776 464 vel-

376 486 437 531 let
457 484 664 545 intelligi,
692 500 782 530 non
806 486 959 547 utique
980 487 1050 532 hio
1079 488 1211 533 etiam
1239 488 1541 550 quadrupedia
1572 491 1776 536 nomina-

376 565 463 613 ret,
487 555 684 618 quamvis
705 554 759 601 de
790 556 856 601 his
885 557 932 602 in
959 558 1216 619 repetitione
1246 558 1444 605 tacuerit.
1478 563 1549 605 An
1581 562 1698 607 cervi
1734 571 1778 608 et

375 627 564 674 damulae
579 662 591 684 ,
617 636 661 672 et
681 629 859 686 onagri,
881 637 926 674 et
947 630 1062 689 apri,
1080 630 1211 690 (quia
1238 645 1383 691 neque
1400 629 1484 676 illis
1503 631 1675 688 bestiis,
1698 632 1777 677 ubi

374 700 522 745 leones
544 708 664 754 sunt,
690 700 901 760 conjungi
918 709 1102 761 possunt
1119 721 1130 759 3
1150 700 1309 746 similes
1330 702 1447 746 enim
1468 712 1572 748 sunt
1592 701 1676 747 illis
1699 718 1777 763 pe-

375 773 550 819 coribus
566 807 576 827 ,
615 786 758 832 neque
787 781 935 816 tamen
962 772 1045 817 sub
1076 773 1269 818 humana
1293 789 1397 819 eura
1419 783 1522 819 sunt
1530 810 1547 831 ,
1570 779 1583 833 )
1604 775 1778 836 proprie

375 843 680 906 quadrupedia
706 853 964 904 nuncupata
995 853 1126 903 sunt,
1155 845 1279 905 quasi
1302 845 1471 907 reliqua
1503 855 1647 891 essent
1683 847 1778 892 haee

376 916 600 972 animalia,
638 916 798 978 quibus
833 916 912 961 ista
943 915 1179 977 appellatio
1213 917 1425 976 generalis
1458 917 1640 979 quidem
1677 934 1780 963 cum

374 988 522 1033 multis
539 997 719 1049 propter
734 1003 969 1032 numerum
984 987 1170 1048 pedum,
1191 986 1267 1032 sed
1284 997 1435 1034 tamen
1452 988 1629 1050 speciali
1645 989 1778 1048 signi-

375 1059 577 1105 ficatione
595 1060 862 1106 tribueretur
880 1061 897 1104 ?
919 1062 989 1104 An
1011 1059 1114 1120 quia
1141 1068 1207 1104 ter
1225 1058 1354 1104 dixit:
1383 1079 1403 1102 «
1436 1058 1689 1106 Secundum
1703 1075 1778 1119 ge-

377 1149 398 1172 »
432 1147 537 1187 nus,
566 1149 586 1173 »
622 1131 703 1175 tria
744 1129 951 1192 quaedam
995 1145 1151 1189 genera
1193 1145 1272 1175 nos
1314 1131 1470 1176 invitat
1514 1131 1741 1176 attendere
1761 1133 1780 1177 Ξ)

375 1203 544 1258 Primo,
570 1223 591 1246 «
609 1201 861 1248 Secundum
884 1217 1020 1261 genus
1041 1220 1061 1243 »
1083 1201 1386 1262 quadrupedia
1409 1211 1452 1248 et
1475 1202 1645 1263 reptilia
1668 1224 1680 1262 3
1704 1204 1779 1248 ubi

373 1274 561 1319 arbitror
597 1273 889 1332 significatum
922 1288 1021 1333 quae
1058 1271 1363 1333 quadrupedia
1396 1274 1575 1330 dixerit,
1615 1272 1780 1320 seilicet

372 1361 473 1406 quae
492 1345 538 1390 in
562 1360 721 1404 genere
742 1353 845 1388 sunt
868 1342 1112 1404 reptilium,
1138 1344 1250 1388 sieut
1271 1352 1375 1388 sunt
1405 1343 1597 1400 lacerti,¹
1611 1344 1778 1391 stellio·-

372 1432 470 1472 nes,
496 1426 539 1461 et
559 1417 593 1460 si
611 1415 719 1477 quid
739 1415 992 1477 hujusmodi
1013 1424 1092 1460 est.
1116 1415 1310 1476 Ideoque
1327 1415 1374 1459 in
1388 1416 1648 1476 repetitione
1665 1433 1778 1477 qua-

372 1486 623 1548 drupedum
646 1502 805 1532 nomen
830 1502 922 1531 non
944 1486 1138 1542 iteravit,
1170 1485 1274 1546 quia
1299 1485 1521 1547 reptilium
1558 1487 1779 1533 vocabulo

371 1560 553 1606 fortasse
570 1558 821 1620 complexus
833 1567 897 1602 est
918 1578 926 1603 :
944 1558 1062 1602 unde
1080 1558 1139 1602 ibi
1154 1573 1245 1602 non
1257 1557 1507 1618 simpliciter
1522 1558 1607 1615 ait,
1625 1579 1645 1603 (ι
1665 1562 1779 1620 Rep-

375 1650 395 1675 »
421 1632 512 1677 tilia
523 1650 564 1688 ,1)
579 1630 654 1677 sed
668 1630 790 1676 addit
807 1650 816 1676 ι
839 1630 1027 1675 «Omnia
1041 1629 1210 1689 reptilia
1224 1639 1366 1675 terrae.
1382 1648 1401 1671 »
1416 1628 1521 1675 Ideo
1538 1639 1665 1675 terrae
1678 1632 1779 1692 quia

370 1712 473 1748 sunt
495 1711 538 1748 et
575 1717 814 1764 aquarum,
847 1710 892 1745 et
928 1701 1027 1745 ideo
1058 1701 1231 1753 omnia,
1264 1710 1316 1746 ut
1348 1700 1438 1746 illie
1474 1700 1780 1761 intelligantur

370 1792 471 1837 quae
493 1784 683 1836 quatuor
711 1774 840 1818 etiam
860 1771 1048 1833 pedibus
1070 1772 1298 1828 nituntur,
1324 1788 1425 1833 quae
1446 1773 1646 1833 superius
1667 1790 1779 1835 qua-

371 1845 622 1907 drupedum
644 1844 822 1890 nomine
839 1843 1013 1904 proprie
1031 1843 1272 1903 significata
1293 1851 1412 1888 sunt.
1430 1844 1592 1889 Bestias
1609 1853 1775 1902 autem,

370 1917 426 1962 de
448 1917 612 1978 quibus
634 1917 739 1962 item
760 1916 840 1961 ait:
883 1934 905 1958 «
943 1913 1197 1960 Secundum
1226 1929 1385 1973 genus,
1414 1931 1434 1956 »
1456 1913 1678 1976 quidquid
1701 1931 1777 1961 ore

371 1997 452 2034 aut
475 1988 609 2034 etiam
631 1987 856 2047 unguibus
892 1985 1041 2041 saevit,
1073 1985 1262 2045 exeeptis
1290 1985 1581 2046 serpentibus.
1614 1989 1776 2032 Pecora

368 2075 472 2105 vero
495 2059 550 2104 de
572 2059 735 2121 quibus
757 2056 886 2104 tertio
909 2057 968 2102 ait
991 2076 1000 2102 2
1028 2055 1310 2102 «Secundum
1324 2071 1481 2116 genus,
1502 2075 1523 2100 >1
1544 2073 1646 2119 quae
1666 2073 1776 2103 neu-

370 2141 436 2176 tra
472 2132 516 2176 vi
547 2131 760 2187 lacerant,
792 2129 869 2175 sed
902 2137 977 2174 aut
1010 2128 1240 2184 cornibus,
1275 2137 1352 2174 aut
1383 2144 1440 2173 ne
1468 2129 1554 2174 hoc
1575 2128 1771 2190 quidem.

370 2201 554 2247 Praedixi
586 2203 704 2247 enim
727 2210 770 2247 et
797 2198 1137 2262 quadrupedum
1153 2215 1317 2244 nomen
1339 2215 1473 2260 quam
1490 2199 1580 2245 late
1603 2209 1771 2261 pateat,

369 2275 462 2335 ipso
481 2274 643 2335 pedum
675 2289 859 2318 numero
889 2271 1016 2317 facile
1051 2273 1248 2332 agnosci,
1281 2281 1326 2317 et
1351 2273 1529 2318 nomine
1564 2288 1773 2334 pecorum

370 2344 440 2390 vel
461 2346 699 2390 bestiarum
717 2360 846 2389 omne
868 2343 1118 2389 irrationale
1140 2342 1300 2388 animal
1316 2341 1554 2404 aliquando
1572 2360 1772 2405 eompre-

368 2416 519 2461 hendi.
547 2416 631 2461 Sed
654 2416 783 2461 etiam
805 2414 997 2460 ferarum
1019 2414 1286 2460 vocabulum
1308 2414 1419 2460 solet
1447 2416 1494 2460 111
1517 2416 1656 2461 latina
1682 2415 1770 2461 lin-

369 2503 453 2546 gua
475 2486 752 2532 tantumdem
774 2486 946 2532 valere:
974 2502 1064 2531 non
1086 2485 1185 2532 ideo
1214 2495 1361 2531 tamen
1394 2486 1655 2546 negligenda
1685 2485 1770 2531 suit

368 2557 679 2614 consideratio,
717 2557 940 2619 quomodo
979 2559 1141 2618 possint
1169 2559 1262 2604 haee
1295 2558 1473 2605 nomina
1495 2594 1505 2614 ,
1542 2574 1643 2619 quae
1676 2573 1767 2604 non

1840 3075 1854 3219 l
