1854 3219
325 212 378 237 m:
409 210 560 237 GENsssr
591 208 647 235 AD
679 207 920 246 LITTERAM‚
944 210 1026 235 Lm.
1065 210 1122 234 vi.
1328 197 1413 235 349

29 278 75 322 in
96 277 264 322 diversa
290 292 471 337 corpora
493 290 582 320 esse
611 274 806 318 detrusas
821 309 831 328 ‚
856 273 1118 332 Apostolicae
1146 289 1235 318 non
1261 289 1416 318 conve-

29 348 124 392 nire
154 348 402 404 sententiae3
437 361 540 390 cum
567 344 833 405 apertissime
862 343 1030 388 dictum
1057 344 1112 388 sit
1143 343 1254 388 nihil
1285 345 1416 403 egisse

27 419 228 463 nondum
248 426 371 463 natos
385 452 397 473 ‚
415 431 491 461 seu
512 415 618 459 boni
637 430 713 458 seu
733 412 851 458 mali.

86 491 208 534 XVI.
238 492 302 534 Ac
322 503 401 548 per
422 487 506 532 hoc
529 485 673 547 aliqua
701 483 885 545 quaestio
913 493 976 528 est
1008 500 1086 529 suo
1124 483 1223 530 loco
1251 494 1415 531 retrac-

30 559 186 615 tanda,
216 558 325 620 quid
355 558 410 603 de
439 566 617 619 peccato
647 556 890 616 primorum
922 564 1150 615 parentum
1171 591 1182 610 ‚
1215 556 1293 616 qui
1326 557 1415 602 duo

27 630 106 677 soli
134 629 337 685 fuerunt,
376 629 542 688 generis
573 627 755 672 humani
782 627 1044 671 contraxerit
1076 627 1277 671 universa
1309 643 1415 672 con-

26 702 188 763 sparsio
212 721 222 746 :
257 700 367 746 nihil
394 710 542 745 tamen
568 698 723 744 taliuin
750 698 1006 742 meritorum
1038 698 1197 742 habere
1225 699 1416 758 potuisse

25 775 251 820 hominem
267 782 503 833 antequam
525 771 580 816 de
600 780 727 816 terrae
743 770 923 830 pulvere
952 771 1110 814 finctus
1138 778 1268 825 esset,
1300 780 1416 815 ante-

25 861 159 906 quam
174 860 252 890 suo
271 853 467 904 tempore
484 843 648 889 viveret
666 863 677 899 3
697 840 819 886 nulla
841 840 1024 902 quaestio
1047 849 1125 884 est.
1154 840 1275 885 Sicut
1299 842 1415 887 enim

25 916 140 961 Esaii
160 924 203 960 et
224 915 381 971 Jacob,
407 930 516 975 quos
542 912 742 958 nondum
767 921 892 956 natos
914 911 1026 956 dixit
1048 911 1282 971 Apostolus
1303 913 1413 957 nihil

24 987 159 1047 egisse
179 986 285 1032 boni
301 995 378 1030 aut
393 984 498 1030 mali
513 987 544 1040 ¹,
559 1000 649 1029 non
661 999 884 1044 possemus
904 981 1046 1026 dicere
1060 982 1236 1026 traxisse
1250 983 1417 1044 aliquid

23 1057 166 1103 meriti
187 1056 243 1102 de
262 1056 519 1117 parentibus
534 1091 545 1112 ‚
570 1056 604 1099 si
620 1070 700 1099 nec
720 1054 801 1114 ipsi
824 1062 1025 1114 parentes
1043 1052 1231 1112 egissent
1250 1054 1418 1115 aliquid

24 1128 132 1174 boni
153 1137 230 1173 aut
250 1127 353 1172 mali
371 1148 383 1186 3
417 1141 500 1171 nec
523 1141 658 1185 genus
679 1126 925 1170 humanum
957 1139 1156 1185 peccasse
1177 1125 1224 1169 in
1245 1126 1385 1170 Adam
1401 1161 1412 1181 ‚

24 1199 59 1244 si
79 1199 170 1260 ipse
191 1214 282 1244 non
301 1207 523 1259 peccasset
541 1197 706 1255 Adam3
733 1212 823 1241 non
841 1205 990 1240 autem
1009 1207 1229 1257 peccasset
1244 1197 1384 1242 Adam
1400 1231 1412 1252 ‚

23 1270 106 1315 nisi
122 1271 213 1331 jam
230 1286 309 1315 suo
333 1279 528 1329 tempore
550 1269 735 1322 viveret,
761 1283 851 1328 quo
870 1276 1015 1327 posset
1033 1268 1176 1312 vivere
1197 1268 1285 1312 sive
1302 1268 1416 1312 bene

23 1341 112 1387 sive
133 1339 246 1385 male
270 1359 278 1384 :
303 1340 363 1384 ita
395 1339 556 1383 frustra
585 1347 816 1398 peccatum
845 1339 963 1398 ejus,
999 1353 1076 1382 seu
1104 1347 1220 1383 recte
1248 1337 1416 1383 sactum

24 1411 276 1472 requiritur,
312 1427 414 1455 cum
443 1409 587 1455 adhuc
615 1410 660 1453 in
689 1410 819 1454 rebus
843 1408 974 1453 simul
1003 1410 1156 1453 creatis
1175 1409 1417 1454 causaliter

24 1482 226 1528 conditus
239 1517 250 1538 ,
275 1497 356 1526 nec
369 1481 458 1526 vita
479 1480 655 1541 propria
670 1480 761 1540 jam
778 1480 973 1535 vivebat,
994 1496 1075 1525 nec
1100 1481 1145 1524 in
1162 1481 1416 1540 parentibus

23 1553 84 1599 sic
98 1553 346 1599 viventibus
363 1561 469 1598 erat.
497 1555 549 1596 In
569 1550 642 1595 illa
664 1551 781 1594 enim
799 1550 938 1610 prima
959 1550 1210 1596 conditione
1232 1551 1386 1597 mundi
1403 1587 1414 1608 ,

24 1640 125 1669 cum
147 1628 264 1669 Deus
284 1624 430 1669 omnia
451 1621 581 1667 simul
596 1621 780 1677 creavit,
804 1622 937 1666 homo
960 1621 1102 1666 factus
1124 1632 1187 1667 est
1208 1624 1284 1684 qui
1308 1633 1418 1668 esset

25 1695 225 1751 futurus,
247 1695 358 1740 ratio
380 1693 559 1740 creandi
575 1692 763 1738 hominis
778 1727 789 1749 ‚
814 1708 906 1738 non
921 1693 1033 1739 aetio
1052 1694 1201 1738 creati.

27 1854 92 1870 Nm
95 1848 934 1874 WUMMWVWWWMMNWBVBQKWWWU
939 1851 1345 1870 mnvwvwvummuswx
1348 1854 1417 1870 »8Ἇὶ

524 1959 527 1961 ’
557 1970 781 2018 CAPUT
816 1970 873 2017 x.

347 2110 444 2156 Res
464 2111 615 2155 variis
637 2108 792 2156 modis
813 2111 1087 2156 existentes.

83 2250 228 2293 XVII.
251 2240 336 2293 SED
356 2247 453 2292 haec
476 2247 600 2292 aliter
622 2247 667 2292 in
687 2247 834 2293 Verbo
856 2248 958 2304 Dei,
979 2247 1058 2292 ubi
1074 2248 1154 2293 ista
1166 2264 1258 2293 non
1279 2248 1417 2306 facta,

25 2319 102 2365 sed
127 2329 290 2365 aeterna
311 2328 441 2364 sunt.-
480 2319 603 2364 aliter
631 2319 677 2363 in
704 2318 928 2364 elementis
955 2319 1139 2376 mundi,
1170 2321 1248 2364 ubi
1275 2322 1419 2366 omnia

27 2391 156 2436 simul
175 2390 290 2436 sacta
315 2390 465 2437 futura
487 2401 592 2436 sunt
619 2411 628 2436 :
655 2391 779 2436 aliter
799 2393 845 2436 in
867 2392 996 2436 rebus
1012 2427 1024 2448 ,
1058 2409 1157 2453 quae
1178 2393 1420 2437 secundum

28 2478 176 2508 causas
206 2461 336 2507 simul
367 2471 557 2520 creatas,
589 2478 678 2508 non
707 2463 799 2522 jam
824 2462 982 2519 simul,
1009 2462 1085 2508 sed
1124 2479 1203 2509 suo
1234 2478 1421 2526 quaeque

75 2562 199 2602 quom,
216 2572 265 2604 ιι,
281 2572 332 2594 11.
