1854 3219
327 253 380 279 DE
412 251 561 279 ennest
595 249 648 275 An
681 248 920 285 Ll'r'rEnAM,
944 249 1025 273 Lm.
1056 248 1095 272 ν.
1330 233 1407 270 321

33 334 170 364 nusve
190 317 474 378 potueritpro
496 330 584 359 suae
606 313 851 373 capacitatis
870 312 999 357 modo
1018 311 1225 357 divinitus
1243 306 1416 370 adjutus

31 390 213 435 internis
234 388 491 448 aeternisque
508 385 750 431 rationibus
770 393 821 429 ut
839 384 986 444 possit.

32 541 1093 566 mmmmmmmmmmmmmm
1097 540 1164 557 ΜΜ
1168 539 1236 556 mx!
1241 538 1377 555 ἋἊΛΑΜ
1383 540 1414 555 Μ

522 666 740 716 CAPUT
782 667 929 714 XIII.

137 812 317 859 Omnia
348 819 613 870 antequam.
629 811 834 872 fierent,
861 809 910 854 in
930 808 1187 869 Sapientia
1209 806 1318 853 Dei.

92 949 258 993 XXIX.
293 950 358 992 DE
378 947 528 1008 primis
556 962 659 1007 ergo
680 946 763 991 illis
799 945 956 991 divinis
993 943 1425 990 incommutabilibus

35 1019 296 1080 aeternisque
318 1017 561 1063 rationibus
577 1053 587 1073 ,
624 1017 833 1078 quoniam
854 1017 946 1077 ipsa
974 1017 1051 1062 Dei
1077 1016 1291 1076 Sapientia
1306 1052 1316 1071 ,
1350 1031 1427 1076 per

37 1106 170 1153 quam
190 1089 305 1135 facta
336 1099 438 1135 sunt
459 1089 605 1135 omnia
622 1125 632 1144 ,
656 1089 774 1149 prius
797 1105 928 1149 quam
946 1090 1123 1144 fierent,
1145 1104 1193 1133 ea
1215 1097 1422 1142 noverat,

36 1164 96 1209 sic
133 1162 358 1222 Scriptura
389 1171 574 1207 testatur
601 1181 609 1206 :
651 1180 671 1203 «
708 1164 760 1206 In
782 1161 994 1221 principio
1027 1169 1118 1205 erat
1138 1160 1332 1204 Verbum
1350 1196 1360 1214 ,
1388 1169 1430 1204 et

40 1252 61 1276 »
96 1233 294 1278 Verbum
322 1241 414 1278 erat
433 1232 550 1293 apud
571 1236 712 1277 Deum
730 1268 740 1287 ‚
776 1242 820 1276 et
841 1235 956 1276 Deus
988 1241 1080 1276 erat
1101 1231 1295 1276 Verbum
1312 1267 1322 1285 ,
1346 1231 1431 1275 hoc

40 1323 62 1347 »
97 1314 190 1349 erat
210 1304 256 1348 in
277 1304 492 1364 principio
515 1304 635 1363 apud
668 1307 823 1349 Deum.
852 1304 1009 1348 Omnia
1039 1320 1115 1364 per
1145 1305 1289 1363 ipsum
1318 1303 1434 1348 facta

41 1393 62 1418 »
97 1384 222 1430 sunt,
238 1383 284 1419 et
305 1375 398 1419 sine
416 1375 510 1437 ipso
533 1373 701 1419 factum
720 1383 782 1418 est
799 1374 910 1419 nihil
928 1378 956 1418 ¹.
985 1393 1005 1415 »
1028 1375 1132 1427 Quis
1157 1390 1259 1433 ergo
1278 1383 1365 1418 tam
1382 1374 1436 1417 sit

39 1445 242 1501 demens,
289 1454 340 1490 ut
367 1444 485 1490 dicat
510 1460 601 1489 non
633 1461 683 1489 ca
718 1448 858 1489 Deum
894 1444 1064 1500 secisse,
1101 1462 1199 1505 quae
1229 1446 1436 1491 neverat?

42 1520 175 1561 Porro
203 1515 238 1560 si
263 1524 446 1561 noverat
462 1551 472 1571 ,
498 1515 577 1559 ubi
598 1515 679 1559 nisi
696 1513 814 1575 apud
835 1515 1004 1575 ipsum,
1031 1515 1148 1575 apud
1166 1531 1297 1576 quem
1321 1518 1433 1559 Vcr-

38 1587 146 1631 bum
168 1595 285 1642 erat,
317 1602 396 1646 per
415 1585 538 1647 quod
559 1584 672 1630 facta
701 1595 804 1630 sunt
825 1586 1002 1630 omnia?
1030 1589 1139 1631 Nam
1170 1586 1204 1630 si
1235 1596 1356 1630 extra
1389 1602 1434 1630 se

39 1658 185 1719 ipsum
206 1674 256 1703 ea
277 1666 482 1714 noverat,
518 1658 614 1718 quis
638 1673 739 1702 eum
761 1656 1002 1702 docuerat?
1029 1678 1047 1699 «
1072 1658 1176 1711 Quis
1200 1658 1315 1702 enim
1335 1674 1438 1716 cog-

43 1746 67 1772 »
99 1729 222 1775 novit
242 1744 417 1774 sensum
449 1729 647 1784 Domini,
689 1739 765 1773 aut
799 1730 895 1789 quis
917 1729 1184 1774 consiliarius
1217 1731 1309 1789 ejus
1334 1728 1434 1784 fuit,

47 1820 66 1842 n
102 1809 178 1845 aut
195 1800 292 1861 quis
312 1799 431 1860 prior
453 1798 575 1843 dedit
590 1798 670 1854 illi,
696 1809 740 1843 et
758 1799 1026 1844 retribuetur
1047 1799 1118 1844 ei?
1140 1800 1359 1853 Quoniam
1381 1815 1433 1844 ex

47 1887 69 1912 »
103 1871 198 1930 ipso
214 1906 226 1926 ,
251 1879 294 1914 et
309 1885 388 1930 per
408 1869 572 1930 ipsum,
598 1878 642 1914 et
661 1869 813 1929 inipso
832 1879 934 1913 sunt
954 1869 1099 1914 omnia
1113 1873 1144 1913 ¹2.
1176 1888 1195 1911 »

101 1942 245 1985 XXX.
280 1943 543 2001 Quanquam
566 1948 610 1983 et
631 1955 679 1984 ea
702 1956 801 2000 quae
826 1949 1070 2000 sequuntur
1098 1940 1144 1984 in
1167 1939 1406 1999 Evangelio
1422 1976 1432 1996 ,

40 2011 143 2055 satis
176 2019 367 2056 asserant
388 2010 517 2055 istam
549 2010 836 2068 sententiam3
862 2010 1060 2071 adjungit
1092 2011 1208 2055 enim
1231 2013 1434 2070 Evange-

43 2079 140 2126 lista
170 2089 214 2125 et
235 2079 341 2126 dicit
366 2099 376 2125 ε
404 2100 425 2123 «
450 2079 581 2133 Quod
600 2079 766 2125 factum
799 2090 863 2125 est
879 2117 890 2137 ,
917 2090 960 2125 et
981 2081 1027 2124 in
1048 2080 1124 2126 illo
1155 2081 1244 2126 vita
1274 2091 1336 2126 est
1354 2117 1364 2137 ,
1392 2092 1436 2127 et

47 2170 69 2195 »
101 2153 192 2198 vita
213 2160 305 2197 erat
325 2151 402 2196 lux
415 2152 646 2197 hominum
662 2153 694 2196 3.
714 2170 735 2194 »
753 2153 864 2206 Quia
886 2152 1049 2198 scilicet
1072 2153 1300 2197 rationales
1315 2169 1438 2197 men-

45 2231 109 2268 tes
124 2258 136 2279 ,
155 2223 203 2268 in
224 2237 313 2284 quo
337 2237 492 2281 genere
511 2222 646 2268 homo
660 2220 800 2268 factus
822 2233 887 2268 est
903 2223 958 2267 ad
979 2224 1209 2282 imaginem
1226 2224 1321 2280 Dei,
1343 2240 1434 2270 non

45 2293 212 2338 habent
231 2308 378 2339 veram
400 2292 546 2338 lucem
569 2308 692 2338 suam
709 2329 720 2348 ,
745 2294 827 2339 nisi
850 2295 993 2354 ipsum
1015 2295 1211 2339 Verbum
1234 2295 1333 2350 Dei,
1360 2311 1437 2355 per

48 2363 170 2424 quod
191 2362 305 2408 facta
321 2373 424 2408 sunt
445 2365 592 2409 omnia
609 2400 619 2420 ,
646 2365 769 2424 cujus
789 2365 1018 2426 participes
1041 2381 1130 2411 esse
1151 2375 1361 2426 poterunt
1381 2367 1436 2411 ab

49 2434 169 2479 omni
184 2434 414 2496 iniquitate
436 2444 480 2480 et
500 2450 645 2480 errore
662 2435 901 2481 mundatae.

100 2536 111 2553 ¹
132 2531 224 2563 Joan.
245 2540 268 2572 ι,
295 2530 366 2563 ι-3.
386 2547 428 2553 -
449 2531 544 2563 Rom.
564 2543 606 2573 xi,
623 2529 740 2573 34—36.
761 2548 802 2554 —
817 2530 831 2554 3
849 2534 940 2565 Joan.
963 2544 987 2572 ι,
1006 2532 1036 2574 4.

212 2672 317 2702 cxn.
1195 2668 1238 2705 22
