1854 3219
293 258 347 285 DE
378 257 528 286 GENESI
562 255 616 283 An
649 255 890 294 LITTERAM‚
928 258 1008 284 Lm.
1047 258 1093 283 11.
1324 244 1403 283 197

26 397 63 414 ‘Vl
68 397 133 414 vm
139 397 274 414 KWVVK
279 398 345 414 νυνὶ
349 397 558 414 ἏΊΝΜῘΛΛΑΝ
561 397 629 413 tm
632 396 841 412 mmmm
845 397 911 414 ἱ-νᾺ
915 397 980 414 νυνὶ
985 396 1122 413 ννινιννὶ
1128 396 1192 415 §Vix
1199 395 1409 412 ᾺΑΛΊΛΛΛΑΛΊΝ

554 519 676 569 CAP
684 521 721 569 U
731 522 770 568 T
815 521 852 569 V
861 522 880 568 l
892 557 901 567 .

24 676 102 722 De
117 691 174 723 eo
188 675 321 737 quod
328 675 548 724 additum
556 687 647 735 est,
657 681 715 724 Et
736 677 840 723 fecit
860 682 974 724 Deus
996 689 1083 725 ete.
1101 694 1168 724 (ιη
1180 693 1236 723 eo
1253 674 1413 724 decla-

437 760 567 797 retur·
586 750 638 796 F
636 749 708 796 ilii
716 749 815 797 Dec·
829 766 1057 811 persona.

80 889 137 932 X.
166 890 250 933 SED
273 888 622 933 animadversum
645 897 708 933 est
730 905 753 933 a
776 888 1063 949 quibusdam,
1088 887 1209 950 quod
1231 903 1310 933 nec
1331 903 1414 948 ego

23 957 384 1003 dissimulandum
397 968 522 1020 puto⁷
538 975 629 1004 non
642 958 817 1015 frustra,
830 975 931 1005 cum
945 959 1118 1004 dixisset
1128 963 1241 1004 Deus
1259 979 1267 1005 2
1284 959 1414 1004 «Fiat

25 1031 391 1075 »firmamentum
423 1031 469 1074 in
498 1030 643 1076 medio
671 1047 911 1092 aquarum,
951 1040 995 1076 et
1027 1031 1081 1075 sit
1114 1030 1266 1076 divisio
1298 1031 1413 1075 inter

24 1102 45 1144 ὀ)
80 1118 239 1163 aquam
254 1111 298 1146 et
319 1118 500 1163 aquam3
524 1122 542 1145 »
567 1118 723 1163 parum
739 1103 878 1148 visum
902 1119 992 1148 esse
1008 1103 1295 1164 subjungere,
1317 1122 1337 1146 «
1357 1105 1416 1147 Et

24 1191 45 1216 »
77 1173 206 1218 sicest
216 1173 399 1229 factum,
414 1192 434 1216 n
456 1174 536 1218 nisi
550 1174 805 1221 adderetur:
822 1178 910 1220 «Et
924 1174 1029 1220 fecit
1041 1178 1155 1220 Deus
1163 1175 1414 1219 firmamen—

25 1262 45 1287 »
79 1254 196 1301 tum,
221 1254 265 1290 et
282 1245 426 1290 divisit
443 1249 556 1290 Deus
578 1246 690 1290 inter
712 1261 870 1306 aquam
892 1262 990 1307 quae
1013 1255 1104 1290 erat
1125 1240 1255 1306 super
1271 1246 1416 1291 firma-

24 1333 45 1358 »
79 1325 302 1374 mentum3
327 1316 498 1360 etinter
519 1331 677 1376 aquam
705 1332 806 1377 quae
827 1326 918 1361 erat
946 1317 1028 1361 sub
1059 1317 1362 1362 firmamento:
1388 1335 1410 1359 »

21 1385 142 1448 quod
158 1385 337 1447 quidem
358 1387 418 1431 sic
444 1386 715 1446 intelligunt,
735 1397 786 1432 ut
807 1404 1036 1448 personam
1060 1389 1196 1433 Patris
1219 1388 1414 1434 declara-

20 1467 111 1503 tam
132 1472 222 1501 esse
241 1456 410 1512 dicant,
434 1457 480 1501 in
503 1472 556 1502 eo
578 1458 699 1518 quod
712 1459 922 1518 scriptum
939 1468 1026 1504 est:
1051 1478 1070 1501 «
1086 1461 1143 1503 Et
1157 1460 1262 1503 dixit
1276 1463 1409 1505 Deus:

23 1547 44 1571 »
79 1529 177 1573 Fiat
198 1529 525 1573 firmamentum
547 1528 593 1573 in
613 1527 759 1574 medio
783 1545 996 1590 aquarum
1009 1565 1020 1585 ‚
1050 1539 1094 1574 et
1110 1530 1164 1574 sit
1177 1530 1328 1575 divisio
1345 1531 1415 1575 in-

22 1618 43 1642 »
77 1609 145 1644 ter
167 1614 326 1661 aquam
347 1609 391 1644 et
411 1615 570 1661 aquam
592 1620 601 1645 :
627 1609 672 1645 et
692 1601 751 1645 sic
768 1609 832 1645 est
857 1600 1038 1646 factum.
1059 1618 1079 1643 »
1105 1604 1169 1647 Ac
1191 1600 1351 1647 deinde
1363 1612 1412 1648 ut

17 1670 286 1731 intelligatur
307 1670 443 1716 Filius
456 1669 607 1716 fecisse
624 1671 745 1733 quod
756 1688 780 1716 a
794 1675 921 1716 Patre
936 1671 1103 1716 dictum
1121 1681 1185 1717 est
1201 1682 1252 1717 ut
1268 1674 1407 1730 fieret,

19 1743 392 1788 arbitrantur'esse
408 1743 652 1788 subnexum
668 1779 679 1800 ,
706 1763 726 1787 «
746 1747 804 1789 Et
819 1742 925 1789 fecit
936 1747 1051 1790 Deus
1064 1745 1406 1803 firmamentum,

22 1833 43 1857 «
77 1823 121 1859 et
141 1813 432 1869 divisitDeus‚
458 1823 575 1858 etc.»

74 1887 154 1928 XI.
174 1886 259 1930 Sed
277 1901 379 1930 cum
399 1893 524 1929 antea
536 1883 696 1943 legitur
717 1904 725 1930 :
756 1904 776 1927 «
794 1887 851 1929 Et
869 1886 930 1930 sic
950 1894 1014 1930 est
1029 1884 1194 1930 factum
1209 1908 1219 1945 3
1236 1905 1257 1929 »
1279 1903 1301 1932 a
1319 1904 1409 1949 quo

17 1955 299 2015 intelligimus
330 1955 532 2001 factum?
568 1957 611 2002 Si
647 1972 670 2000 a
704 1955 834 2012 Filio,
863 1955 969 2017 quid
992 1972 1100 2016 opus
1123 1967 1213 2002 erat
1230 1964 1320 2016 jam
1342 1959 1411 2004 di-

17 2041 112 2071 cere
135 2047 143 2072 :
169 2047 188 2070 ‹<
204 2030 260 2072 Et
274 2026 376 2073 fecit
387 2031 501 2072 Deus
517 2063 527 2084 ‚
546 2045 567 2069 »
589 2036 632 2071 et
652 2043 752 2088 quae
773 2029 1048 2088 sequuntur?
1067 2029 1109 2073 Si
1124 2038 1270 2073 autem
1287 2031 1408 2091 quod

17 2098 225 2158 seriptum
240 2108 324 2155 est,
355 2102 448 2143 «Et
477 2099 536 2143 sic
553 2108 617 2143 est
637 2099 802 2143 factum
816 2134 826 2153 ‚
855 2116 875 2139 >›
893 2114 915 2142 a
929 2101 1055 2142 Patre
1072 2099 1408 2146 intellexerimus

17 2167 182 2213 factum
196 2205 207 2224 ,
233 2185 324 2214 non
341 2172 432 2231 jam
454 2174 580 2214 Pater
593 2169 712 2225 dicit,
739 2179 781 2213 et
794 2167 932 2213 Filius
949 2167 1080 2227 facit3
1106 2180 1149 2214 et
1159 2181 1302 2231 potest
1325 2172 1406 2216 ali-

17 2239 125 2300 quid
154 2243 280 2284 Pater
311 2239 453 2284 facere
479 2241 570 2284 sine
605 2239 717 2285 Filio
732 2275 743 2294 7
768 2248 818 2283 ut
839 2238 998 2283 deinde
1022 2239 1155 2285 Filius
1178 2259 1267 2288 non
1290 2244 1374 2288 hoc
1391 2280 1402 2299 ‚

17 2310 94 2355 sed
113 2310 231 2355 aliud
251 2310 444 2355 similiter
462 2311 617 2356 faeiat:
649 2311 770 2372 quod
799 2320 862 2355 est
895 2321 1045 2357 contra
1071 2316 1329 2361 catholicam
1352 2318 1407 2361 fi-

17 2381 131 2426 dem.
161 2383 204 2427 Si
227 2392 373 2427 autem
392 2382 504 2427 illud
522 2384 687 2445 de'quo
701 2385 858 2432 dicitur
879 2408 887 2432 :
907 2409 924 2431 ι(
938 2392 996 2432 Et
1012 2387 1070 2432 sic
1092 2397 1155 2431 est
1177 2386 1363 2444 factum,
1381 2407 1402 2431 »

15 2452 100 2496 hoe
121 2451 238 2496 idem
251 2454 300 2497 fit
317 2470 415 2498 eum
438 2453 591 2498 itidem
614 2454 799 2502 dicitur:
830 2461 924 2503 «Et
951 2458 1055 2503 fecit
1088 2462 1202 2503 Deus
1225 2479 1232 2504 :
1258 2478 1277 2501 »
1299 2459 1406 2520 quid

17 2522 221 2582 prohibet
252 2523 453 2567 eumdem
474 2524 715 2585 intelligere
736 2527 876 2572 facere
898 2528 1021 2589 quo-tl
1043 2529 1173 2585 dixit,
1198 2530 1274 2589 qui
1297 2529 1404 2573 dixit

17 2601 68 2637 ut
84 2593 240 2638 fieret?
261 2596 331 2639 An
352 2595 480 2638 etiam
503 2605 680 2655 excepto
698 2612 749 2641 eo
767 2598 885 2657 quod
902 2600 1110 2658 scriptum
1125 2609 1187 2643 est
1207 2618 1216 2645 ι
1236 2602 1322 2644 «Et
1339 2599 1398 2643 sic
