1854 3219
432 188 511 227 138
860 197 893 226 s.
930 198 1162 228 Acoosnm
1198 200 1381 229 EPlSCOPI

427 375 457 390 W
461 375 526 390 m
531 373 742 390 xmvwvvm
746 373 813 390 ww*
817 373 1810 392 mmmmmmlmmmmwwmmm

938 507 1157 559 CAPUT
1202 511 1315 558 XII.

484 665 799 728 Expenclitccr
815 668 977 728 prima
998 684 1119 730 pars
1153 666 1381 714 versiculi
1405 673 1463 712 14
1501 666 1761 714 Geneseos.

479 827 684 871 XXXVI.
725 846 745 869 «
779 829 843 874 ET
865 826 973 871 dixit
996 831 1111 872 Deus
1144 846 1154 872 ι
1185 827 1316 872 Fiant
1337 826 1567 871 luminaria
1598 827 1642 871 in
1664 827 1814 872 firma-

423 916 443 938 >›
478 906 628 942 mento
650 897 749 942 coeli
767 934 778 954 ⁷
804 907 854 942 ut
875 897 1050 943 luceant
1067 913 1196 957 super
1215 907 1376 943 terram
1389 933 1400 954 ‚
1421 907 1465 942 et
1485 896 1685 942 dividant
1701 898 1815 945 inter

423 987 443 1010 >›
479 968 596 1013 diem
609 978 651 1012 et
662 978 851 1025 noctem,
869 979 912 1014 et
924 970 1010 1013 sint
1023 969 1068 1013 in
1086 969 1217 1029 signis
1233 978 1276 1013 et
1286 969 1579 1029 temporibus,
1600 978 1643 1013 et
1659 969 1704 1013 in
1725 968 1815 1014 die-

423 1058 443 1080 »
480 1040 561 1084 bus
576 1076 586 1096 ‚
605 1050 648 1084 et
659 1041 804 1096 annis,
826 1050 870 1085 et
886 1042 970 1085 sint
986 1041 1032 1084 in
1045 1040 1323 1100 splendorem
1339 1041 1385 1084 in
1398 1041 1675 1084 firmamento
1693 1040 1811 1096 coeli,

480 1120 531 1154 ut
551 1110 728 1155 luceant
751 1127 880 1171 super
902 1121 1076 1155 terram.
1107 1129 1127 1151 n
1157 1113 1323 1164 Quarto
1346 1111 1416 1154 die
1439 1110 1672 1155 luminaria
1697 1109 1814 1156 facta

425 1191 542 1236 sunt,
567 1182 620 1225 de
644 1182 804 1242 quibus
827 1182 987 1226 dieitur
1003 1217 1013 1236 ‚
1044 1201 1063 1223 «
1089 1182 1244 1225 Etsint
1265 1182 1310 1225 in
1333 1181 1514 1225 diebus:
1537 1200 1558 1223 »
1580 1180 1692 1242 quid
1713 1197 1817 1240 ergo

418 1252 573 1296 volunt
595 1261 679 1296 tres
707 1252 799 1297 dies
828 1253 1034 1297 transacti
1067 1253 1158 1295 sine
1181 1252 1502 1297 luminaribus?
1539 1262 1615 1296 aut
1636 1269 1714 1297 eur
1736 1253 1816 1298 ista

418 1331 549 1366 erunt
582 1322 628 1366 in
650 1321 826 1377 diebus,
863 1322 897 1366 si
919 1322 1051 1366 etiam
1084 1322 1176 1366 sine
1199 1322 1288 1367 istis
1310 1323 1403 1367 dies
1427 1338 1517 1367 esse
1550 1325 1816 1383 potuerunt?

422 1397 492 1438 An
514 1394 616 1454 quia
656 1393 909 1438 evidentius
947 1393 1181 1453 productio
1230 1393 1304 1437 illa
1336 1393 1545 1452 temporis
1587 1402 1631 1437 et
1666 1408 1814 1444 mora-

417 1481 518 1510 rum
539 1464 818 1510 intervallum
853 1474 978 1509 motu
999 1465 1181 1508 istorum
1206 1465 1493 1508 luminarium
1515 1464 1725 1523 distingui
1759 1467 1814 1511 ab

417 1538 671 1582 hominibus
684 1539 858 1598 potest?
880 1540 949 1582 An
969 1537 1049 1581 ista
1071 1536 1243 1581 dierum
1261 1546 1304 1580 et
1321 1537 1519 1581 noctium
1543 1539 1814 1583 enumeratio

419 1608 474 1654 ad
504 1609 829 1655 distinctionem
864 1608 982 1654 valet
1003 1609 1116 1652 inter
1156 1608 1278 1653 illam
1314 1618 1540 1664 naturam,
1568 1624 1668 1668 quae
1697 1608 1813 1654 facta

418 1697 508 1726 non
529 1691 592 1726 est
601 1717 616 1739 ,
638 1691 681 1726 et
702 1697 770 1726 eas
788 1697 888 1742 quae
911 1680 1039 1725 sactae
1055 1690 1182 1725 sunt:
1205 1690 1256 1725 ut
1272 1700 1292 1723 «
1316 1696 1444 1725 mane
1464 1698 1485 1721 »
1510 1680 1813 1726 nominaretur

416 1762 595 1813 propter
618 1769 768 1797 earum
790 1752 978 1812 speeiem
997 1750 1209 1795 factarum
1223 1772 1233 1809 3
1249 1766 1458 1811 «vespera
1473 1768 1493 1792 »
1508 1766 1612 1796 vero
1634 1761 1813 1811 propter

416 1823 853 1883 privationemPQuia
877 1831 1093 1884 quantum
1115 1823 1272 1867 attinet
1293 1821 1349 1866 ad
1370 1821 1514 1878 illum,
1541 1838 1564 1866 a
1587 1838 1677 1882 quo
1701 1821 1812 1868 faeta

418 1904 541 1949 sunt,
563 1895 754 1955 speciosa
777 1904 908 1955 atque
922 1894 1110 1938 formosa
1128 1902 1255 1937 sunt:
1274 1903 1488 1954 quantum
1511 1903 1659 1938 autem
1680 1894 1727 1937 in
1742 1894 1811 1953 ip-

417 1966 470 2020 sis
493 1975 557 2010 est
571 2002 581 2021 ‚
622 1975 806 2026 possunt
822 1966 1032 2019 deficere,
1057 1965 1160 2025 quia
1179 1964 1234 2009 de
1253 1964 1391 2009 nihilo
1415 1964 1531 2010 faeta
1550 1974 1674 2022 sunt3
1704 1973 1747 2009 et
1764 1965 1811 2009 in

416 2046 632 2096 quantum
655 2053 745 2081 non
762 2035 994 2091 deficiunt,
1017 2051 1107 2079 non
1130 2045 1193 2079 est
1211 2049 1363 2080 eorum
1386 2036 1579 2101 materiae
1596 2071 1607 2091 ,
1633 2051 1733 2096 quae
1757 2051 1810 2081 ex

415 2106 554 2151 nihilo
577 2117 660 2160 est,
684 2107 760 2152 sed
774 2109 866 2168 ejus
883 2107 959 2168 qui
982 2122 1149 2151 summe
1163 2116 1227 2151 est
1247 2142 1257 2162 ,
1283 2116 1326 2151 et
1344 2105 1416 2151 illa
1431 2106 1537 2151 facit
1558 2122 1649 2151 esse
1671 2107 1717 2151 in
1735 2121 1809 2166 ge-

415 2194 518 2222 nere
540 2188 583 2222 et
605 2178 758 2223 ordine
779 2194 873 2222 suo.

473 2251 702 2294 XXXVII.
744 2269 763 2292 «
785 2252 842 2294 Et
877 2248 987 2293 dixit
1008 2251 1146 2293 Deus:
1172 2249 1301 2292 Fiant
1323 2248 1370 2292 in
1399 2249 1674 2293 firmamento
1706 2248 1806 2294 coeli

415 2337 436 2361 ³>
457 2319 684 2364 luminaria
706 2319 959 2374 utlueeant‚
987 2339 1004 2360 ›>
1023 2328 1172 2363 utrum
1195 2318 1249 2362 de
1260 2319 1354 2363 fixis
1367 2328 1541 2364 tantum
1560 2319 1728 2364 dietum
1742 2329 1807 2364 est
1833 2327 1836 2331 '

411 2389 622 2434 sideribus
636 2426 645 2444 ,
667 2406 721 2433 an
745 2390 874 2434 etiam
897 2390 950 2433 de
969 2389 1120 2448 vagis?
1145 2389 1229 2434 Sed
1246 2388 1334 2434 duo
1352 2389 1583 2434 luminaria
1598 2391 1736 2450 majus
1761 2399 1823 2434 et¹

409 2460 552 2504 minus
586 2461 697 2504 inter
730 2476 837 2519 vaga
868 2459 1006 2503 sidera
1041 2469 1350 2504 numerantur:
1378 2459 1601 2521 quomodo
1632 2476 1735 2519 ergo
1757 2460 1802 2504 in

410 2532 682 2575 firmamento
706 2531 812 2575 faeta
840 2540 937 2574 sunt·
963 2532 1103 2575 omnia
1121 2567 1131 2585 ,
1153 2546 1251 2575 eum
1276 2530 1466 2589 singulos
1488 2547 1585 2576 suos
1608 2530 1677 2575 vel
1701 2530 1796 2589 glo-

425 1128 434 1149 )

437 1129 445 1151 υ
