1854 3219
385 159 466 195 5296
824 171 856 194 s.
895 168 1122 195 amosi-im
1157 166 1335 194 EPISCOl'i

377 248 476 287 cus,
501 232 556 275 ab
575 232 718 274 anima
739 245 859 285 vero,
885 247 985 275 cum
1008 231 1074 276 vel
1096 232 1248 276 timore
1267 230 1484 283 turbatur,
1506 228 1577 273 vel
1602 229 1766 288 pudore

377 302 680 357 confunditur,
701 301 771 346 vel
789 302 1002 358 irascitur,
1028 302 1098 347 vel
1119 312 1255 358 amat,
1269 301 1340 347 vel
1353 300 1387 345 si
1401 300 1510 361 quid
1528 300 1765 361 ejusmodi3

376 373 714 427 necimmerito,
739 373 772 416 si
794 371 838 416 id
857 372 979 433 quod
1001 373 1163 418 animat
1187 383 1230 418 et
1257 372 1389 431 regit,
1415 371 1545 415 etiam
1569 386 1669 414 cum
1689 386 1767 415 ve-

377 444 623 489 hementius
659 452 881 498 movetur,
917 445 1218 489 vehementius
1250 443 1438 502 exagitat
1476 461 1484 486 :
1520 441 1580 486 ita
1615 451 1658 486 et
1684 441 1769 501 ipsi

378 515 534 559 animae
557 524 607 559 ut
630 515 676 558 in
698 530 746 558 ea
767 514 856 559 visa
880 524 1051 574 pergat,
1078 531 1178 576 quae
1208 529 1297 559 non
1322 513 1361 557 ei
1391 529 1469 573 per
1496 528 1647 557 sensus
1669 528 1768 558 cor-

379 587 494 646 poris
523 587 805 641 nuntiantur,
837 584 913 629 sed
940 601 1016 646 per
1044 582 1363 645 incorporalem
1393 583 1703 639 substantiam,
1727 593 1771 629 et

378 662 438 706 ita
461 668 614 720 pergat
634 668 685 703 ut
709 674 800 703 non
820 657 1037 703 discernat
1064 668 1215 703 utrum
1239 672 1422 717 corpora
1443 657 1528 701 sint
1547 672 1603 701 an
1624 655 1771 701 simili·

380 732 553 778 tudines
590 746 852 791 corporum,
894 729 1131 792 aliquando
1175 746 1199 774 a
1242 745 1424 789 corpore
1460 728 1645 784 accidit,
1688 728 1770 773 ali-

378 804 558 866 quando
596 819 619 847 a
641 802 823 862 spiritu3
862 811 905 847 et
937 818 960 846 a
994 817 1175 861 corpore
1210 801 1391 862 quidem
1412 836 1423 856 ,
1458 800 1546 845 sive
1581 798 1771 845 naturali

377 874 696 929 vicissitudine,
721 883 771 919 ut
797 882 900 918 sunt
919 874 1006 918 visa
1035 872 1344 918 somniantium
1361 907 1372 927 ,
1393 870 1584 916 dormire
1606 871 1770 932 quippe

378 963 402 992 a
430 961 612 1006 corpore
641 953 705 989 est
734 945 930 1002 homini3
965 945 1053 988 sive
1079 942 1224 1003 aliqua
1255 943 1369 987 mala
1397 941 1648 988 valetudine
1677 958 1771 987 sen-

377 1018 496 1063 sibus
515 1015 806 1077 perturbatis,
832 1025 882 1059 ut
903 1031 1003 1060 cum
1028 1031 1051 1059 a
1075 1013 1337 1074 phreneticis
1366 1012 1496 1057 simul
1524 1021 1566 1056 et
1588 1028 1771 1073 corpora

377 1088 611 1142 videntur,
652 1096 696 1131 et
728 1087 817 1131 visa
855 1085 1010 1130 similia
1052 1085 1309 1145 corporibus
1348 1093 1559 1145 tanquam
1598 1094 1641 1128 et
1679 1084 1771 1144 ipsa

374 1175 467 1219 prae
504 1158 640 1203 oculis
673 1157 841 1213 adsint,
879 1165 955 1200 aut
988 1155 1162 1215 penitus
1193 1153 1464 1209 interclusis,
1508 1154 1620 1199 sicut
1657 1169 1772 1214 saepe

375 1232 490 1274 male
514 1228 660 1273 affecti
683 1228 838 1272 morbo
861 1227 1009 1287 aliquo
1048 1227 1396 1285 ingravescente,
1428 1235 1642 1285 praesente
1674 1241 1772 1270 cor-

374 1316 481 1361 pore
515 1300 592 1345 diu
631 1300 830 1343 absentes
853 1334 864 1354 ,
908 1296 1066 1342 deinde
1106 1297 1358 1342 hominibus
1396 1296 1589 1351 redditi,
1630 1295 1770 1341 multa

376 1388 420 1416 se
448 1372 604 1416 vidisse
637 1370 840 1414 dixerunt
876 1387 883 1412 :
919 1385 941 1412 a
972 1368 1125 1427 spiritu
1155 1383 1281 1422 vero,
1320 1383 1422 1411 cum
1457 1367 1637 1412 omnino
1666 1383 1772 1412 sano

378 1453 510 1504 atque
544 1443 715 1500 integro
754 1454 937 1499 corpore
971 1439 1016 1483 in
1053 1438 1359 1483 alienationem
1393 1440 1648 1498 rapiuntur,
1683 1439 1771 1483 sive

374 1515 433 1558 ita
457 1523 506 1557 nt
526 1522 569 1556 et
595 1527 672 1572 per
698 1526 847 1555 sensus
877 1509 1068 1568 corporis
1098 1525 1280 1568 corpora
1312 1508 1514 1562 videant,
1547 1518 1590 1553 et
1611 1510 1656 1553 in
1688 1510 1772 1569 spi-

375 1574 462 1618 ritu
492 1571 695 1632 quaedam
725 1569 877 1614 similia
900 1585 999 1628 quae
1027 1585 1049 1611 a
1082 1568 1339 1628 corporibus
1374 1584 1462 1612 non
1486 1568 1765 1625 discernant3

375 1645 461 1688 sive
485 1642 658 1702 penitus
681 1649 930 1684 avertantur
949 1654 972 1681 a
995 1639 1191 1681 sensibus
1211 1639 1372 1693 carnis,
1401 1648 1443 1682 ct
1466 1639 1575 1682 nihil
1597 1655 1672 1698 per
1695 1655 1768 1683 eos

375 1714 554 1760 omniuo
571 1712 826 1764 sentientes,
852 1709 924 1752 illa
947 1708 1129 1767 spiritali
1154 1709 1319 1752 visione
1333 1709 1591 1753 habitentin
1613 1710 1764 1754 simili-

371 1785 600 1831 tudinibus
622 1795 870 1841 corporum.
900 1779 984 1824 Sed
1002 1794 1102 1822 cum
1126 1779 1265 1822 malus
1279 1777 1334 1822 vin
1351 1779 1444 1823 haec
1466 1780 1616 1840 arripit
1637 1781 1763 1841 spiri-

376 1870 459 1910 tus,
486 1865 562 1900 aut
583 1852 873 1898 daemoniacos
893 1848 1011 1904 facit,
1037 1859 1112 1893 aut
1130 1849 1390 1908 arreptitios,
1417 1859 1493 1894 aut
1515 1850 1643 1896 falsos
1660 1869 1764 1912 pro-

374 1931 525 1989 phetas
551 1946 560 1971 ι
593 1939 694 1969 cum
718 1931 862 1967 autem
900 1919 1062 1974 bonus,
1096 1917 1244 1963 fideles
1265 1920 1475 1977 mysteria
1505 1920 1762 1982 loquentes,

371 2009 447 2044 aut
465 1996 697 2042 accedente
725 1993 854 2036 etiam
876 1990 1163 2049 intelligentia
1180 2005 1303 2033 veros
1327 1992 1587 2051 ProphetaS‚
1613 2003 1688 2038 aut
1710 1993 1766 2039 ad

377 2082 545 2129 tempus
582 2065 704 2128 quod
734 2078 812 2124 per
850 2077 922 2107 eos
957 2069 1129 2121 oportet
1161 2060 1360 2116 ostendi,
1399 2061 1598 2108 videntes
1634 2074 1767 2126 atque

375 2149 615 2186 narrantes.
