1854 3219
360 166 413 191 DE
446 161 656 190 DoeTnfflA
688 161 945 190 CHRISTIANA
978 164 1060 189 Lm.
1094 164 1154 189 1v.
1398 151 1452 187 77

63 230 122 273 ita
142 228 289 290 eloqui
310 228 576 283 existimant,
596 242 687 272 non
702 227 867 287 judicio
889 228 968 271 ista
990 226 1197 271 devitare.
1220 228 1452 285 Quaprop-

63 307 129 343 ter
149 299 229 344 iste
249 299 315 344 vir
349 306 523 343 sanctus
553 307 596 342 et
616 313 740 357 posse
762 313 806 341 se
841 296 1031 342 ostendit
1050 297 1110 342 sic
1143 297 1287 341 dicere
1302 332 1313 352 ,
1352 296 1455 357 quia

63 369 174 415 dixit
195 369 356 415 alicubi
369 405 381 426 ,
407 378 450 415 et
468 368 586 414 nolle
602 404 613 425 ,
634 369 844 430 quoniam
865 368 1147 429 postmodum
1159 384 1391 429 nusquam.

63 514 1452 534 mmmummmmmmmmmmmmmmmm

577 650 794 702 CAPUT
831 653 939 701 XV.

69 796 299 843 Orandus
314 797 448 844 Deus
465 797 655 843 doctori
674 796 999 844 eeclesiastico
1022 806 1136 842 ante
1156 798 1450 842 concionem.

121 936 309 978 XXXII.
336 937 448 979 AGIT
465 934 610 995 itaque
632 943 780 979 noster
807 935 885 978 iste
907 932 1138 994 eloquens,
1159 947 1259 976 cum
1282 941 1325 976 et
1339 933 1456 992 justa

63 1013 107 1049 et
125 1013 273 1049 saneta
305 1013 350 1049 ct
380 1004 497 1049 bona
527 1004 654 1060 dicit,
687 1020 831 1066 neque
855 1004 971 1048 enim
1000 1004 1082 1048 alia
1114 1003 1247 1047 debet
1279 1002 1452 1059 dicere,

63 1075 150 1133 agit
166 1091 269 1134 ergo
291 1084 507 1136 quantum
523 1084 666 1135 potest
689 1092 790 1120 cum
813 1077 892 1120 ista
915 1074 1035 1130 dicit,
1061 1084 1110 1119 ut
1127 1073 1452 1132 intelligenter,

62 1154 113 1189 ut
132 1144 342 1201 libenter,
370 1154 419 1189 ut
447 1145 702 1190 obedienter
719 1145 922 1190 audiatur
946 1162 956 1189 :
982 1146 1075 1190 haec
1098 1161 1142 1190 se
1158 1160 1302 1205 posse,
1325 1144 1358 1188 si
1376 1159 1456 1203 po-

64 1215 197 1259 tuerit
212 1250 223 1270 ,
252 1224 296 1258 et
325 1215 368 1257 in
392 1224 609 1274 quantum
633 1216 841 1274 potuerit,
867 1216 1027 1274 pietate
1050 1216 1185 1274 magis
1209 1214 1456 1259 orationum

63 1301 196 1346 quam
218 1295 440 1331 oratorum
461 1285 669 1330 facultate
687 1302 777 1330 non
795 1286 991 1340 dubitet,
1019 1295 1069 1329 ut
1090 1285 1255 1330 orando
1279 1301 1358 1344 pro
1381 1299 1424 1328 se
1442 1319 1453 1340 ,

63 1373 112 1401 ac
130 1372 211 1416 pro
224 1355 310 1400 illis
325 1391 336 1411 ,
357 1371 467 1416 quos
486 1364 550 1399 est
568 1354 836 1400 allocuturus
849 1392 859 1411 ,
881 1356 935 1400 sit
956 1365 1101 1400 orator
1115 1365 1352 1415 antequam
1367 1355 1456 1399 die-

63 1436 146 1472 tor.
184 1431 279 1487 Ipsa
302 1427 409 1472 hora
434 1428 525 1487 jam
548 1435 599 1471 ut
619 1425 736 1471 dicat
757 1426 966 1471 accedens
984 1462 994 1482 ,
1020 1427 1142 1486 prius
1159 1441 1293 1486 quam
1312 1435 1456 1469 exerat

63 1496 354 1558 proferentem
383 1496 600 1557 linguam,
626 1496 682 1542 ad
704 1500 843 1542 Deum
864 1496 977 1542 levet
1002 1497 1190 1541 animam
1211 1496 1453 1552 sitientem,

63 1578 114 1614 ut
134 1578 303 1614 eructet
322 1569 444 1629 quod
460 1568 642 1624 biberit,
657 1567 727 1613 vel
744 1567 865 1628 quod
885 1567 1130 1628 impleverit
1150 1567 1322 1612 fundat.
1343 1570 1456 1612 Cum

65 1640 181 1685 enim
207 1639 262 1684 de
293 1654 561 1700 unaquaque
583 1654 629 1683 re
645 1674 656 1695 ,
691 1655 792 1699 quae
821 1639 1063 1683 secundum
1087 1639 1221 1682 fidem
1257 1637 1457 1682 dilectio-

65 1727 252 1773 nemque
264 1710 491 1756 tractanda
508 1720 631 1766 sunt,
651 1710 790 1754 multa
813 1711 898 1755 sint
915 1726 1014 1771 quae
1028 1709 1250 1766 dicantur,
1271 1720 1314 1754 et
1329 1709 1457 1753 multi

65 1782 185 1827 modi
206 1781 363 1843 quibus
384 1779 586 1825 dicantur
608 1781 662 1825 ab
690 1781 749 1825 eis
765 1816 777 1836 ,
802 1781 878 1841 qui
901 1782 994 1825 haec
1017 1782 1186 1839 sciunt,
1216 1782 1313 1841 quis
1336 1781 1458 1824 novit

65 1852 174 1915 quid
196 1852 250 1897 ad
280 1867 465 1912 praesens
492 1860 665 1911 tempus
681 1886 692 1906 ‚
727 1850 798 1895 vel
827 1851 951 1895 nobis
986 1850 1129 1896 dicere
1145 1887 1156 1907 ,
1190 1850 1259 1895 vel
1281 1867 1358 1911 per
1380 1866 1458 1895 nos

67 1923 267 1984 expediat
297 1921 462 1977 audiri,
498 1922 580 1966 nisi
610 1922 687 1982 qui
715 1920 847 1966 corda
874 1921 1070 1966 omnium
1103 1920 1253 1965 videt?
1280 1925 1338 1966 Et
1361 1922 1459 1982 quis

66 1993 171 2040 facit
185 2003 236 2038 ut
251 1992 374 2055 quod
389 2001 562 2052 oportet
575 2028 586 2048 ,
611 2001 654 2037 et
675 1990 1049 2053 quemadmodum
1071 2002 1265 2052 oportet,
1287 1992 1458 2036 dicatur

67 2081 91 2110 a
104 2065 246 2121 nobis,
265 2064 346 2108 nisi
363 2064 410 2107 in
423 2064 545 2124 cujus
562 2078 696 2107 manu
716 2071 820 2108 sunt
840 2072 884 2107 et
902 2078 980 2108 nos
999 2072 1042 2107 et
1054 2077 1269 2108 sermones
1291 2063 1459 2108 nostri?

68 2140 131 2182 Ac
147 2152 225 2197 per
246 2137 330 2181 hoc
354 2134 492 2180 discat
512 2134 691 2196 quidem
713 2135 880 2190 omnia,
901 2151 1000 2196 quae
1018 2133 1215 2179 docenda
1233 2145 1334 2180 sunt
1350 2171 1360 2191 ,
1382 2135 1457 2196 qui

69 2219 113 2253 et
133 2223 257 2253 nosse
277 2207 395 2262 vult,
422 2216 466 2251 et
479 2205 636 2251 docere
651 2208 664 2232 ¹
683 2228 694 2265 3
719 2205 1060 2267 facultatemque
1082 2206 1255 2251 dicendi
1272 2243 1282 2262 ,
1303 2217 1353 2252 ut
1377 2206 1456 2250 de-

70 2289 139 2325 cet
159 2279 301 2324 virum
316 2276 672 2333 ecclesiasticum,
693 2286 915 2338 comparet
933 2299 943 2335 3
961 2277 1015 2322 ad
1030 2279 1182 2322 horam
1200 2294 1302 2323 vero
1324 2278 1458 2338 ipsius

71 2350 271 2396 dictionis
284 2385 295 2406 ,
319 2348 433 2393 illud
448 2349 593 2409 potius
614 2350 744 2393 bonae
761 2349 898 2393 menti
916 2350 1074 2407 cogitet
1091 2350 1321 2394 convenire
1338 2349 1460 2410 quod

71 2420 282 2466 Dominus
301 2420 360 2465 ait
384 2438 393 2464 ε
423 2418 603 2466 «Nolite
625 2419 814 2479 cogitare
835 2420 1058 2480 quomodo
1076 2430 1151 2465 aut
1174 2420 1282 2480 quid
1303 2421 1458 2480 loqua-

122 2524 130 2540 ¹
145 2519 217 2560 Sap.
238 2527 293 2559 vu,
317 2517 367 2549 16.
