1854 3219
397 149 480 189 448
837 158 871 186 s.
908 160 1139 189 aucesium
1172 161 1352 189 Emscori

395 227 587 272 henderc
616 239 707 270 non
735 224 950 279 valemus;
975 236 1275 272 verumtamen
1303 226 1537 272 certissime
1563 236 1788 273 teneamus

397 307 441 343 et
464 296 619 341 dixisse
640 297 724 341 hoc
746 299 909 353 Deum,
928 307 971 342 et
992 299 1024 343 si
1047 299 1261 359 corporali
1278 314 1385 344 voce
1404 298 1473 343 vel
1492 298 1788 359 temporaliter

395 383 596 428 expressa
616 367 902 412 similitudine
925 370 1115 430 corporis
1129 369 1252 425 dixit,
1268 385 1358 415 non
1379 384 1481 414 eum
1498 385 1575 430 per
1592 369 1791 415 substan-

399 439 502 483 tiam
521 454 644 483 suam
666 437 742 483 sed
763 454 841 499 per
867 438 1059 501 aliquam
1087 440 1268 501 imperio
1296 455 1375 486 suo
1396 440 1615 485 subditam
1638 439 1791 486 dixisse

395 520 640 556 creaturam
653 545 664 566 ,
690 510 804 554 sicut
826 509 873 554 in
887 509 1000 557 libro
1018 512 1294 572 prcecedente
1316 513 1609 558 tractavimus.

457 585 532 626 IV.
560 584 669 627 Nam
686 582 803 626 visus
832 590 897 626 est
918 585 1030 627 Deus
1050 583 1180 627 etiam
1201 592 1351 643 postea
1385 583 1544 628 sanctis
1565 583 1666 629 viris
1688 581 1792 628 alias

396 653 536 714 capite
558 653 659 698 albo
683 653 795 698 sicut
816 652 941 709 lana,
967 654 1068 699 alias
1090 654 1296 699 inferiore
1318 664 1440 715 parte
1467 654 1658 715 corporis
1680 655 1793 699 sicut

397 724 722 780 aurichalcum,
757 724 860 769 alias
892 724 1015 770 aliter
1044 735 1176 786 atque
1204 725 1328 770 aliter
1355 745 1364 770 z
1398 742 1489 771 non
1526 735 1673 770 tamen
1699 724 1794 770 illas

397 795 582 840 visiones
605 795 859 840 hominibus
877 811 954 856 pcr
976 796 1265 841 substantiam
1287 812 1386 857 quae
1408 796 1498 857 ipse
1516 805 1604 852 est,
1625 795 1701 840 sed
1717 811 1794 856 per

398 866 476 910 sibi
495 865 670 911 subdita
689 883 790 927 quae
809 867 992 923 creavit,
1018 882 1118 911 eum
1139 868 1402 927 praebuisse,
1429 877 1472 912 et
1488 883 1566 928 per
1588 866 1794 912 similitu-

398 937 520 982 dines
562 937 804 983 formarum
838 954 1086 999 vocumque
1120 938 1440 999 corporalium,
1476 938 1598 1001 quod
1629 938 1792 994 voluit,

399 1009 637 1054 ostendisse
657 1026 706 1054 ac
729 1009 903 1065 dixisse,
923 1010 1210 1054 certissimum
1230 1020 1294 1055 est
1316 1011 1391 1066 eis,
1412 1011 1489 1071 qui
1510 1010 1797 1054 substantiam

401 1081 621 1126 Trinitatis
644 1081 1061 1127 incommutabiliter
1076 1091 1284 1126 aeternam
1298 1118 1308 1138 ,
1325 1098 1405 1127 nec
1427 1098 1504 1142 per
1529 1091 1697 1142 tempus
1716 1097 1798 1126 nec

399 1169 476 1212 per
497 1153 644 1198 locum
666 1155 858 1208 moveri,
884 1163 927 1198 et
951 1170 1028 1213 per
1055 1163 1226 1213 tempus
1253 1162 1297 1197 et
1325 1169 1403 1213 per
1432 1153 1580 1198 locum
1603 1168 1793 1207 movere,

399 1224 468 1268 vel
491 1224 678 1268 fideliter
703 1224 891 1269 credunt
906 1260 916 1280 ,
956 1224 1025 1269 vel
1062 1225 1189 1268 etiam
1227 1223 1487 1268 excellenter
1525 1223 1793 1283 intelligunt.

400 1297 497 1340 Non
520 1310 621 1353 ergo
632 1294 723 1355 jam
747 1311 993 1356 qureramus
1018 1294 1240 1355 quomodo
1263 1294 1383 1339 istud
1400 1293 1582 1349 dixerit,
1613 1294 1689 1338 sed
1716 1310 1797 1354 po-

402 1366 483 1409 tius
506 1365 798 1425 intelligamus
821 1365 929 1426 quid
946 1365 1116 1409 dixerit.
1139 1365 1423 1426 Adjutorium
1446 1365 1609 1426 quippe
1631 1365 1800 1410 homini

399 1436 642 1481 secundum
672 1437 815 1497 ipsum
843 1436 976 1481 fuisse
1006 1435 1259 1481 faciendum
1282 1472 1292 1492 ,
1318 1445 1480 1481 aeterna
1513 1436 1603 1496 ipsa
1633 1436 1800 1480 Veritas

402 1507 555 1562 habet,
581 1523 659 1567 per
679 1523 813 1567 quam
836 1516 978 1551 creata
1001 1516 1104 1550 sunt
1126 1507 1296 1564 omnia,
1322 1516 1365 1551 et
1389 1507 1435 1550 in
1461 1505 1534 1550 illa
1556 1507 1640 1551 hoc
1658 1506 1796 1564 audit,

401 1580 478 1638 qui
500 1587 643 1638 potest
659 1579 706 1622 in
726 1594 775 1623 ea
792 1593 1055 1637 cognoscere
1079 1578 1187 1638 quid
1209 1594 1344 1638 quare
1366 1588 1562 1624 creatum
1578 1579 1648 1624 sit.

401 1737 470 1753 m
478 1737 547 1754 >vm
552 1737 620 1753 ΜΜ
624 1732 1799 1755 ΜΝΏΜΜΜΜΜΜΜΜΜΜΜΜΜΜΜΜΜΜᾸΛΜΜΜἮ

869 1860 1090 1911 CAPUT
1127 1863 1215 1909 III.

520 2005 702 2053 Mulier
715 2008 763 2052 in
776 2004 1071 2069 adjutorium
1082 2002 1677 2070 proptersobolemfacta.

462 2145 515 2187 V.
540 2145 583 2188 S1
600 2152 748 2188 autem
765 2142 978 2204 quaeritur
990 2178 1000 2198 ‚
1021 2142 1077 2187 ad
1091 2157 1224 2203 quam
1241 2157 1333 2186 rem
1350 2142 1443 2186 fieri
1457 2142 1700 2202 oportuerit
1716 2143 1800 2188 hoc

403 2212 686 2274 adjutorium,
704 2213 813 2258 nihil
825 2213 944 2258 aliud
956 2213 1241 2274 probabiliter
1254 2213 1460 2269 occurrit,
1472 2229 1605 2274 quam
1618 2223 1799 2275 propter

403 2284 513 2329 filios
543 2284 860 2344 procreandos,
886 2285 996 2329 sicut
1025 2284 1291 2344 adjutorium
1312 2285 1465 2328 semini
1493 2294 1608 2329 terra
1632 2294 1722 2341 est,
1748 2294 1800 2330 ut
1838 2343 1839 2346 Ἴ

402 2356 643 2415 virgultum
666 2372 717 2400 ex
738 2365 928 2416 utroque
951 2365 1152 2400 nascatur
1179 2357 1288 2400 :hoc
1311 2355 1428 2399 enim
1447 2356 1546 2400 etin
1568 2356 1707 2416 prima
1730 2371 1800 2401 re-

403 2442 500 2471 rum
514 2427 762 2471 conditione
781 2426 949 2471 dictum
967 2435 1079 2471 crat:
1100 2446 1120 2468 «
1140 2426 1385 2470 Masculum
1401 2435 1444 2471 et
1456 2426 1682 2471 foeminam
1697 2426 1801 2472 fecit

406 2516 425 2540 n
448 2514 540 2555 cos,
565 2508 609 2543 et
629 2498 851 2543 benedixit
877 2514 948 2543 eos
972 2501 1086 2543 Deus
1104 2534 1114 2553 ,
1140 2497 1314 2544 dicens:
1341 2498 1557 2555 Crescite,
1584 2508 1627 2544 et
1644 2497 1799 2543 multi-
