1854 3219
356 233 410 259 DE
442 233 593 260 GENESI
627 229 682 258 AD
715 231 961 268 mmmmm,
997 232 1080 258 Lus.
1116 232 1146 256 r.
1365 218 1445 256 175

58 309 138 355 ret,
154 307 204 343 ut
221 298 408 343 nudaret
421 298 587 358 aliquas
600 305 745 357 partes
756 298 800 340 1?
823 299 893 341 An
909 297 1024 340 forte
1046 295 1182 340 rarior
1196 310 1308 355 aqua
1326 294 1448 340 velut

55 370 215 415 nebula
240 379 373 415 terras
389 369 590 429 tegebat3
615 357 714 430 quae
737 368 1074 427 congregatione
1096 367 1274 427 spissata
1290 376 1374 422 est,
1399 375 1450 411 ut

54 444 107 486 ex
128 440 276 486 multis
298 456 368 485 eas
394 440 595 500 partibus
612 475 623 496 ‚
648 439 696 483 in
722 439 885 500 quibus
902 438 1022 482 arida
1044 447 1192 498 posset
1213 452 1446 497 apparere,

0 559 1 562 ,
54 511 266 557 nudaret?
300 514 564 573 Quanquam
596 519 639 555 et
665 519 780 554 terra
811 508 941 568 longe
980 508 1156 570 lateque
1192 507 1446 563 subsidens,

2 580 4 591 ²
53 583 198 644 potuit
220 582 323 628 alias
344 591 487 643 partes
508 581 705 642 praebere
730 596 968 636 concavas,
994 580 1154 641 quibus
1177 579 1449 624 confluentes

54 664 97 700 et
117 663 369 700 corruentes
387 671 512 716 aquae
530 654 845 714 reciperentur,
863 661 907 697 et
928 661 1156 713 appareret
1171 650 1292 697 arida
1312 665 1366 695 ex
1383 650 1448 694 his

54 726 251 787 partibus
264 762 277 784 ‚
302 725 420 771 unde
441 726 602 771 humor
623 724 891 770 abscederet.

57 857 1443 878 m*mmlmssmmwwmwwmmmwwmwwwmwwmwuwm

545 992 763 1042 CAPUT
807 994 953 1041 xlii.

0 1327 1 1330 Ἴ
110 1276 295 1319 XXVII.
320 1276 417 1322 Nom
440 1285 504 1320 est
526 1284 673 1321 autem
695 1275 894 1320 informis
921 1273 1040 1319 omni
1062 1272 1194 1317 modo
1223 1271 1442 1326 materies,

0 1336 2 1368 1
50 1345 128 1390 ubi
150 1346 278 1391 etiam
300 1347 511 1392 nebulosa
533 1348 696 1408 species
726 1356 927 1408 apparet:
953 1355 996 1390 et
1018 1345 1117 1390 ideo
1140 1344 1278 1405 quaeri
1301 1342 1458 1399 adhuc

0 1413 1 1418 ¹
49 1426 216 1478 potest,
243 1418 419 1478 quando
442 1422 557 1461 Deus
579 1418 681 1463 istas
703 1418 959 1478 conspicuas
978 1432 1189 1478 aquarum
1207 1425 1446 1459 terrarum-

49 1504 136 1550 que
163 1487 323 1548 species
359 1486 678 1548 qualitatesque
717 1488 952 1532 creaverit:
984 1488 1029 1530 in
1065 1486 1188 1529 nullo
1219 1485 1336 1529 enim
1372 1499 1446 1527 sex

47 1558 218 1608 dierum
245 1559 329 1604 hoc
363 1558 600 1604 invenitur.
634 1561 788 1618 Itaque
813 1557 847 1601 si
877 1558 962 1602 hoc
991 1566 1091 1601 ante
1121 1571 1299 1600 omnem
1325 1554 1445 1598 diem

49 1629 172 1686 fecit,
197 1630 310 1675 sicut
325 1638 426 1675 ante
447 1631 631 1674 istorum
654 1629 901 1689 primorum
925 1627 1094 1672 dierum
1125 1641 1445 1672 commemora-

48 1701 213 1750 tionem
234 1702 444 1762 scriptum
467 1710 552 1757 est,
591 1721 610 1744 «
638 1704 690 1745 In
711 1700 927 1761 principio
948 1699 1054 1744 fecit
1076 1702 1190 1743 Deus
1212 1696 1375 1742 coelum
1399 1705 1444 1740 et

50 1791 72 1816 »
105 1783 287 1832 terram3
308 1792 325 1815 n
346 1774 458 1818 utin
480 1783 605 1818 terrae
619 1770 836 1817 vocabulo
859 1769 1154 1829 intelligamus
1166 1770 1258 1829 jani
1275 1768 1442 1813 forma-

47 1853 137 1890 tam
170 1853 383 1889 terrenam
411 1845 599 1904 speciem
617 1879 627 1898 ‚
659 1841 897 1902 superfusis
918 1841 1040 1901 aquis
1068 1841 1146 1884 ista
1171 1841 1263 1900 jam
1284 1837 1444 1883 visibili

47 1915 189 1976 specie
220 1916 286 1960 sui
328 1915 495 1975 generis
527 1913 790 1958 declaratis:
830 1922 880 1957 ut
920 1912 966 1956 in
1005 1927 1057 1956 eo
1092 1910 1214 1971 quod
1247 1909 1445 1970 sequitur

49 1987 272 2047 Scriptura
293 1986 465 2032 dicens:
495 2004 513 2027 «
533 1987 663 2029 Terra
681 1993 827 2027 autem
852 1992 943 2026 erat
967 1980 1192 2026 invisibilis
1216 1989 1260 2024 et
1279 1980 1446 2024 incom-

50 2075 71 2100 »
108 2057 270 2118 posita,
302 2067 346 2102 et
372 2057 566 2102 tenebrae
593 2063 718 2099 erant
750 2069 881 2113 super
910 2052 1151 2110 abyssum:
1184 2060 1226 2094 et
1262 2049 1444 2110 Spiritus

49 2146 70 2172 >›
104 2129 183 2174 Dci
201 2127 557 2189 superferebatur
579 2141 709 2186 super
726 2140 877 2185 aquas,
902 2142 922 2165 »
943 2121 1110 2167 nullam
1134 2122 1363 2182 opinemur
1383 2120 1445 2163 in-

44 2199 311 2245 formitatem
332 2200 527 2245 materiae
541 2235 551 2255 ‚
573 2197 651 2243 sed
669 2206 827 2241 terram
849 2205 894 2240 ct
912 2210 1072 2256 aquam
1093 2193 1184 2237 sine
1199 2192 1298 2236 luce
1312 2227 1322 2247 ‚
1344 2208 1445 2252 quae

46 2270 246 2317 nondum
267 2280 360 2315 erat
381 2269 496 2314 facta
511 2305 523 2325 ‚
550 2269 637 2314 suis
657 2269 749 2328 jam
767 2265 1000 2311 notissimis
1029 2263 1316 2325 qualitatibus
1338 2278 1445 2307 con-

45 2341 182 2387 dits:
215 2351 267 2387 ut
298 2341 397 2386 ideo
433 2350 548 2386 terra
578 2337 806 2385 invisibilis
839 2337 956 2382 dicta
990 2335 1280 2394 intelligatur,
1321 2334 1444 2394 quod

48 2413 170 2473 aquis
192 2422 396 2473 cooperta
419 2428 509 2456 non
530 2419 676 2471 posse-t
696 2408 856 2463 videri,
886 2407 1052 2451 etiamsi
1070 2416 1179 2451 esset
1201 2405 1278 2467 qui
1300 2413 1444 2465 posset

10 2454 15 2546 ἰ
47 2482 222 2541 videre·⁷
245 2481 344 2528 ideo
364 2498 467 2528 vero
490 2480 775 2541 incomposita
792 2514 803 2535 ,
832 2478 933 2539 quia
956 2477 1155 2522 nondum
1180 2494 1202 2521 a
1227 2475 1333 2520 mari
1354 2475 1441 2520 dis-

0 1042 5 1077 l

0 1079 6 1272 Ι
346 1139 496 1199 Aqua
517 1147 563 1184 et
582 1147 712 1185 terra
729 1136 928 1198 quando
949 1146 1144 1183 crecctce.

10 2328 13 2335 A

101 2587 108 2603 ¹
131 2590 150 2613 2
165 2582 252 2614 Sent.
272 2579 348 2613 dist.
368 2577 421 2622 14.
441 2590 472 2613 c,
492 2578 653 2622 sequitur,
675 2577 778 2610 Dixit
794 2577 907 2617 Deus3
930 2575 1196 2620 Congregentur.
