<?xml version="1.0" encoding="UTF-8"?>
<!DOCTYPE html PUBLIC "-//W3C//DTD XHTML 1.0 Transitional//EN"
    "http://www.w3.org/TR/xhtml1/DTD/xhtml1-transitional.dtd">
<html xmlns="http://www.w3.org/1999/xhtml" xml:lang="en" lang="en">
 <head>
  <title>
</title>
<meta http-equiv="Content-Type" content="text/html;charset=utf-8" />
  <meta name='ocr-system' content='tesseract 3.04.00' />
  <meta name='ocr-capabilities' content='ocr_page ocr_carea ocr_par ocr_line ocrx_word'/>
</head>
<body>
  <div class='ocr_page' id='page_1' title='image "./operaomniaaccura05auguuoft_0469.png"; bbox 0 0 1854 3219; ppageno 0'>
   <div class='ocr_carea' id='block_1_1' title="bbox 11 216 18 378">
    <p class='ocr_par' dir='ltr' id='par_1_1' title="bbox 11 216 18 378">
     <span class='ocr_line' id='line_1_1' title="bbox 11 216 18 378; baseline 0 2841"><span class='ocrx_word' id='word_1_1' title='bbox 11 216 18 378; x_wconf 95' lang='lat' dir='ltr'> </span> 
     </span>
    </p>
   </div>
   <div class='ocr_carea' id='block_1_2' title="bbox 11 382 15 494">
    <p class='ocr_par' dir='ltr' id='par_1_2' title="bbox 11 382 15 494">
     <span class='ocr_line' id='line_1_2' title="bbox 11 382 15 494; baseline 0 2725"><span class='ocrx_word' id='word_1_2' title='bbox 11 382 15 494; x_wconf 95' lang='lat' dir='ltr'> </span> 
     </span>
    </p>
   </div>
   <div class='ocr_carea' id='block_1_3' title="bbox 4 498 16 1356">
    <p class='ocr_par' dir='ltr' id='par_1_3' title="bbox 4 498 16 1356">
     <span class='ocr_line' id='line_1_3' title="bbox 4 498 16 1356; textangle 90"><span class='ocrx_word' id='word_1_3' title='bbox 4 1263 11 1356; x_wconf 39' lang='lat' dir='ltr'>„ha—4-</span> <span class='ocrx_word' id='word_1_4' title='bbox 4 1067 13 1253; x_wconf 42' lang='lat' dir='ltr'>mm-h-v—</span> <span class='ocrx_word' id='word_1_5' title='bbox 6 583 16 1060; x_wconf 34' lang='grc' dir='ltr'>Δυ-..ὟΜ-ηψ-ὴμ-ι-ᾼῷἢκρ-φ</span> <span class='ocrx_word' id='word_1_6' title='bbox 11 568 13 576; x_wconf 28' lang='grc' dir='ltr'>ἡ</span> <span class='ocrx_word' id='word_1_7' title='bbox 10 498 15 562; x_wconf 39' lang='grc' dir='ltr'>μζ..-</span> 
     </span>
    </p>
   </div>
   <div class='ocr_carea' id='block_1_4' title="bbox 0 1362 11 2262">
    <p class='ocr_par' dir='ltr' id='par_1_4' title="bbox 0 1362 11 2262">
     <span class='ocr_line' id='line_1_4' title="bbox 0 1362 11 2262; textangle 90"><span class='ocrx_word' id='word_1_8' title='bbox 0 1645 11 2262; x_wconf 29' lang='grc' dir='ltr'>,Ἇᾈι-Ᾰ-ι-;ς--ηιῷᾼ-ε-ι-ιι;..μα-ιῂὴ-ἑ,ι,ι</span> <span class='ocrx_word' id='word_1_9' title='bbox 7 1619 10 1632; x_wconf 64' lang='lat'>.-</span> <span class='ocrx_word' id='word_1_10' title='bbox 2 1494 11 1606; x_wconf 41' lang='lat' dir='ltr'>2xfxpcsss</span> <span class='ocrx_word' id='word_1_11' title='bbox 3 1438 11 1481; x_wconf 65' lang='lat' dir='ltr'>a&lt;—</span> <span class='ocrx_word' id='word_1_12' title='bbox 9 1426 11 1428; x_wconf 97' lang='lat'>.</span> <span class='ocrx_word' id='word_1_13' title='bbox 6 1403 11 1415; x_wconf 86' lang='lat'>--</span> <span class='ocrx_word' id='word_1_14' title='bbox 4 1362 11 1395; x_wconf 46' lang='grc' dir='ltr'>,Α-</span> 
     </span>
    </p>
   </div>
   <div class='ocr_carea' id='block_1_5' title="bbox 344 200 1457 260">
    <p class='ocr_par' dir='ltr' id='par_1_5' title="bbox 344 200 1457 260">
     <span class='ocr_line' id='line_1_5' title="bbox 344 200 1457 260; baseline 0.001 -11"><span class='ocrx_word' id='word_1_15' title='bbox 344 222 398 249; x_wconf 73' lang='lat' dir='ltr'>nz</span> <span class='ocrx_word' id='word_1_16' title='bbox 428 220 582 249; x_wconf 61' lang='lat' dir='ltr'>onam</span> <span class='ocrx_word' id='word_1_17' title='bbox 611 217 666 247; x_wconf 78' lang='lat' dir='ltr'>Au</span> <span class='ocrx_word' id='word_1_18' title='bbox 697 217 1189 260; x_wconf 71' lang='lat' dir='ltr'>LmznAM,L1n.v111.</span> <span class='ocrx_word' id='word_1_19' title='bbox 1371 200 1457 250; x_wconf 71' lang='lat'>443</span> 
     </span>
    </p>
   </div>
   <div class='ocr_carea' id='block_1_6' title="bbox 61 269 1462 2542">
    <p class='ocr_par' dir='ltr' id='par_1_6' title="bbox 71 269 1462 844">
     <span class='ocr_line' id='line_1_6' title="bbox 76 269 1461 348; baseline 0.001 -17"><span class='ocrx_word' id='word_1_20' title='bbox 76 269 347 331; x_wconf 76' lang='lat' dir='ltr'>locutionem</span> <span class='ocrx_word' id='word_1_21' title='bbox 360 287 467 348; x_wconf 86' lang='lat' dir='ltr'>ejus,</span> <span class='ocrx_word' id='word_1_22' title='bbox 483 283 623 347; x_wconf 83' lang='lat' dir='ltr'>qualis</span> <span class='ocrx_word' id='word_1_23' title='bbox 645 293 710 330; x_wconf 89' lang='lat' dir='ltr'>est</span> <span class='ocrx_word' id='word_1_24' title='bbox 731 285 778 329; x_wconf 93' lang='lat' dir='ltr'>in</span> <span class='ocrx_word' id='word_1_25' title='bbox 799 286 946 331; x_wconf 89' lang='lat' dir='ltr'>Verbo</span> <span class='ocrx_word' id='word_1_26' title='bbox 958 287 1064 348; x_wconf 87' lang='lat' dir='ltr'>ejus,</span> <span class='ocrx_word' id='word_1_27' title='bbox 1084 284 1206 348; x_wconf 89' lang='lat' dir='ltr'>quod</span> <span class='ocrx_word' id='word_1_28' title='bbox 1230 305 1252 329; x_wconf 90' lang='lat'>«</span> <span class='ocrx_word' id='word_1_29' title='bbox 1272 288 1326 331; x_wconf 90' lang='lat' dir='ltr'>In</span> <span class='ocrx_word' id='word_1_30' title='bbox 1340 287 1461 348; x_wconf 88' lang='lat' dir='ltr'>prin-</span> 
     </span>
     <span class='ocr_line' id='line_1_7' title="bbox 79 357 1459 420; baseline 0.003 -20"><span class='ocrx_word' id='word_1_31' title='bbox 79 375 102 400; x_wconf 73' lang='lat'>»</span> <span class='ocrx_word' id='word_1_32' title='bbox 135 357 249 418; x_wconf 89' lang='lat' dir='ltr'>cipio</span> <span class='ocrx_word' id='word_1_33' title='bbox 265 360 358 403; x_wconf 88' lang='lat' dir='ltr'>erat</span> <span class='ocrx_word' id='word_1_34' title='bbox 381 357 499 418; x_wconf 91' lang='lat' dir='ltr'>apud</span> <span class='ocrx_word' id='word_1_35' title='bbox 519 360 681 413; x_wconf 89' lang='lat' dir='ltr'>Deum,</span> <span class='ocrx_word' id='word_1_36' title='bbox 705 365 749 402; x_wconf 86' lang='lat' dir='ltr'>et</span> <span class='ocrx_word' id='word_1_37' title='bbox 768 359 883 402; x_wconf 89' lang='lat' dir='ltr'>Deus</span> <span class='ocrx_word' id='word_1_38' title='bbox 900 367 992 402; x_wconf 86' lang='lat' dir='ltr'>erat</span> <span class='ocrx_word' id='word_1_39' title='bbox 1012 358 1231 414; x_wconf 86' lang='lat' dir='ltr'>Verbum,</span> <span class='ocrx_word' id='word_1_40' title='bbox 1248 373 1326 418; x_wconf 89' lang='lat' dir='ltr'>per</span> <span class='ocrx_word' id='word_1_41' title='bbox 1338 359 1459 420; x_wconf 92' lang='lat' dir='ltr'>quod</span> 
     </span>
     <span class='ocr_line' id='line_1_8' title="bbox 78 425 1458 490; baseline 0.004 -20"><span class='ocrx_word' id='word_1_42' title='bbox 78 446 101 471; x_wconf 74' lang='lat'>&gt;5</span> <span class='ocrx_word' id='word_1_43' title='bbox 135 425 250 474; x_wconf 80' lang='lat' dir='ltr'>facta</span> <span class='ocrx_word' id='word_1_44' title='bbox 271 437 373 474; x_wconf 88' lang='lat' dir='ltr'>sunt</span> <span class='ocrx_word' id='word_1_45' title='bbox 399 427 544 474; x_wconf 88' lang='lat' dir='ltr'>omnia</span> <span class='ocrx_word' id='word_1_46' title='bbox 565 429 598 472; x_wconf 85' lang='lat'>1.</span> <span class='ocrx_word' id='word_1_47' title='bbox 626 445 648 470; x_wconf 89' lang='lat'>»</span> <span class='ocrx_word' id='word_1_48' title='bbox 670 426 760 472; x_wconf 87' lang='lat' dir='ltr'>Illis</span> <span class='ocrx_word' id='word_1_49' title='bbox 782 436 944 484; x_wconf 78' lang='lat' dir='ltr'>autem,</span> <span class='ocrx_word' id='word_1_50' title='bbox 975 429 1051 490; x_wconf 90' lang='lat' dir='ltr'>qui</span> <span class='ocrx_word' id='word_1_51' title='bbox 1073 444 1167 473; x_wconf 87' lang='lat' dir='ltr'>eam</span> <span class='ocrx_word' id='word_1_52' title='bbox 1196 444 1350 489; x_wconf 86' lang='lat' dir='ltr'>capere</span> <span class='ocrx_word' id='word_1_53' title='bbox 1365 445 1458 476; x_wconf 91' lang='lat' dir='ltr'>non</span> 
     </span>
     <span class='ocr_line' id='line_1_9' title="bbox 73 499 1456 562; baseline 0.001 -18"><span class='ocrx_word' id='word_1_54' title='bbox 73 508 276 560; x_wconf 77' lang='lat' dir='ltr'><strong>possunt,</strong></span> <span class='ocrx_word' id='word_1_55' title='bbox 310 513 412 545; x_wconf 87' lang='lat' dir='ltr'>cum</span> <span class='ocrx_word' id='word_1_56' title='bbox 435 499 640 562; x_wconf 82' lang='lat' dir='ltr'>loquitur</span> <span class='ocrx_word' id='word_1_57' title='bbox 661 502 799 555; x_wconf 90' lang='lat' dir='ltr'>Deus,</span> <span class='ocrx_word' id='word_1_58' title='bbox 822 500 994 545; x_wconf 87' lang='lat' dir='ltr'>nonnisi</span> <span class='ocrx_word' id='word_1_59' title='bbox 1020 515 1099 560; x_wconf 86' lang='lat' dir='ltr'>per</span> <span class='ocrx_word' id='word_1_60' title='bbox 1122 509 1365 545; x_wconf 85' lang='lat' dir='ltr'>creaturam</span> <span class='ocrx_word' id='word_1_61' title='bbox 1388 501 1456 547; x_wconf 93' lang='lat' dir='ltr'>lo-</span> 
     </span>
     <span class='ocr_line' id='line_1_10' title="bbox 74 569 1457 632; baseline 0.001 -17"><span class='ocrx_word' id='word_1_62' title='bbox 74 571 242 632; x_wconf 84' lang='lat' dir='ltr'>quitur,</span> <span class='ocrx_word' id='word_1_63' title='bbox 260 578 336 616; x_wconf 80' lang='lat' dir='ltr'>aut</span> <span class='ocrx_word' id='word_1_64' title='bbox 356 569 663 617; x_wconf 82' lang='lat' dir='ltr'>tantummodo</span> <span class='ocrx_word' id='word_1_65' title='bbox 675 569 925 631; x_wconf 87' lang='lat' dir='ltr'>spiritalem,</span> <span class='ocrx_word' id='word_1_66' title='bbox 943 571 1031 615; x_wconf 87' lang='lat' dir='ltr'>sive</span> <span class='ocrx_word' id='word_1_67' title='bbox 1043 571 1089 616; x_wconf 89' lang='lat' dir='ltr'>in</span> <span class='ocrx_word' id='word_1_68' title='bbox 1105 570 1281 626; x_wconf 89' lang='lat' dir='ltr'>somnis,</span> <span class='ocrx_word' id='word_1_69' title='bbox 1298 571 1390 616; x_wconf 82' lang='lat' dir='ltr'>sive</span> <span class='ocrx_word' id='word_1_70' title='bbox 1409 572 1457 616; x_wconf 91' lang='lat' dir='ltr'>in</span> 
     </span>
     <span class='ocr_line' id='line_1_11' title="bbox 73 633 1462 702; baseline 0 -16"><span class='ocrx_word' id='word_1_71' title='bbox 73 642 208 686; x_wconf 83' lang='lat' dir='ltr'>extasi</span> <span class='ocrx_word' id='word_1_72' title='bbox 227 642 275 687; x_wconf 91' lang='lat' dir='ltr'>in</span> <span class='ocrx_word' id='word_1_73' title='bbox 303 633 588 688; x_wconf 82' lang='lat' dir='ltr'>similitudine</span> <span class='ocrx_word' id='word_1_74' title='bbox 618 645 764 687; x_wconf 86' lang='lat' dir='ltr'>rerum</span> <span class='ocrx_word' id='word_1_75' title='bbox 790 640 1106 702; x_wconf 78' lang='lat' dir='ltr'>corporalium3</span> <span class='ocrx_word' id='word_1_76' title='bbox 1131 651 1207 687; x_wconf 84' lang='lat' dir='ltr'>aut</span> <span class='ocrx_word' id='word_1_77' title='bbox 1227 641 1358 686; x_wconf 91' lang='lat' dir='ltr'>etiam</span> <span class='ocrx_word' id='word_1_78' title='bbox 1381 657 1462 702; x_wconf 88' lang='lat' dir='ltr'>per</span> 
     </span>
     <span class='ocr_line' id='line_1_12' title="bbox 73 710 1457 775; baseline 0.001 -19"><span class='ocrx_word' id='word_1_79' title='bbox 73 710 211 772; x_wconf 88' lang='lat' dir='ltr'>ipsam</span> <span class='ocrx_word' id='word_1_80' title='bbox 230 712 523 774; x_wconf 69' lang='lat' dir='ltr'>corporalem,</span> <span class='ocrx_word' id='word_1_81' title='bbox 547 714 656 758; x_wconf 88' lang='lat' dir='ltr'>dum</span> <span class='ocrx_word' id='word_1_82' title='bbox 677 711 874 758; x_wconf 85' lang='lat' dir='ltr'>sensibus</span> <span class='ocrx_word' id='word_1_83' title='bbox 895 713 1084 770; x_wconf 85' lang='lat' dir='ltr'>corporis</span> <span class='ocrx_word' id='word_1_84' title='bbox 1104 711 1175 758; x_wconf 84' lang='lat' dir='ltr'>vel</span> <span class='ocrx_word' id='word_1_85' title='bbox 1197 711 1342 775; x_wconf 84' lang='lat' dir='ltr'>aliqua</span> <span class='ocrx_word' id='word_1_86' title='bbox 1357 728 1457 774; x_wconf 91' lang='lat' dir='ltr'>spe-</span> 
     </span>
     <span class='ocr_line' id='line_1_13' title="bbox 71 782 857 844; baseline 0.001 -17"><span class='ocrx_word' id='word_1_87' title='bbox 71 783 158 828; x_wconf 88' lang='lat' dir='ltr'>cies</span> <span class='ocrx_word' id='word_1_88' title='bbox 179 794 374 844; x_wconf 86' lang='lat' dir='ltr'>apparet,</span> <span class='ocrx_word' id='word_1_89' title='bbox 398 783 468 830; x_wconf 86' lang='lat' dir='ltr'>vel</span> <span class='ocrx_word' id='word_1_90' title='bbox 490 782 695 829; x_wconf 81' lang='lat' dir='ltr'>insonant</span> <span class='ocrx_word' id='word_1_91' title='bbox 715 783 857 829; x_wconf 64' lang='lat' dir='ltr'>voces.</span> 
     </span>
    </p>

    <p class='ocr_par' dir='ltr' id='par_1_7' title="bbox 61 853 1459 2542">
     <span class='ocr_line' id='line_1_14' title="bbox 131 853 1458 915; baseline 0.002 -17"><span class='ocrx_word' id='word_1_92' title='bbox 131 857 181 898; x_wconf 94' lang='lat' dir='ltr'>L.</span> <span class='ocrx_word' id='word_1_93' title='bbox 210 854 254 900; x_wconf 92' lang='lat' dir='ltr'>Si</span> <span class='ocrx_word' id='word_1_94' title='bbox 274 870 377 913; x_wconf 86' lang='lat' dir='ltr'>ergo</span> <span class='ocrx_word' id='word_1_95' title='bbox 398 854 539 900; x_wconf 82' lang='lat' dir='ltr'>Adam</span> <span class='ocrx_word' id='word_1_96' title='bbox 562 855 653 900; x_wconf 88' lang='lat' dir='ltr'>talis</span> <span class='ocrx_word' id='word_1_97' title='bbox 671 864 777 911; x_wconf 88' lang='lat' dir='ltr'>erat,</span> <span class='ocrx_word' id='word_1_98' title='bbox 800 863 851 899; x_wconf 85' lang='lat' dir='ltr'>ut</span> <span class='ocrx_word' id='word_1_99' title='bbox 867 863 1010 915; x_wconf 89' lang='lat' dir='ltr'>posset</span> <span class='ocrx_word' id='word_1_100' title='bbox 1025 867 1177 915; x_wconf 84' lang='lat' dir='ltr'>capere</span> <span class='ocrx_word' id='word_1_101' title='bbox 1193 853 1320 900; x_wconf 87' lang='lat' dir='ltr'>illam</span> <span class='ocrx_word' id='word_1_102' title='bbox 1337 855 1458 901; x_wconf 91' lang='lat' dir='ltr'>locu-</span> 
     </span>
     <span class='ocr_line' id='line_1_15' title="bbox 71 925 1459 986; baseline 0.001 -17"><span class='ocrx_word' id='word_1_103' title='bbox 71 925 236 970; x_wconf 87' lang='lat' dir='ltr'>tionem</span> <span class='ocrx_word' id='word_1_104' title='bbox 263 925 363 982; x_wconf 83' lang='lat' dir='ltr'>Dei,</span> <span class='ocrx_word' id='word_1_105' title='bbox 389 942 523 986; x_wconf 89' lang='lat' dir='ltr'>quam</span> <span class='ocrx_word' id='word_1_106' title='bbox 558 926 777 970; x_wconf 83' lang='lat' dir='ltr'>mentibus</span> <span class='ocrx_word' id='word_1_107' title='bbox 805 925 1008 985; x_wconf 82' lang='lat' dir='ltr'>angelicis</span> <span class='ocrx_word' id='word_1_108' title='bbox 1034 941 1112 985; x_wconf 86' lang='lat' dir='ltr'>per</span> <span class='ocrx_word' id='word_1_109' title='bbox 1138 941 1259 970; x_wconf 88' lang='lat' dir='ltr'>suam</span> <span class='ocrx_word' id='word_1_110' title='bbox 1290 927 1459 986; x_wconf 80' lang='lat' dir='ltr'>praebet</span> 
     </span>
     <span class='ocr_line' id='line_1_16' title="bbox 70 994 1458 1057; baseline 0.001 -18"><span class='ocrx_word' id='word_1_111' title='bbox 70 995 358 1040; x_wconf 78' lang='lat' dir='ltr'>substantiam</span> <span class='ocrx_word' id='word_1_112' title='bbox 372 1031 384 1052; x_wconf 91' lang='lat'>,</span> <span class='ocrx_word' id='word_1_113' title='bbox 401 1012 492 1041; x_wconf 91' lang='lat' dir='ltr'>non</span> <span class='ocrx_word' id='word_1_114' title='bbox 505 994 801 1041; x_wconf 87' lang='lat' dir='ltr'>dubitandum</span> <span class='ocrx_word' id='word_1_115' title='bbox 823 1005 901 1052; x_wconf 88' lang='lat' dir='ltr'>est,</span> <span class='ocrx_word' id='word_1_116' title='bbox 927 995 1049 1057; x_wconf 88' lang='lat' dir='ltr'>quod</span> <span class='ocrx_word' id='word_1_117' title='bbox 1062 997 1152 1056; x_wconf 82' lang='lat' dir='ltr'>ejus</span> <span class='ocrx_word' id='word_1_118' title='bbox 1171 1005 1363 1041; x_wconf 87' lang='lat' dir='ltr'>mentem</span> <span class='ocrx_word' id='word_1_119' title='bbox 1381 1013 1458 1057; x_wconf 87' lang='lat' dir='ltr'>per</span> 
     </span>
     <span class='ocr_line' id='line_1_17' title="bbox 69 1066 1458 1127; baseline 0 -16"><span class='ocrx_word' id='word_1_120' title='bbox 69 1072 242 1127; x_wconf 79' lang='lat' dir='ltr'>tempus</span> <span class='ocrx_word' id='word_1_121' title='bbox 262 1067 448 1112; x_wconf 88' lang='lat' dir='ltr'>moverit</span> <span class='ocrx_word' id='word_1_122' title='bbox 470 1066 581 1111; x_wconf 87' lang='lat' dir='ltr'>miro</span> <span class='ocrx_word' id='word_1_123' title='bbox 603 1076 647 1111; x_wconf 88' lang='lat' dir='ltr'>et</span> <span class='ocrx_word' id='word_1_124' title='bbox 667 1066 880 1110; x_wconf 88' lang='lat' dir='ltr'>ineffabili</span> <span class='ocrx_word' id='word_1_125' title='bbox 904 1066 1060 1122; x_wconf 91' lang='lat' dir='ltr'>modo,</span> <span class='ocrx_word' id='word_1_126' title='bbox 1085 1082 1176 1111; x_wconf 92' lang='lat' dir='ltr'>non</span> <span class='ocrx_word' id='word_1_127' title='bbox 1201 1076 1345 1111; x_wconf 88' lang='lat' dir='ltr'>motus</span> <span class='ocrx_word' id='word_1_128' title='bbox 1367 1068 1458 1127; x_wconf 90' lang='lat' dir='ltr'>ipse</span> 
     </span>
     <span class='ocr_line' id='line_1_18' title="bbox 68 1137 1456 1198; baseline 0.001 -17"><span class='ocrx_word' id='word_1_129' title='bbox 68 1152 147 1197; x_wconf 90' lang='lat' dir='ltr'>per</span> <span class='ocrx_word' id='word_1_130' title='bbox 172 1146 368 1197; x_wconf 90' lang='lat' dir='ltr'>tempus,</span> <span class='ocrx_word' id='word_1_131' title='bbox 396 1138 525 1198; x_wconf 90' lang='lat' dir='ltr'>eique</span> <span class='ocrx_word' id='word_1_132' title='bbox 547 1137 657 1182; x_wconf 88' lang='lat' dir='ltr'>utile</span> <span class='ocrx_word' id='word_1_133' title='bbox 684 1153 733 1182; x_wconf 90' lang='lat' dir='ltr'>ac</span> <span class='ocrx_word' id='word_1_134' title='bbox 760 1137 935 1182; x_wconf 88' lang='lat' dir='ltr'>salubre</span> <span class='ocrx_word' id='word_1_135' title='bbox 967 1147 1237 1198; x_wconf 82' lang='lat' dir='ltr'>praeceptum</span> <span class='ocrx_word' id='word_1_136' title='bbox 1264 1139 1456 1184; x_wconf 87' lang='lat' dir='ltr'>veritatis</span> 
     </span>
     <span class='ocr_line' id='line_1_19' title="bbox 67 1208 1457 1269; baseline 0.002 -18"><span class='ocrx_word' id='word_1_137' title='bbox 67 1208 345 1267; x_wconf 82' lang='lat' dir='ltr'>impresserit,</span> <span class='ocrx_word' id='word_1_138' title='bbox 371 1216 415 1252; x_wconf 87' lang='lat' dir='ltr'>et</span> <span class='ocrx_word' id='word_1_139' title='bbox 444 1224 544 1268; x_wconf 88' lang='lat' dir='ltr'>quae</span> <span class='ocrx_word' id='word_1_140' title='bbox 565 1208 846 1267; x_wconf 80' lang='lat' dir='ltr'>trangressori</span> <span class='ocrx_word' id='word_1_141' title='bbox 865 1224 998 1269; x_wconf 89' lang='lat' dir='ltr'>poena</span> <span class='ocrx_word' id='word_1_142' title='bbox 1021 1209 1270 1264; x_wconf 81' lang='lat' dir='ltr'>deberetur,</span> <span class='ocrx_word' id='word_1_143' title='bbox 1296 1225 1346 1253; x_wconf 92' lang='lat' dir='ltr'>ea</span> <span class='ocrx_word' id='word_1_144' title='bbox 1367 1210 1457 1269; x_wconf 88' lang='lat' dir='ltr'>ipsa</span> 
     </span>
     <span class='ocr_line' id='line_1_20' title="bbox 67 1277 1457 1325; baseline 0.001 -3"><span class='ocrx_word' id='word_1_145' title='bbox 67 1277 350 1323; x_wconf 85' lang='lat' dir='ltr'>ineffabiliter</span> <span class='ocrx_word' id='word_1_146' title='bbox 377 1279 558 1323; x_wconf 89' lang='lat' dir='ltr'>veritate</span> <span class='ocrx_word' id='word_1_147' title='bbox 591 1278 897 1323; x_wconf 87' lang='lat' dir='ltr'>monstraverit</span> <span class='ocrx_word' id='word_1_148' title='bbox 929 1299 938 1324; x_wconf 71' lang='grc' dir='ltr'>ε</span> <span class='ocrx_word' id='word_1_149' title='bbox 976 1279 1088 1324; x_wconf 89' lang='lat' dir='ltr'>sicut</span> <span class='ocrx_word' id='word_1_150' title='bbox 1117 1279 1357 1324; x_wconf 87' lang='lat' dir='ltr'>audiuntur</span> <span class='ocrx_word' id='word_1_151' title='bbox 1387 1280 1457 1325; x_wconf 84' lang='lat' dir='ltr'>vel</span> 
     </span>
     <span class='ocr_line' id='line_1_21' title="bbox 67 1347 1456 1409; baseline 0.002 -16"><span class='ocrx_word' id='word_1_152' title='bbox 67 1347 440 1405; x_wconf 85' lang='lat' dir='ltr'>videnturomnia</span> <span class='ocrx_word' id='word_1_153' title='bbox 461 1348 578 1393; x_wconf 88' lang='lat' dir='ltr'>bona</span> <span class='ocrx_word' id='word_1_154' title='bbox 594 1358 810 1409; x_wconf 75' lang='lat' dir='ltr'>praecepta</span> <span class='ocrx_word' id='word_1_155' title='bbox 836 1349 883 1393; x_wconf 91' lang='lat' dir='ltr'>in</span> <span class='ocrx_word' id='word_1_156' title='bbox 898 1349 990 1409; x_wconf 86' lang='lat' dir='ltr'>ipsa</span> <span class='ocrx_word' id='word_1_157' title='bbox 1010 1350 1360 1394; x_wconf 83' lang='lat' dir='ltr'>incommutabili</span> <span class='ocrx_word' id='word_1_158' title='bbox 1378 1353 1456 1396; x_wconf 87' lang='lat' dir='ltr'>Sa-</span> 
     </span>
     <span class='ocr_line' id='line_1_22' title="bbox 67 1418 1457 1480; baseline 0.003 -18"><span class='ocrx_word' id='word_1_159' title='bbox 67 1418 246 1478; x_wconf 89' lang='lat' dir='ltr'>pientia,</span> <span class='ocrx_word' id='word_1_160' title='bbox 267 1434 368 1479; x_wconf 83' lang='lat' dir='ltr'>quae</span> <span class='ocrx_word' id='word_1_161' title='bbox 387 1419 434 1462; x_wconf 92' lang='lat' dir='ltr'>in</span> <span class='ocrx_word' id='word_1_162' title='bbox 452 1419 616 1463; x_wconf 88' lang='lat' dir='ltr'>animas</span> <span class='ocrx_word' id='word_1_163' title='bbox 632 1429 800 1464; x_wconf 85' lang='lat' dir='ltr'>sanctas</span> <span class='ocrx_word' id='word_1_164' title='bbox 822 1434 866 1463; x_wconf 88' lang='lat' dir='ltr'>se</span> <span class='ocrx_word' id='word_1_165' title='bbox 889 1419 1094 1464; x_wconf 84' lang='lat' dir='ltr'>transfert</span> <span class='ocrx_word' id='word_1_166' title='bbox 1115 1435 1165 1463; x_wconf 82' lang='lat' dir='ltr'>ex</span> <span class='ocrx_word' id='word_1_167' title='bbox 1186 1419 1333 1480; x_wconf 88' lang='lat' dir='ltr'>aliquo</span> <span class='ocrx_word' id='word_1_168' title='bbox 1349 1430 1457 1465; x_wconf 87' lang='lat' dir='ltr'>tem-</span> 
     </span>
     <span class='ocr_line' id='line_1_23' title="bbox 67 1488 1455 1550; baseline 0.003 -17"><span class='ocrx_word' id='word_1_169' title='bbox 67 1505 173 1550; x_wconf 89' lang='lat' dir='ltr'>pore</span> <span class='ocrx_word' id='word_1_170' title='bbox 193 1493 228 1545; x_wconf 78' lang='lat'>2,</span> <span class='ocrx_word' id='word_1_171' title='bbox 248 1504 350 1534; x_wconf 85' lang='lat' dir='ltr'>cum</span> <span class='ocrx_word' id='word_1_172' title='bbox 370 1489 502 1549; x_wconf 90' lang='lat' dir='ltr'>ipsius</span> <span class='ocrx_word' id='word_1_173' title='bbox 524 1488 671 1535; x_wconf 90' lang='lat' dir='ltr'>nullus</span> <span class='ocrx_word' id='word_1_174' title='bbox 695 1490 750 1535; x_wconf 91' lang='lat' dir='ltr'>sit</span> <span class='ocrx_word' id='word_1_175' title='bbox 771 1499 915 1535; x_wconf 89' lang='lat' dir='ltr'>motus</span> <span class='ocrx_word' id='word_1_176' title='bbox 936 1491 983 1534; x_wconf 85' lang='lat' dir='ltr'>in</span> <span class='ocrx_word' id='word_1_177' title='bbox 998 1500 1209 1550; x_wconf 87' lang='lat' dir='ltr'>tempore.</span> <span class='ocrx_word' id='word_1_178' title='bbox 1241 1491 1286 1535; x_wconf 61' lang='lat' dir='ltr'>Si</span> <span class='ocrx_word' id='word_1_179' title='bbox 1310 1502 1455 1537; x_wconf 86' lang='lat' dir='ltr'>autem</span> 
     </span>
     <span class='ocr_line' id='line_1_24' title="bbox 67 1560 1456 1623; baseline 0.002 -18"><span class='ocrx_word' id='word_1_180' title='bbox 67 1561 122 1606; x_wconf 91' lang='lat' dir='ltr'>ad</span> <span class='ocrx_word' id='word_1_181' title='bbox 139 1576 240 1605; x_wconf 88' lang='lat' dir='ltr'>eum</span> <span class='ocrx_word' id='word_1_182' title='bbox 257 1560 440 1606; x_wconf 90' lang='lat' dir='ltr'>modum</span> <span class='ocrx_word' id='word_1_183' title='bbox 455 1561 596 1606; x_wconf 83' lang='lat' dir='ltr'>Adam</span> <span class='ocrx_word' id='word_1_184' title='bbox 611 1563 754 1623; x_wconf 89' lang='lat' dir='ltr'>justus</span> <span class='ocrx_word' id='word_1_185' title='bbox 777 1571 888 1618; x_wconf 85' lang='lat' dir='ltr'>erat,</span> <span class='ocrx_word' id='word_1_186' title='bbox 913 1571 964 1606; x_wconf 92' lang='lat' dir='ltr'>ut</span> <span class='ocrx_word' id='word_1_187' title='bbox 987 1563 1025 1606; x_wconf 90' lang='lat' dir='ltr'>ei</span> <span class='ocrx_word' id='word_1_188' title='bbox 1050 1561 1194 1606; x_wconf 87' lang='lat' dir='ltr'>adhuc</span> <span class='ocrx_word' id='word_1_189' title='bbox 1217 1579 1325 1623; x_wconf 86' lang='lat' dir='ltr'>opus</span> <span class='ocrx_word' id='word_1_190' title='bbox 1347 1574 1456 1609; x_wconf 85' lang='lat' dir='ltr'>esset</span> 
     </span>
     <span class='ocr_line' id='line_1_25' title="bbox 67 1631 1455 1695; baseline 0.002 -19"><span class='ocrx_word' id='word_1_191' title='bbox 67 1631 243 1677; x_wconf 87' lang='lat' dir='ltr'>alterius</span> <span class='ocrx_word' id='word_1_192' title='bbox 264 1640 474 1676; x_wconf 81' lang='lat' dir='ltr'>creaturae</span> <span class='ocrx_word' id='word_1_193' title='bbox 498 1633 723 1677; x_wconf 87' lang='lat' dir='ltr'>sanctioris</span> <span class='ocrx_word' id='word_1_194' title='bbox 746 1642 789 1677; x_wconf 88' lang='lat' dir='ltr'>et</span> <span class='ocrx_word' id='word_1_195' title='bbox 806 1633 1076 1693; x_wconf 86' lang='lat' dir='ltr'>sapientioris</span> <span class='ocrx_word' id='word_1_196' title='bbox 1101 1634 1352 1690; x_wconf 80' lang='lat' dir='ltr'>auctoritaS‚</span> <span class='ocrx_word' id='word_1_197' title='bbox 1378 1651 1455 1695; x_wconf 88' lang='lat' dir='ltr'>per</span> 
     </span>
     <span class='ocr_line' id='line_1_26' title="bbox 65 1701 1453 1764; baseline 0.003 -18"><span class='ocrx_word' id='word_1_198' title='bbox 65 1717 200 1762; x_wconf 77' lang='lat' dir='ltr'>quam</span> <span class='ocrx_word' id='word_1_199' title='bbox 222 1711 500 1760; x_wconf 83' lang='lat' dir='ltr'>cognosceret</span> <span class='ocrx_word' id='word_1_200' title='bbox 519 1703 599 1746; x_wconf 90' lang='lat' dir='ltr'>Dei</span> <span class='ocrx_word' id='word_1_201' title='bbox 613 1701 886 1747; x_wconf 86' lang='lat' dir='ltr'>voluntatem</span> <span class='ocrx_word' id='word_1_202' title='bbox 914 1712 1044 1764; x_wconf 84' lang='lat' dir='ltr'>atque</span> <span class='ocrx_word' id='word_1_203' title='bbox 1060 1704 1298 1764; x_wconf 88' lang='lat' dir='ltr'>jussionem</span> <span class='ocrx_word' id='word_1_204' title='bbox 1312 1741 1323 1761; x_wconf 88' lang='lat'>,</span> <span class='ocrx_word' id='word_1_205' title='bbox 1344 1706 1453 1750; x_wconf 91' lang='lat' dir='ltr'>sicut</span> 
     </span>
     <span class='ocr_line' id='line_1_27' title="bbox 66 1772 1454 1836; baseline 0.002 -18"><span class='ocrx_word' id='word_1_206' title='bbox 66 1773 191 1818; x_wconf 90' lang='lat' dir='ltr'>nobis</span> <span class='ocrx_word' id='word_1_207' title='bbox 215 1773 466 1832; x_wconf 78' lang='lat' dir='ltr'>Prophetae,</span> <span class='ocrx_word' id='word_1_208' title='bbox 500 1772 611 1817; x_wconf 85' lang='lat' dir='ltr'>sicut</span> <span class='ocrx_word' id='word_1_209' title='bbox 633 1773 735 1832; x_wconf 87' lang='lat' dir='ltr'>ipsis</span> <span class='ocrx_word' id='word_1_210' title='bbox 760 1772 917 1832; x_wconf 82' lang='lat' dir='ltr'>Angeli</span> <span class='ocrx_word' id='word_1_211' title='bbox 945 1794 953 1819; x_wconf 90' lang='lat'>:</span> <span class='ocrx_word' id='word_1_212' title='bbox 981 1789 1058 1818; x_wconf 88' lang='lat' dir='ltr'>cur</span> <span class='ocrx_word' id='word_1_213' title='bbox 1089 1775 1348 1834; x_wconf 82' lang='lat' dir='ltr'>ambigimus</span> <span class='ocrx_word' id='word_1_214' title='bbox 1375 1792 1454 1836; x_wconf 82' lang='lat' dir='ltr'>per</span> 
     </span>
     <span class='ocr_line' id='line_1_28' title="bbox 65 1842 1455 1904; baseline 0.002 -16"><span class='ocrx_word' id='word_1_215' title='bbox 65 1843 255 1904; x_wconf 86' lang='lat' dir='ltr'>aliquam</span> <span class='ocrx_word' id='word_1_216' title='bbox 271 1842 524 1903; x_wconf 88' lang='lat' dir='ltr'>hujusmodi</span> <span class='ocrx_word' id='word_1_217' title='bbox 548 1852 793 1887; x_wconf 89' lang='lat' dir='ltr'>creaturam</span> <span class='ocrx_word' id='word_1_218' title='bbox 817 1844 856 1886; x_wconf 89' lang='lat' dir='ltr'>ei</span> <span class='ocrx_word' id='word_1_219' title='bbox 881 1859 970 1888; x_wconf 86' lang='lat' dir='ltr'>esse</span> <span class='ocrx_word' id='word_1_220' title='bbox 992 1843 1190 1888; x_wconf 89' lang='lat' dir='ltr'>locutum</span> <span class='ocrx_word' id='word_1_221' title='bbox 1212 1849 1369 1902; x_wconf 89' lang='lat' dir='ltr'>Deum,</span> <span class='ocrx_word' id='word_1_222' title='bbox 1393 1856 1455 1891; x_wconf 86' lang='lat' dir='ltr'>ta-</span> 
     </span>
     <span class='ocr_line' id='line_1_29' title="bbox 66 1913 1451 1975; baseline 0.002 -17"><span class='ocrx_word' id='word_1_223' title='bbox 66 1913 180 1958; x_wconf 89' lang='lat' dir='ltr'>libus</span> <span class='ocrx_word' id='word_1_224' title='bbox 209 1929 370 1959; x_wconf 89' lang='lat' dir='ltr'>vocum</span> <span class='ocrx_word' id='word_1_225' title='bbox 395 1913 558 1973; x_wconf 74' lang='lat' dir='ltr'>signis,¹</span> <span class='ocrx_word' id='word_1_226' title='bbox 589 1929 688 1974; x_wconf 87' lang='lat' dir='ltr'>quae</span> <span class='ocrx_word' id='word_1_227' title='bbox 722 1913 966 1973; x_wconf 83' lang='lat' dir='ltr'>intelligere</span> <span class='ocrx_word' id='word_1_228' title='bbox 994 1918 1164 1975; x_wconf 80' lang='lat' dir='ltr'>posset?</span> <span class='ocrx_word' id='word_1_229' title='bbox 1195 1916 1312 1961; x_wconf 89' lang='lat' dir='ltr'>Illud</span> <span class='ocrx_word' id='word_1_230' title='bbox 1336 1918 1451 1962; x_wconf 89' lang='lat' dir='ltr'>enim</span> 
     </span>
     <span class='ocr_line' id='line_1_30' title="bbox 65 1984 1451 2044; baseline 0.003 -15"><span class='ocrx_word' id='word_1_231' title='bbox 65 1984 186 2044; x_wconf 92' lang='lat' dir='ltr'>quod</span> <span class='ocrx_word' id='word_1_232' title='bbox 199 1993 347 2044; x_wconf 86' lang='lat' dir='ltr'>postea</span> <span class='ocrx_word' id='word_1_233' title='bbox 367 1985 578 2044; x_wconf 89' lang='lat' dir='ltr'>scriptum</span> <span class='ocrx_word' id='word_1_234' title='bbox 601 1993 680 2040; x_wconf 90' lang='lat' dir='ltr'>est,</span> <span class='ocrx_word' id='word_1_235' title='bbox 701 2000 800 2029; x_wconf 90' lang='lat' dir='ltr'>cum</span> <span class='ocrx_word' id='word_1_236' title='bbox 818 1996 1084 2044; x_wconf 83' lang='lat' dir='ltr'>peccassent,</span> <span class='ocrx_word' id='word_1_237' title='bbox 1106 2002 1177 2032; x_wconf 84' lang='lat' dir='ltr'>eos</span> <span class='ocrx_word' id='word_1_238' title='bbox 1190 1988 1359 2032; x_wconf 87' lang='lat' dir='ltr'>audisse</span> <span class='ocrx_word' id='word_1_239' title='bbox 1372 2004 1451 2033; x_wconf 91' lang='lat' dir='ltr'>vo-</span> 
     </span>
     <span class='ocr_line' id='line_1_31' title="bbox 65 2054 1452 2120; baseline 0.003 -20"><span class='ocrx_word' id='word_1_240' title='bbox 65 2070 161 2100; x_wconf 87' lang='lat' dir='ltr'>cem</span> <span class='ocrx_word' id='word_1_241' title='bbox 181 2055 357 2100; x_wconf 89' lang='lat' dir='ltr'>Domini</span> <span class='ocrx_word' id='word_1_242' title='bbox 382 2055 462 2099; x_wconf 88' lang='lat' dir='ltr'>Dei</span> <span class='ocrx_word' id='word_1_243' title='bbox 486 2054 749 2099; x_wconf 81' lang='lat' dir='ltr'>ambulantis</span> <span class='ocrx_word' id='word_1_244' title='bbox 773 2056 818 2099; x_wconf 93' lang='lat' dir='ltr'>in</span> <span class='ocrx_word' id='word_1_245' title='bbox 840 2056 1039 2116; x_wconf 89' lang='lat' dir='ltr'>paradiso</span> <span class='ocrx_word' id='word_1_246' title='bbox 1069 2059 1107 2113; x_wconf 79' lang='lat'>3,</span> <span class='ocrx_word' id='word_1_247' title='bbox 1136 2059 1238 2119; x_wconf 85' lang='lat' dir='ltr'>quia</span> <span class='ocrx_word' id='word_1_248' title='bbox 1260 2074 1350 2103; x_wconf 90' lang='lat' dir='ltr'>non</span> <span class='ocrx_word' id='word_1_249' title='bbox 1374 2076 1452 2120; x_wconf 88' lang='lat' dir='ltr'>per</span> 
     </span>
     <span class='ocr_line' id='line_1_32' title="bbox 65 2125 1452 2186; baseline 0.004 -16"><span class='ocrx_word' id='word_1_250' title='bbox 65 2126 204 2186; x_wconf 90' lang='lat' dir='ltr'>ipsam</span> <span class='ocrx_word' id='word_1_251' title='bbox 233 2126 312 2170; x_wconf 92' lang='lat' dir='ltr'>Dei</span> <span class='ocrx_word' id='word_1_252' title='bbox 340 2125 629 2170; x_wconf 88' lang='lat' dir='ltr'>substantiam</span> <span class='ocrx_word' id='word_1_253' title='bbox 645 2161 655 2180; x_wconf 91' lang='lat'>,</span> <span class='ocrx_word' id='word_1_254' title='bbox 691 2125 767 2170; x_wconf 90' lang='lat' dir='ltr'>sed</span> <span class='ocrx_word' id='word_1_255' title='bbox 790 2142 868 2186; x_wconf 89' lang='lat' dir='ltr'>per</span> <span class='ocrx_word' id='word_1_256' title='bbox 892 2126 1114 2172; x_wconf 87' lang='lat' dir='ltr'>subditam</span> <span class='ocrx_word' id='word_1_257' title='bbox 1143 2129 1182 2172; x_wconf 90' lang='lat' dir='ltr'>ei</span> <span class='ocrx_word' id='word_1_258' title='bbox 1207 2139 1452 2175; x_wconf 88' lang='lat' dir='ltr'>creaturam</span> 
     </span>
     <span class='ocr_line' id='line_1_33' title="bbox 64 2195 1447 2262; baseline 0.004 -22"><span class='ocrx_word' id='word_1_259' title='bbox 64 2196 230 2241; x_wconf 87' lang='lat' dir='ltr'>factum</span> <span class='ocrx_word' id='word_1_260' title='bbox 244 2205 323 2252; x_wconf 91' lang='lat' dir='ltr'>est,</span> <span class='ocrx_word' id='word_1_261' title='bbox 344 2195 467 2241; x_wconf 89' lang='lat' dir='ltr'>nullo</span> <span class='ocrx_word' id='word_1_262' title='bbox 484 2195 615 2240; x_wconf 91' lang='lat' dir='ltr'>modo</span> <span class='ocrx_word' id='word_1_263' title='bbox 628 2195 802 2241; x_wconf 88' lang='lat' dir='ltr'>dubitat</span> <span class='ocrx_word' id='word_1_264' title='bbox 814 2198 890 2258; x_wconf 88' lang='lat' dir='ltr'>qui</span> <span class='ocrx_word' id='word_1_265' title='bbox 903 2197 1036 2242; x_wconf 85' lang='lat' dir='ltr'>fidem</span> <span class='ocrx_word' id='word_1_266' title='bbox 1050 2200 1309 2245; x_wconf 84' lang='lat' dir='ltr'>catholicam</span> <span class='ocrx_word' id='word_1_267' title='bbox 1322 2203 1447 2262; x_wconf 90' lang='lat' dir='ltr'>sapit.</span> 
     </span>
     <span class='ocr_line' id='line_1_34' title="bbox 62 2266 1447 2328; baseline 0.004 -17"><span class='ocrx_word' id='word_1_268' title='bbox 62 2267 133 2312; x_wconf 85' lang='lat' dir='ltr'>Ad</span> <span class='ocrx_word' id='word_1_269' title='bbox 152 2268 236 2312; x_wconf 90' lang='lat' dir='ltr'>hoc</span> <span class='ocrx_word' id='word_1_270' title='bbox 259 2267 375 2311; x_wconf 90' lang='lat' dir='ltr'>enim</span> <span class='ocrx_word' id='word_1_271' title='bbox 395 2276 438 2311; x_wconf 86' lang='lat' dir='ltr'>et</span> <span class='ocrx_word' id='word_1_272' title='bbox 460 2267 684 2327; x_wconf 84' lang='lat' dir='ltr'>aliquanto</span> <span class='ocrx_word' id='word_1_273' title='bbox 698 2266 827 2312; x_wconf 90' lang='lat' dir='ltr'>latius</span> <span class='ocrx_word' id='word_1_274' title='bbox 845 2267 899 2312; x_wconf 90' lang='lat' dir='ltr'>de</span> <span class='ocrx_word' id='word_1_275' title='bbox 920 2269 1002 2313; x_wconf 86' lang='lat' dir='ltr'>hac</span> <span class='ocrx_word' id='word_1_276' title='bbox 1019 2285 1065 2314; x_wconf 88' lang='lat' dir='ltr'>re</span> <span class='ocrx_word' id='word_1_277' title='bbox 1083 2269 1290 2315; x_wconf 89' lang='lat' dir='ltr'>disserere</span> <span class='ocrx_word' id='word_1_278' title='bbox 1312 2271 1447 2328; x_wconf 88' lang='lat' dir='ltr'>volui,</span> 
     </span>
     <span class='ocr_line' id='line_1_35' title="bbox 61 2336 1450 2398; baseline 0.004 -17"><span class='ocrx_word' id='word_1_279' title='bbox 61 2339 165 2398; x_wconf 86' lang='lat' dir='ltr'>quia</span> <span class='ocrx_word' id='word_1_280' title='bbox 185 2336 389 2382; x_wconf 89' lang='lat' dir='ltr'>nonnulli</span> <span class='ocrx_word' id='word_1_281' title='bbox 408 2337 603 2382; x_wconf 88' lang='lat' dir='ltr'>haeretici</span> <span class='ocrx_word' id='word_1_282' title='bbox 617 2346 778 2397; x_wconf 87' lang='lat' dir='ltr'>putant</span> <span class='ocrx_word' id='word_1_283' title='bbox 795 2339 1083 2384; x_wconf 88' lang='lat' dir='ltr'>substantiam</span> <span class='ocrx_word' id='word_1_284' title='bbox 1110 2341 1209 2385; x_wconf 92' lang='lat' dir='ltr'>Filii</span> <span class='ocrx_word' id='word_1_285' title='bbox 1227 2343 1305 2386; x_wconf 89' lang='lat' dir='ltr'>Dei</span> <span class='ocrx_word' id='word_1_286' title='bbox 1327 2343 1450 2387; x_wconf 89' lang='lat' dir='ltr'>nullo</span> 
     </span>
     <span class='ocr_line' id='line_1_36' title="bbox 64 2409 1452 2469; baseline 0.003 -16"><span class='ocrx_word' id='word_1_287' title='bbox 64 2418 283 2468; x_wconf 87' lang='lat' dir='ltr'>assumpto</span> <span class='ocrx_word' id='word_1_288' title='bbox 299 2424 480 2469; x_wconf 91' lang='lat' dir='ltr'>corpore</span> <span class='ocrx_word' id='word_1_289' title='bbox 496 2424 573 2469; x_wconf 92' lang='lat' dir='ltr'>per</span> <span class='ocrx_word' id='word_1_290' title='bbox 591 2409 783 2469; x_wconf 89' lang='lat' dir='ltr'>seipsam</span> <span class='ocrx_word' id='word_1_291' title='bbox 797 2425 884 2454; x_wconf 87' lang='lat' dir='ltr'>esse</span> <span class='ocrx_word' id='word_1_292' title='bbox 900 2411 1150 2468; x_wconf 68' lang='lat' dir='ltr'>visibilem⁴‚</span> <span class='ocrx_word' id='word_1_293' title='bbox 1162 2422 1205 2458; x_wconf 87' lang='lat' dir='ltr'>et</span> <span class='ocrx_word' id='word_1_294' title='bbox 1217 2411 1316 2458; x_wconf 88' lang='lat' dir='ltr'>ideo</span> <span class='ocrx_word' id='word_1_295' title='bbox 1331 2423 1452 2458; x_wconf 85' lang='lat' dir='ltr'>ante-</span> 
     </span>
     <span class='ocr_line' id='line_1_37' title="bbox 63 2479 1447 2542; baseline 0.004 -18"><span class='ocrx_word' id='word_1_296' title='bbox 63 2495 196 2540; x_wconf 87' lang='lat' dir='ltr'>quam</span> <span class='ocrx_word' id='word_1_297' title='bbox 218 2495 269 2524; x_wconf 85' lang='lat' dir='ltr'>ex</span> <span class='ocrx_word' id='word_1_298' title='bbox 284 2479 460 2538; x_wconf 80' lang='lat' dir='ltr'>Virgine</span> <span class='ocrx_word' id='word_1_299' title='bbox 482 2495 638 2541; x_wconf 90' lang='lat' dir='ltr'>corpus</span> <span class='ocrx_word' id='word_1_300' title='bbox 660 2480 893 2541; x_wconf 87' lang='lat' dir='ltr'>acciperet,</span> <span class='ocrx_word' id='word_1_301' title='bbox 919 2482 1060 2542; x_wconf 85' lang='lat' dir='ltr'>ipsum</span> <span class='ocrx_word' id='word_1_302' title='bbox 1081 2483 1223 2528; x_wconf 88' lang='lat' dir='ltr'>visum</span> <span class='ocrx_word' id='word_1_303' title='bbox 1245 2499 1335 2529; x_wconf 87' lang='lat' dir='ltr'>esse</span> <span class='ocrx_word' id='word_1_304' title='bbox 1364 2488 1447 2529; x_wconf 83' lang='lat' dir='ltr'>Pa-</span> 
     </span>
    </p>
   </div>
   <div class='ocr_carea' id='block_1_7' title="bbox 113 2564 1309 2611">
    <p class='ocr_par' dir='ltr' id='par_1_8' title="bbox 113 2564 1309 2611">
     <span class='ocr_line' id='line_1_38' title="bbox 113 2564 1309 2611; baseline 0.003 -13"><span class='ocrx_word' id='word_1_305' title='bbox 113 2572 123 2588; x_wconf 90' lang='lat'>¹</span> <span class='ocrx_word' id='word_1_306' title='bbox 143 2564 240 2601; x_wconf 59' lang='lat' dir='ltr'>Joanss</span> <span class='ocrx_word' id='word_1_307' title='bbox 256 2577 279 2610; x_wconf 95' lang='lat'>1,</span> <span class='ocrx_word' id='word_1_308' title='bbox 300 2578 329 2600; x_wconf 90' lang='lat'>1.</span> <span class='ocrx_word' id='word_1_309' title='bbox 350 2582 391 2591; x_wconf 88' lang='lat'>—-</span> <span class='ocrx_word' id='word_1_310' title='bbox 407 2573 420 2590; x_wconf 85' lang='lat'>²</span> <span class='ocrx_word' id='word_1_311' title='bbox 441 2569 513 2609; x_wconf 90' lang='lat' dir='ltr'>Sap.</span> <span class='ocrx_word' id='word_1_312' title='bbox 535 2578 594 2610; x_wconf 89' lang='lat' dir='ltr'>vn,</span> <span class='ocrx_word' id='word_1_313' title='bbox 616 2575 670 2609; x_wconf 73' lang='lat'>27.</span> <span class='ocrx_word' id='word_1_314' title='bbox 687 2584 729 2591; x_wconf 90' lang='lat'>—-</span> <span class='ocrx_word' id='word_1_315' title='bbox 749 2565 762 2591; x_wconf 86' lang='lat'><strong>3</strong></span> <span class='ocrx_word' id='word_1_316' title='bbox 781 2569 860 2601; x_wconf 85' lang='lat' dir='ltr'>Gen.</span> <span class='ocrx_word' id='word_1_317' title='bbox 878 2579 928 2601; x_wconf 86' lang='lat'>111.</span> <span class='ocrx_word' id='word_1_318' title='bbox 945 2577 977 2602; x_wconf 80' lang='lat'>2.</span> <span class='ocrx_word' id='word_1_319' title='bbox 1005 2568 1074 2599; x_wconf 78' lang='lat'>—4</span> <span class='ocrx_word' id='word_1_320' title='bbox 1096 2570 1175 2602; x_wconf 87' lang='lat' dir='ltr'>Tim.</span> <span class='ocrx_word' id='word_1_321' title='bbox 1190 2581 1236 2611; x_wconf 78' lang='lat' dir='ltr'>w,</span> <span class='ocrx_word' id='word_1_322' title='bbox 1257 2569 1309 2601; x_wconf 85' lang='grc'>16.</span> 
     </span>
    </p>
   </div>
  </div>
 </body>
</html>
