1854 3219
405 168 488 208 464
846 176 880 206 s.
916 177 1145 207 Aueusrim
1179 179 1366 232 EPISCOPI·

460 246 597 288 XXV.
621 243 772 287 omnis
793 243 911 287 enim
939 245 1082 288 anima
1109 245 1232 302 viva,
1260 260 1349 289 non
1377 243 1519 288 solum
1549 244 1790 299 rationalis,

399 317 511 360 sicut
533 315 577 358 in
600 315 849 359 hominibus
864 350 874 369 ,
894 316 1180 360 verumetiam
1198 314 1457 360 irrationalis
1475 315 1585 359 sicut
1602 316 1647 359 in
1668 331 1794 375 peeo-

401 386 534 440 ribus,
554 395 596 429 ct
613 385 878 439 volatilibuS,
905 395 948 429 et
969 386 1175 445 piscibus,
1195 386 1293 430 visis
1312 395 1527 430 movetur.
1548 385 1633 430 Sed
1652 386 1795 429 anima

400 456 620 501 rationalis
643 456 878 501 voluntatis
905 457 1084 501 arbitrio
1115 457 1182 501 vel
1215 458 1432 501 consentit
1454 457 1550 501 visis
1567 491 1578 511 ,
1602 456 1674 501 vel
1704 473 1795 501 non

399 529 639 573 consentit:
666 526 925 572 irrationalis
938 537 1083 572 autem
1098 544 1187 572 non
1206 528 1338 571 habet
1350 529 1434 572 1100
1447 527 1664 587 judicium
1685 548 1695 582 ς
1715 543 1794 587 pro

398 615 476 644 suo
503 608 644 643 tamen
664 614 820 658 genere
837 608 967 659 atque
986 608 1140 643 natura
1157 599 1248 644 viso
1272 597 1418 658 aliquo
1443 607 1555 642 taeta
1583 597 1793 658 propelli-

402 679 484 713 tur.
513 672 600 715 Nee
623 669 668 712 in
691 678 905 729 potestate
936 668 1067 714 ullius
1097 669 1253 712 animae
1275 677 1364 724 est,
1390 684 1489 729 quse
1520 668 1584 711 illi
1606 669 1694 713 visa
1719 685 1794 713 ve-

398 740 545 793 niant,
574 739 661 783 sive
690 739 735 782 in
764 755 937 784 sensum
971 739 1186 798 eorporis,
1227 738 1314 782 sive
1347 738 1392 781 in
1420 738 1564 797 ipsum
1595 738 1794 797 spiritum
1849 793 1852 801 A

398 810 576 853 interius
604 828 613 854 :
645 810 804 869 quibus
827 810 926 854 visis
949 810 1165 869 appetitus
1188 817 1416 853 moveatur
1437 807 1672 868 cujuslibet
1697 809 1794 853 ani-

398 881 568 925 mantis.
598 884 660 925 Ae
689 881 748 926 510
771 897 872 926 011111
902 898 951 926 ea
980 881 1069 926 visa
1102 896 1180 941 per
1202 880 1473 939 Angelorum
1501 879 1795 924 obedientiam

398 951 583 1010 desuper
612 952 937 1007 ministrantur,
969 952 1168 1011 pervenit
1194 950 1328 1011 jussio
1351 950 1429 995 Dei
1454 965 1543 994 11011
1570 949 1712 995 solum
1740 950 1795 995 ad

399 1022 594 1066 homines
609 1058 619 1078 ,
658 1039 738 1067 nee
774 1022 915 1067 solum
939 1021 994 1066 ad
1017 1037 1115 1066 aves
1140 1030 1183 1065 et
1205 1037 1361 1081 pecora
1377 1055 1388 1076 ,
1421 1021 1708 1065 verumetiam
1738 1020 1794 1065 ad

396 1109 446 1137 ea
477 1110 576 1154 quae
610 1094 692 1138 5111)
719 1094 842 1154 aquis
872 1092 1036 1148 latent,
1073 1094 1183 1137 sieut
1216 1092 1270 1136 ad
1301 1101 1476 1148 cetum,
1512 1092 1588 1152 qui
1622 1091 1794 1150 glutivit

396 1167 554 1209 Jouam
573 1167 600 1207 ¹.
628 1168 716 1210 Nee
746 1164 888 1209 solum
912 1165 968 1208 ad
988 1165 1067 1208 ista
1090 1165 1253 1224 majora
1268 1199 1278 1218 ,
1305 1163 1593 1207 verumetiam
1615 1162 1669 1207 ad
1692 1178 1791 1208 vcr-

395 1235 607 1279 miculum
628 1254 636 1280 z
662 1250 765 1279 nam
787 1245 830 1280 et
851 1235 954 1279 huie
982 1235 1168 1294 legimus
1196 1234 1402 1279 divinitus
1428 1235 1596 1295 jussum
1611 1270 1621 1289 ,
1648 1243 1698 1278 ut
1721 1250 1790 1279 ra-

395 1306 538 1351 dicem
556 1307 797 1352 cucurbitae
816 1307 1032 1362 roderet2,
1053 1307 1134 1351 sub
1154 1307 1277 1367 cujus
1297 1306 1554 1350 umbraculo
1574 1307 1791 1366 Propheta

395 1379 683 1438 requieverat.
713 1379 755 1423 Si
779 1378 895 1422 enim
917 1379 1081 1422 homini
1098 1377 1278 1422 donavit
1298 1381 1435 1433 Deus,
1461 1377 1519 1422 sie
1541 1393 1642 1421 eum
1663 1377 1789 1422 insti-

397 1457 520 1493 tuens
535 1485 545 1504 ,
571 1459 621 1494 ut
638 1450 768 1493 etiam
786 1464 961 1494 carnem
980 1449 1145 1509 peccati
1167 1458 1362 1508 portans,
1383 1449 1517 1509 possit
1537 1464 1626 1494 non
1648 1447 1789 1493 solum

393 1535 551 1578 pecora
571 1530 615 1564 et
626 1521 826 1580 jumenta
849 1520 934 1563 suis
948 1519 1099 1563 usibus
1116 1519 1308 1575 subdita,
1329 1535 1409 1564 nee
1423 1529 1595 1564 tantum
1613 1519 1788 1564 domes-

396 1590 498 1634 ticas
529 1605 649 1645 aves,
685 1589 761 1634 sed
789 1590 919 1633 etiam
951 1589 1086 1633 libere
1114 1589 1371 1645 volitantes,
1403 1590 1622 1651 quaslibet
1656 1590 1788 1635 etiam

392 1676 525 1705 saevas
548 1659 658 1704 feras
674 1670 717 1704 et
731 1675 884 1720 capere
901 1695 911 1715 ,
933 1669 976 1703 et
998 1669 1243 1704 mansuetas
1264 1660 1429 1716 facere,
1456 1671 1500 1706 et
1529 1662 1587 1705 eis
1609 1661 1787 1705 mirabi-

391 1730 489 1775 liter
511 1732 722 1791 imperare
739 1730 933 1790 potentia
954 1730 1154 1786 rationis,
1175 1746 1264 1775 11011
1282 1732 1494 1791 eorporis,
1517 1747 1619 1777 eum
1635 1748 1785 1777 earum

391 1803 608 1862 appetitus
652 1811 695 1846 et
732 1800 902 1846 dolores
945 1811 1121 1861 captans
1140 1837 1150 1856 ,
1186 1801 1487 1864 paulatimque
1523 1802 1781 1860 illectando,

389 1872 630 1933 premendo
645 1908 655 1928 ,
681 1873 959 1933 laxandoque
980 1872 1211 1917 moderans
1228 1909 1238 1929 ,
1267 1875 1424 1933 agresti
1441 1890 1510 1919 eas
1534 1875 1654 1919 exuit
1675 1891 1784 1920 con-

390 1944 621 1990 suetudine
637 1980 647 2000 ,
674 1954 717 1988 et
738 1954 947 2004 tanquam
970 1944 1172 1988 humanis
1195 1944 1391 1989 moribus
1420 1944 1589 1990 induit:
1617 1955 1784 2006 quanto

389 2016 525 2075 magis
547 2015 702 2074 Angeli
726 2016 808 2060 1100
836 2024 1044 2075 possunt,
1070 2015 1145 2075 qui
1162 2015 1356 2075 jussione
1374 2016 1452 2060 Dei
1476 2017 1522 2060 in
1547 2017 1637 2076 ipsa
1660 2019 1750 2078 ejus
1767 2052 1778 2072 ‚
1852 2071 1854 2075 Α

388 2103 522 2147 quam
549 2088 808 2146 sempiterne
830 2088 1072 2142 intuentur,
1105 2086 1452 2132 incommutabili
1477 2088 1657 2132 veritate
1678 2104 1780 2148 per-
1844 2080 1854 2095 '⁴

388 2168 532 2218 specta
549 2195 559 2213 ᾖ
587 2168 811 2204 moventes
833 2174 876 2202 50
899 2174 976 2218 per
1007 2168 1174 2218 tempus
1191 2194 1202 2213 ,
1229 2168 1272 2202 et
1299 2174 1479 2218 corpora
1502 2159 1583 2203 sibi
1605 2159 1780 2205 subdita
1851 2146 1854 2154 ⁴

387 2245 464 2289 per
486 2239 657 2289 tempus
685 2239 728 2274 et
755 2228 899 2274 locum
918 2265 928 2284 ,
961 2229 1153 2287 agilitate
1184 2228 1396 2279 mirabili;
1435 2238 1478 2273 et
1505 2229 1593 2274 visa
1616 2230 1777 2290 quibus

387 2310 627 2355 moveatur,
647 2310 690 2345 et
706 2301 948 2360 appetitum
961 2299 1143 2344 earnalis
1160 2300 1425 2358 indigentiae,
1443 2299 1591 2345 valent
1604 2302 1776 2346 efficere

387 2373 507 2417 omni
531 2373 686 2416 animae
707 2372 843 2429 vivre,
870 2382 919 2417 ut
940 2389 1029 2433 quo
1051 2388 1145 2418 eam
1167 2372 1314 2418 venire
1336 2388 1444 2433 opus
1462 2383 1553 2430 est,
1579 2374 1774 2419 nesciens

387 2443 631 2488 adducatur
646 2446 663 2487 Ρ

437 2537 443 2552 ¹
468 2532 539 2561 Jon.
560 2541 592 2572 11,
613 2540 639 2561 1.
666 2547 707 2553 --
732 2530 926 2572 2111.1ν;;“.
