1854 3219
388 134 475 175 354
825 155 859 181 s.
893 153 1125 189 AUGUSTuu
1157 163 1341 194 EPISCOPI

378 228 481 258 nom
502 212 558 259 de
573 215 680 261 limo
704 226 830 264 terrae
843 221 1016 270 finxerit
1031 228 1063 284 ¹,
1083 228 1188 275 dicit
1207 233 1339 278 etiam
1360 236 1482 295 quod
1502 237 1662 285 bestias
1683 244 1776 301 agri

375 284 432 329 de
464 294 578 330 terra
609 288 803 348 finxerit,
843 296 1023 354 quando
1059 314 1130 345 eas
1162 318 1268 348 cum
1297 304 1550 353 volatilibus
1577 310 1680 355 coeli
1718 312 1777 358 ad

375 354 518 401 Adam
537 356 732 418 adduxit,
757 372 807 408 ut
827 364 995 412 videret
1014 370 1125 431 quid
1142 389 1191 418 ea
1204 386 1393 422 vocaret.
1419 378 1487 424 Sie
1505 381 1622 426 enim
1638 382 1775 444 scrip-

374 433 470 504 tum
487 438 576 474 est:
607 450 628 474 «
645 434 701 476 Et
719 434 844 480 finxit
858 439 973 484 Deus
987 441 1132 488 adhuc
1145 444 1200 490 de
1224 455 1338 492 terra
1355 465 1506 496 omnes
1520 452 1677 498 bestias
1696 455 1728 500 ².
1748 473 1774 505 »t

371 498 416 542 Si
440 514 543 578 ergo
565 511 609 547 et
640 504 863 553 hominem
892 509 947 555 de
971 521 1086 560 terra
1107 526 1152 561 et
1173 517 1332 565 bestias
1351 523 1406 566 de
1428 532 1543 569 terra
1562 525 1654 585 ipse
1677 526 1772 571 for—

368 581 520 646 mavit,
546 575 655 636 quid
678 577 812 624 habet
833 581 965 630 homo
987 585 1268 634 excellentius
1290 591 1337 636 111
1360 592 1442 638 hac
1462 610 1524 652 re,
1549 596 1633 642 nisi
1649 597 1773 658 quod

366 656 458 701 ipse
475 643 531 690 ad
554 646 788 708 imaginem
811 655 890 700 Dei
912 669 1081 705 creatus
1107 664 1198 706 est?
1219 665 1307 709 Nec
1330 673 1480 712 tamen
1502 668 1587 714 hoc
1609 686 1770 716 secun-

365 710 474 760 dum
501 733 657 780 corpus
673 757 684 777 ,
721 724 797 770 sed
818 729 1061 776 secundum
1089 733 1364 781 intellectum
1385 740 1565 796 mentis,
1602 741 1658 785 (10
1679 759 1774 803 quo

361 795 459 843 post
486 787 764 852 loquemur3.
801 801 1068 863 Quanquam
1110 814 1153 850 et
1186 804 1232 851 in
1260 808 1356 868 ipso
1388 826 1571 871 corpore
1606 812 1770 863 habeat

358 859 597 917 quamdam
615 869 947 936 proprietatem,
968 894 1068 940 quae
1085 879 1170 923 1100
1183 878 1364 938 indicet,
1386 882 1510 943 quod
1521 893 1664 929 erecta
1685 894 1770 935 sta-¹

358 938 457 977 tura
477 932 619 982 factus
640 949 720 1000 est,
737 952 792 1001 ufu
808 944 898 1001 'noc
915 954 1010 1015 ipso
1033 951 1361 1010 admoneretur,
1383 971 1475 1000 non
1493 956 1576 1000 sibi
1593 965 1768 1003 terrena

353 1016 444 1047 esse
466 1009 705 1085 ὃθθῑᾶῦᾖᾶ,
729 1028 853 1075 velut
873 1041 1029 1087 pecora
1044 1061 1055 1082 ,
1092 1041 1284 1086 quorum
1309 1025 1512 1086 voluptas
1545 1028 1686 1073 omnis
1715 1044 1768 1074 ex

349 1080 465 1122 terra
501 1092 588 1157 ‘est²
613 1100 733 1144 unde
764 1099 811 1144 in
843 1098 991 1145 alvum
1021 1106 1182 1143 cuneta
1214 1112 1353 1157 prona
1384 1107 1517 1158 atque
1549 1108 1767 1158 prostrata

346 1158 482 1216 “s'unt.
507 1173 723 1232 Congruit
745 1187 850 1231 ergo
875 1180 919 1215 et
946 1185 1104 1230 corpus
1126 1169 1218 1229 ejus
1242 1168 1401 1213 animae
1422 1168 1652 1225 rationali,
1673 1186 1766 1217 non

364 1242 609 1288 secundum
629 1243 894 1288 lineamenta
910 1241 1158 1301 figurasque
1173 1239 1477 1285 membrorum
1491 1276 1502 1297 ,
1524 1240 1601 1286 sed
1616 1242 1764 1301 potius

366 1315 610 1360 secundum
633 1315 682 1360 id
703 1316 825 1377 quod
852 1315 898 1360 in
932 1313 1099 1359 coelum
1125 1321 1323 1357 erectum
1349 1322 1436 1369 031,
1461 1312 1519 1358 ad.
1550 1313 1765 1359 intuenda

366 1403 466 1447 quae
488 1387 533 1431 in
557 1403 739 1448 corpore
766 1387 900 1448 ipsius
931 1386 1087 1431 mundi
1115 1400 1303 1446 superna
1322 1394 1426 1430 sunt
1451 1404 1460 1430 z
1485 1384 1597 1429 sicut
1618 1385 1763 1430 anima

367 1458 588 1504 rationalis
617 1459 665 1505 in
689 1475 739 1504 ea
766 1458 900 1504 debet
926 1457 1060 1518 erigi,
1089 1473 1190 1518 quae
1225 1456 1271 1501 in
1304 1456 1570 1517 spiritalibus
1605 1466 1763 1502 natura

368 1530 553 1575 maxime
579 1530 821 1587 excellunt,
846 1540 898 1576 ut
918 1546 1019 1591 quae
1041 1544 1213 1575 sursum
1234 1538 1337 1574 sunt
1357 1528 1518 1589 sapiat⁷
1542 1544 1633 1573 non
1661 1544 1762 1590 quae

368 1615 499 1660 super
517 1609 692 1646 terram.

370 1770 440 1786 ΛΑΜ
444 1770 1474 1791 ΜδΜῒΝᾺΜΝΝΜἋΜιΜΜΜΜΝΛΜῶΊΜΜἏΑΝ-Μὶ
1477 1772 1762 1791 mmmm

869 1908 1085 1959 CAPUT
1120 1912 1265 1959 XIII.

463 2065 577 2125 Qua
592 2074 736 2110 aetate
750 2074 837 2110 aut
855 2075 1049 2111 statura
1065 2065 1461 2130 eonditasficerit
1479 2066 1665 2115 Adam.

425 2215 595 2258 XXIII.
624 2217 707 2259 SED
731 2214 953 2275 quomodo
979 2215 1085 2261 fecit
1113 2231 1215 2261 eum
1237 2219 1353 2261 Deus
1381 2217 1436 2261 de
1467 2215 1572 2262 limo
1599 2226 1726 2263 terrae
1742 2253 1755 2275 ,

364 2293 515 2329 utrum
532 2295 711 2344 repente
728 2286 774 2329 in
790 2295 918 2330 aetate
935 2285 1146 2346 perfecta,
1161 2288 1245 2332 hoc
1265 2297 1344 2343 est‚
1361 2287 1473 2332 virili
1492 2298 1624 2350 atque
1635 2290 1757 2350 juve-

367 2355 462 2411 nili,
479 2373 533 2401 an
556 2356 669 2401 310111
686 2373 803 2401 1111110
822 2373 960 2418 usque
978 2356 1137 2403 format
1156 2358 1203 2402 in
1224 2358 1357 2403 uteris
1374 2362 1590 2404 matrum?
1605 2362 1757 2422 Neque

368 2428 485 2473 enim
508 2427 616 2473 alius
638 2429 732 2474 haec
757 2427 886 2485 facit,
912 2445 1045 2490 quam
1073 2429 1147 2474 ille
1169 2430 1247 2491 qui
1270 2430 1402 2490 dixit3
1430 2450 1451 2473 «
1475 2432 1598 2477 Prius
1621 2447 1755 2493 quam

684 2519 689 2526 r

417 2543 424 2559 ¹
446 2538 524 2570 Gen.
540 2548 576 2579 11,
596 2547 627 2579 7.
656 2554 690 2560 -
709 2544 722 2560 ²
740 2536 822 2569 Ibid.
846 2548 897 2580 19.
916 2554 956 2559 —
973 2536 986 2561 3
1002 2547 1021 2569 2
1039 2538 1132 2571 Sent.
1153 2537 1226 2570 dist.
1245 2549 1312 2581 xvr,
1331 2551 1360 2573 c.
1379 2541 1451 2583 Quo
1468 2539 1572 2574 circa.
