1854 3219
323 234 377 259 DE
410 233 560 260 GENEsr
594 230 648 258 AD
682 230 925 269 ursanus,
962 234 1043 259 Lm.
1080 233 1146 258 111.
1354 216 1436 255 ⁶247

59 299 170 344 sacta
192 299 281 358 ipsa
303 297 491 356 cognitio
520 297 563 338 in
592 312 640 340 ea
663 306 839 349 nutura,
873 313 970 356 (μσς
999 297 1081 339 boc
1112 296 1155 338 in
1185 294 1330 337 Verbo
1363 293 1440 336 ‘oei

59 379 159 414 ante
171 384 429 428 cognoscere
445 376 638 427 poteram
658 383 706 410 ac
719 366 878 411 deinde
893 367 1055 411 fiebant
1073 367 1175 426 ipsae
1196 363 1439 424 corporales

60 450 102 484 et
123 438 388 484 irrationales
410 447 619 482 creaturae
633 473 643 492 ,
669 446 844 497 propter
872 437 991 497 quod
1014 437 1218 496 deinceps
1246 434 1439 480 addeba—

59 521 146 568 tur,
171 532 191 555 «
216 514 272 556 Et
288 509 393 555 fecit
414 512 543 554 Deus.
565 527 586 550 »

907 652 1439 669 ΜΛΛΜΜΜΜΝἏΦἉἋΜΜΜΜ

58 657 340 674 mmmm

549 776 768 826 CAPUT
796 778 938 824 XXI.

114 935 192 982 De
213 934 416 982 hominis
431 932 796 981 immortalitate
811 931 1068 996 dffcultas
1089 948 1153 977 ex
1166 930 1274 978 cibo
1297 932 1392 992 ipsi

633 1013 867 1065 proestcto.

114 1146 328 1189 XXXIII.
353 1146 572 1197 Quomono
594 1152 740 1187 autem
763 1143 897 1186 homo
920 1140 1177 1186 immortalis
1197 1142 1340 1186 factus
1364 1142 1417 1186 sit
1432 1178 1443 1197 ,

56 1225 100 1261 ct
121 1216 334 1276 acceperit
355 1230 496 1259 escam
524 1230 627 1259 cum
653 1213 746 1258 aliis
770 1213 1030 1258 animalibus
1046 1250 1056 1268 ‚
1081 1213 1263 1258 herbam
1295 1213 1447 1273 pabuli

56 1286 271 1332 ferentem
291 1302 462 1342 semen,
488 1295 532 1330 et
555 1285 725 1345 lignum
744 1282 1021 1329 fructiferum
1039 1321 1049 1340 ,
1076 1294 1119 1329 et
1140 1285 1320 1329 herbam
1340 1285 1448 1329 viri-

57 1358 156 1403 dem
169 1394 180 1414 ‚
200 1357 379 1403 difficile
393 1367 457 1402 est
473 1355 630 1402 dicere.
659 1357 702 1401 Si
720 1356 838 1399 enim
856 1365 1036 1416 peccato
1055 1356 1248 1401 mortalis
1266 1356 1450 1400 effectus

57 1440 145 1481 est,
169 1430 324 1490 utique
355 1437 456 1472 ante
490 1436 720 1487 peccatum
753 1442 844 1471 non
876 1426 1101 1485 indigebat
1135 1426 1296 1471 talibus
1323 1427 1448 1471 cibis.

13 1511 16 1513 ’
55 1503 207 1562 Neque
223 1500 340 1545 enim
355 1508 498 1560 posset
514 1514 672 1559 corpus
692 1495 804 1541 illud
824 1495 939 1541 fame
956 1499 1192 1558 corrumpi.
1213 1501 1322 1544 Nam
1339 1497 1452 1542 illud

56 1572 179 1635 qnod
207 1572 375 1617 dictum
397 1581 462 1616 est
483 1591 492 1617 z
527 1590 548 1613 «
574 1571 763 1616 Crescite
779 1606 790 1625 ,
825 1578 868 1613 et
891 1568 1264 1630 multiplicamini,
1298 1580 1341 1614 et
1367 1570 1452 1614 im-

59 1663 80 1688 »
106 1644 232 1706 ¹plete
254 1654 413 1688 terram
428 1645 460 1699 ¹,
489 1661 509 1684 »
537 1659 789 1704 quanquam
810 1644 891 1688 nisi
912 1659 990 1703 per
1013 1640 1301 1687 concubitum
1321 1642 1452 1686 maris

56 1725 100 1761 et
121 1715 315 1761 foeminae
342 1714 436 1759 fieri
473 1730 565 1759 non
593 1729 717 1774 posse
749 1714 975 1772 videatur3
999 1712 1117 1758 unde
1138 1712 1241 1756 hinc
1273 1728 1452 1774 quoque

55 1787 307 1844 mortalium
329 1801 563 1846 corporum
585 1786 729 1831 extitit
749 1785 960 1831 indicium
980 1805 988 1830 :
1012 1794 1157 1845 potest
1184 1793 1333 1828 tamen
1364 1785 1450 1830 dici

56 1859 189 1905 alium
211 1856 396 1903 modum
421 1871 510 1902 esse
530 1857 720 1916 potuisse
742 1857 789 1900 in
816 1857 1072 1917 corporibus
1095 1854 1416 1900 immortalibus
1435 1890 1447 1911 ‚

55 1940 106 1976 ut
134 1929 332 1989 solo'piae
359 1929 582 1974 charitatis
615 1928 779 1973 affectu
794 1963 805 1984 ‚
826 1927 949 1973 nulla
970 1926 1261 1987 corruptionis
1282 1942 1449 1971 concu-

55 2001 263 2062 piscentia
278 1999 358 2045 filii
373 2008 671 2055 nascerentur,
690 2014 772 2043 nec
791 1999 974 2044 mortuis
998 1998 1255 2059 parentibus
1271 2013 1446 2043 succes—

56 2072 172 2128 suri,
190 2086 272 2117 nec
292 2071 373 2132 ipsi
393 2071 596 2120 morituri
611 2074 653 2129 '²3
675 2070 817 2115 donec
834 2079 949 2115 terra
965 2069 1286 2115 immortalibus
1307 2070 1450 2114 homi-

56 2144 185 2190 nibus
205 2142 475 2204 impleretur,
498 2158 548 2188 ac
568 2143 627 2187 sic
648 2143 848 2188 instituto
871 2144 990 2204 justo
1015 2153 1060 2187 et
1080 2151 1230 2187 sancto
1250 2142 1418 2202 populo
1433 2178 1443 2198 ,

57 2214 232 2276 qualem
251 2223 350 2275 post
371 2214 730 2276 resurrectionem
749 2212 949 2259 futurum
971 2213 1211 2269 credimus,
1242 2213 1449 2258 nascendi

58 2286 187 2331 etiam
208 2285 364 2330 modus
382 2286 506 2330 fieret
530 2302 539 2326 z
564 2294 709 2345 potest
729 2285 910 2345 quidem
931 2285 1045 2341 dici,
1068 2294 1113 2330 et
1134 2285 1360 2346 quomodo
1380 2284 1450 2329 di-

58 2365 197 2411 catur,
221 2354 613 2401 aliaconsideratio
634 2364 700 2399 est
714 2391 724 2410 ‚
749 2355 827 2400 sed
847 2372 937 2400 non
959 2357 1090 2401 etiam
1112 2357 1197 2401 boc
1218 2356 1454 2416 quisquam·

59 2426 203 2471 dicere
231 2425 435 2482 audebit,
461 2426 659 2470 ciborum
681 2425 967 2484 indigentiam
989 2427 1151 2487 quibus
1180 2427 1445 2479 reficiantur,

59 2498 139 2546 nisi
160 2496 417 2542 mortalibus
438 2498 694 2558 corporibus
717 2514 807 2542 esse
828 2515 966 2558 posse.

108 2603 116 2618 ¹
139 2598 216 2628 Gen.
239 2608 264 2637 1,
285 2595 338 2627 28.
361 2613 401 2617 -
422 2603 434 2618 ²
460 2606 478 2627 ’.ὲ
497 2597 586 2627 δοηὶ.
608 2596 682 2627 dit-t*
706 2608 760 2636 xx,
780 2607 853 2638 cap.
876 2597 927 2628 De
945 2597 1100 2627 termino.
