1854 3219
357 215 440 253 298
792 225 825 250 s.
862 221 1093 251 AUGUSTINI
1125 224 1308 252 EPISCOPI

355 289 558 334 inferiore
571 287 817 347 cognitione
831 297 1009 347 propter
1025 304 1151 332 mane
1170 289 1400 333 laudaret?
1418 292 1507 334 Aut
1521 291 1745 351 quomodo

355 358 635 422 praecedebat
663 374 812 414 mane,
837 368 887 403 ut
919 359 966 403 in
999 360 1145 405 Verbo
1178 371 1461 420 cognosceret
1497 362 1606 423 quid
1640 372 1751 408 esset

356 436 447 477 Deo
473 440 622 491 postea
649 429 924 486 faciendum,
941 431 1131 492 idipsum
1154 433 1285 477 etiam
1308 443 1629 494 consequenter
1652 450 1750 479 ves-

354 518 457 564 pere
476 503 721 561 cognitura,
743 502 777 546 si
800 502 917 563 prius
934 512 977 547 et
994 505 1206 563 posterius
1229 503 1338 548 nihil
1361 504 1529 550 factum
1551 515 1630 562 est,
1649 507 1753 567 quia

355 574 485 619 simul
508 574 653 619 omnia
686 573 801 618 facta
835 576 966 619 sunt?
997 578 1196 620 Imovero
1229 585 1271 619 ct
1299 576 1419 636 prius
1449 585 1581 636 atque
1612 586 1753 637 poste-

355 647 444 690 rius
464 661 541 706 per
565 660 637 689 sex
669 644 760 689 dics
788 661 887 706 qu'ae
914 656 1255 691 commemorata
1278 656 1381 692 sunt
1413 647 1526 692 facta
1560 657 1686 704 sunt,
1710 657 1753 692 et

355 717 485 763 simul
508 717 656 762 omnia
688 715 802 762 facta
823 727 925 763 sunt
944 739 951 764 :
979 720 1082 779 quia
1103 729 1147 763 et
1168 719 1263 764 haec
1287 719 1534 779 Scriptura,
1555 735 1654 780 quae
1677 735 1754 780 per

355 797 621 839 memoratos
651 789 740 833 dies
769 799 915 834 narrat
946 806 1076 850 opera
1100 790 1194 845 Dei,
1221 799 1264 834 et
1285 789 1359 834 illa
1381 806 1481 851 quae
1503 790 1635 834 simul
1652 805 1754 835 eum

355 860 462 905 dicit
484 860 635 904 fecisse
669 860 839 916 onmia,
859 877 990 906 verax
1013 871 1104 919 est,
1131 870 1174 905 et
1203 869 1389 921 utraque
1416 876 1505 905 una
1541 870 1627 917 est,
1651 860 1754 923 quia

355 947 446 975 uno
471 931 636 991 Spiritu
661 931 854 976 veritatis
877 932 1116 991 inspirante
1139 932 1382 991 conscripta
1404 941 1483 975 est.

414 1005 529 1047 LIV.
554 1003 639 1047 Sed
655 1003 702 1046 in
719 1003 784 1047 his
809 1003 956 1058 rebus,
977 1003 1022 1046 in
1041 1003 1202 1063 quibus
1219 1003 1328 1064 quid
1350 1003 1470 1063 prius
1489 1003 1544 1047 sit
1563 1002 1633 1047 vel
1649 1017 1753 1062 pos-

354 1073 511 1126 terius,
540 1074 770 1119 intervalla
798 1083 1048 1134 temporum
1077 1091 1167 1119 non
1193 1075 1518 1130 demonstrant,
1556 1075 1754 1135 quamvis

354 1155 595 1206 utrumque
631 1144 717 1190 dici
741 1146 899 1205 possit,
927 1145 974 1190 id
995 1155 1082 1201 est,
1105 1155 1148 1189 et
1165 1145 1310 1201 simul,
1337 1155 1380 1190 et
1396 1146 1534 1205 prius,
1555 1154 1598 1189 et
1614 1154 1755 1205 poste-

353 1217 459 1272 rius,
486 1216 656 1262 facilius
678 1226 826 1261 tamen
849 1217 1108 1275 intelligitur
1130 1216 1253 1278 quod
1275 1217 1437 1262 dicitur
1455 1217 1600 1273 simul,
1621 1232 1755 1278 quam

353 1287 475 1349 quod
501 1288 618 1347 prius
648 1297 779 1348 atque
806 1288 1047 1347 posterius:
1079 1288 1201 1332 velut
1229 1303 1331 1333 cum
1362 1287 1498 1332 solem
1530 1289 1756 1332 intuemur

353 1359 582 1414 orientem,
609 1368 725 1403 certe
743 1358 1025 1403 manifestum
1048 1367 1128 1414 est,
1148 1358 1268 1419 quod
1286 1359 1343 1403 ad
1360 1374 1460 1403 eum
1484 1359 1594 1404 acies
1607 1368 1755 1403 nostra

352 1429 581 1490 pervenire
604 1445 695 1474 non
719 1439 886 1489 posset,
912 1429 995 1473 nisi
1026 1429 1230 1474 transiret
1252 1438 1396 1474 totum
1427 1429 1534 1474 aeris
1561 1430 1754 1490 coelique

353 1500 566 1560 spatium,
592 1498 715 1560 quod
740 1499 854 1543 inter
880 1515 958 1544 nos
985 1508 1029 1544 et
1052 1500 1195 1559 ipsum
1217 1509 1306 1545 est:
1333 1501 1418 1545 hoc
1452 1509 1599 1545 autern
1631 1501 1754 1560 cujus

352 1571 664 1632 longinquitati
684 1571 760 1627 sit,
780 1571 877 1631 quis
897 1571 1112 1616 aestimare
1134 1572 1352 1616 sufficiat?
1369 1574 1457 1618 Nec
1479 1573 1634 1632 utique
1650 1588 1753 1632 per-

351 1644 522 1690 veniret
551 1643 706 1688 eadem
739 1642 851 1688 acies
881 1643 951 1688 vel
983 1642 1129 1688 radius
1154 1644 1385 1689 oculorum
1418 1653 1669 1689 nostrorum
1697 1644 1754 1690 ad

352 1713 671 1759 transeundum
695 1717 854 1769 a'e'rem,
876 1715 953 1774 qui
977 1723 1040 1759 est
1058 1730 1188 1774 super
1209 1730 1352 1770 mare,
1378 1714 1459 1758 nisi
1482 1715 1603 1775 prius
1632 1724 1753 1759 tran-

351 1786 474 1831 sisset
485 1801 609 1841 eum,
627 1785 705 1846 qui
722 1794 786 1830 est
801 1800 931 1845 super
948 1793 1125 1841 terram,
1146 1786 1193 1830 in
1214 1784 1412 1846 qualibet
1432 1786 1754 1831 mediterranea

351 1858 529 1917 regione
556 1858 714 1913 simus,
736 1858 791 1901 ab
810 1873 861 1902 eo
883 1856 981 1902 loco
1005 1858 1083 1901 ubi
1101 1873 1252 1902 sumus
1273 1873 1413 1919 usque
1438 1858 1493 1903 ad
1513 1858 1636 1903 littus
1658 1874 1753 1902 ma-

352 1929 423 1974 ris.
450 1928 618 1973 Deinde
646 1928 680 1972 si
706 1926 761 1972 ad
781 1927 980 1972 eamdem
1002 1927 1165 1973 lineam
1186 1929 1408 1973 contuitus
1441 1930 1579 1973 nostri
1607 1929 1752 1974 adhuc

351 2009 451 2060 post
470 2015 588 2043 mare
610 2008 737 2043 terrae
759 1998 982 2060 adJacent,
1004 2015 1105 2044 eum
1129 2016 1309 2061 quoque
1333 2004 1475 2045 aerem
1489 2036 1500 2056 ,
1525 2000 1601 2061 qui
1623 2015 1753 2061 super

351 2072 446 2117 illas
464 2072 772 2117 transmarinas
790 2081 924 2117 terras
943 2081 1028 2129 est,
1052 2072 1241 2117 transire
1261 2073 1373 2117 acies
1390 2081 1537 2117 nostra
1557 2088 1647 2118 non
1669 2088 1752 2133 po·—

351 2153 455 2199 test,
477 2144 559 2188 nisi
580 2144 700 2204 prius
722 2152 901 2204 peracto
933 2144 1072 2204 spatio
1094 2143 1202 2188 aeris
1224 2143 1357 2198 illius,
1383 2144 1459 2205 qui
1481 2159 1612 2204 super
1633 2159 1752 2188 mare

352 2215 474 2277 quod
496 2216 617 2275 prius
641 2216 851 2271 occurrit,
879 2215 1145 2260 extenditur.
1174 2216 1404 2260 Faciamus
1419 2216 1510 2276 jam
1539 2225 1637 2276 post
1658 2215 1752 2261 illas

352 2288 659 2333 transmarinas
672 2297 806 2332 terras
829 2288 1001 2332 nonnisi
1023 2290 1249 2332 Oceanum
1266 2302 1512 2346 remanere,
1532 2287 1751 2348 numquid

353 2370 397 2405 et
419 2363 563 2404 aerem
591 2360 668 2420 qui
689 2375 819 2419 super
840 2361 1063 2404 Oceanum
1085 2358 1374 2415 diffunditur,
1400 2369 1545 2419 potest
1568 2360 1750 2404 transire

354 2431 466 2475 acies
499 2440 668 2486 nostra,
706 2431 788 2475 nisi
822 2430 940 2490 prius
971 2431 1189 2475 transierit
1230 2428 1450 2491 quidquid
1492 2430 1600 2475 a'e'ris
1643 2430 1749 2474 citra

351 2504 575 2546 Oceanum
595 2517 724 2562 supra
741 2511 903 2546 terram
925 2503 1020 2546 est?
1041 2502 1202 2546 Oceani
1227 2510 1375 2546 autem
1391 2501 1652 2562 magnitudo
1676 2501 1746 2545 in-

352 2573 656 2632 comparabilis
694 2573 976 2634 perhibetur,
1012 2571 1090 2618 scd
1121 2583 1481 2635 quantacumque
1520 2573 1597 2629 sit,
1626 2573 1746 2633 prius
