1854 3219
401 204 417 237 1
428 201 482 238 9-2
837 206 870 235 s.
907 207 1136 237 AUGUSTINI
1168 208 1349 237 Emscom

394 284 444 319 ut
465 287 678 335 aquarum
701 271 874 334 pondus
890 282 1063 319 terreno
1079 273 1265 334 ponderi
1279 273 1577 335 supportando
1590 272 1779 319 naturali

392 346 549 392 ordine
570 345 693 407 quasi
715 345 962 406 subjectum
983 359 1073 390 esse
1091 343 1341 391 arbitretur.

392 539 887 559 ΛΜΜΜΜΜΜΜΜΜΝΛΝΙ
891 537 1598 559 mmmmmummmmm
1603 537 1774 556 mmm

913 689 1133 741 CAPUT
1176 690 1225 739 II
1236 726 1246 736 .

833 838 940 883 Αέν
955 845 1086 882 terra
1104 835 1338 897 superior.

452 988 504 1029 V.
540 989 697 1031 Anium
715 1001 818 1031 vero
841 987 965 1048 aquis
990 1001 1077 1031 esse
1099 985 1367 1047 superiorem
1389 983 1587 1046 quamvis
1603 991 1781 1044 propter

394 1056 603 1117 ampliora
626 1058 690 1102 sui
712 1058 848 1117 spatia
870 1058 1000 1103 etiam
1019 1058 1185 1102 aridam
1206 1064 1438 1116 contegat,
1461 1053 1783 1112 hincintelligi-

390 1137 463 1172 tur
478 1164 488 1184 ‚
515 1129 630 1189 quod
657 1128 828 1174 nullum
846 1145 921 1174 vas
941 1129 996 1174 ab
1012 1145 1085 1174 ore
1107 1130 1365 1189 impressum
1387 1126 1545 1187 repleri
1569 1126 1690 1187 aquis
1708 1140 1783 1185 po-

390 1208 474 1243 test
496 1219 504 1244 :
530 1199 649 1244 unde
666 1200 766 1244 satis
783 1200 949 1245 indicat
971 1201 1078 1244 a'e'ris
1101 1209 1303 1244 naturam
1325 1198 1473 1243 locum
1491 1206 1638 1257 petere
1653 1211 1783 1256 supe-

389 1270 561 1314 riorem.
583 1270 767 1315 Videtur
786 1271 901 1315 enim
917 1287 990 1315 vas
1002 1271 1131 1314 inane
1142 1305 1152 1325 ,
1169 1269 1245 1315 sed
1262 1273 1359 1314 a'ere
1372 1269 1554 1330 plenum
1571 1267 1784 1328 probatur

389 1357 491 1386 cum
515 1357 588 1386 ore
614 1342 703 1387 imo
722 1342 767 1386 in
791 1358 949 1403 aquam
972 1341 1257 1402 deprimitur3
1290 1341 1392 1402 quia
1415 1340 1531 1384 enim
1554 1354 1632 1400 per
1654 1355 1784 1399 supe-

389 1413 547 1458 riorem
570 1423 738 1473 partem
761 1430 851 1458 non
877 1413 1044 1457 invenit
1065 1412 1263 1456 emeandi
1281 1412 1451 1467 locum,
1476 1427 1556 1456 nec
1579 1411 1783 1456 deorsum

391 1500 539 1529 versus
562 1485 738 1545 irruptis
762 1485 884 1545 aquis
907 1484 1055 1529 subter
1077 1499 1147 1528 eas
1169 1484 1230 1527 ire
1255 1492 1411 1527 natura
1434 1483 1590 1527 sinitur
1605 1518 1616 1539 ‚
1641 1482 1784 1543 pleni-

394 1555 548 1600 tudine
576 1571 653 1600 sua
682 1554 854 1615 repellit
881 1572 972 1611 eas,
998 1565 1041 1600 et
1069 1556 1114 1600 in
1147 1571 1220 1600 vas
1251 1571 1341 1600 non
1358 1555 1573 1616 permittit
1603 1555 1780 1600 intrare.

393 1629 506 1671 Cum
529 1636 675 1671 autem
695 1643 769 1671 vas
787 1628 846 1670 ita
864 1626 1125 1682 collocatur,
1147 1636 1198 1671 ut
1219 1642 1265 1671 os
1285 1642 1375 1671 non
1397 1626 1560 1670 habeat
1581 1625 1785 1671 deorsum

393 1697 469 1742 sed
491 1698 537 1741 in
550 1697 662 1742 latus
677 1697 938 1742 inclinatum
953 1734 963 1753 ‚
983 1698 1117 1742 intrat
1129 1714 1243 1758 aqua
1262 1696 1466 1754 inferius,
1482 1706 1667 1742 exeunte
1687 1702 1785 1742 aere

393 1769 605 1828 superius.
635 1772 833 1830 Itemque
849 1769 882 1813 si
897 1769 1007 1813 vasis
1028 1769 1160 1813 erecti
1182 1785 1228 1813 os
1245 1777 1392 1829 pateat
1408 1769 1454 1813 in
1472 1768 1634 1814 coelum
1652 1805 1662 1826 ,
1682 1784 1784 1813 cum

392 1839 589 1885 infundis
612 1856 791 1900 aquam,
819 1840 967 1885 evadit
990 1843 1061 1884 aer
1092 1855 1262 1884 sursum
1283 1855 1432 1885 versus
1454 1855 1505 1884 ex
1531 1839 1624 1884 aliis
1645 1840 1784 1900 parti-

392 1910 475 1955 bus
495 1928 582 1971 qua
604 1927 695 1956 non
726 1910 947 1963 infundis3
973 1920 1016 1955 et
1036 1911 1086 1955 fit
1111 1910 1232 1955 loeus
1262 1927 1387 1972 aquae
1410 1910 1617 1956 deorsum
1637 1927 1784 1956 versus

392 1981 598 2025 intrandi.
626 1981 755 2035 Quod
777 1982 812 2026 si
835 1982 877 2026 vi
899 1983 1063 2042 majore
1083 1997 1157 2026 vas
1179 1981 1440 2042 deprimitur
1455 2017 1466 2038 ‚
1491 1991 1542 2026 ut
1561 1981 1632 2026 vel
1653 1998 1703 2026 ex
1719 1981 1784 2027 la-

392 2062 483 2096 tere
506 2052 574 2096 vel
591 2052 778 2113 desuper
793 2069 918 2113 aquae
936 2062 1113 2113 repente
1130 2053 1319 2098 influant
1334 2088 1345 2109 ‚
1371 2063 1414 2098 et
1431 2054 1627 2114 undique
1645 2070 1691 2099 os
1708 2070 1785 2099 va-

392 2124 446 2168 sis
472 2124 701 2183 obtegant,
738 2124 970 2185 disrumpit
1003 2141 1072 2169 eas
1095 2129 1168 2169 a'er
1189 2141 1361 2170 sursum
1383 2125 1546 2181 nitens,
1577 2135 1627 2170 ut
1646 2126 1705 2171 eis
1727 2125 1784 2171 ad

392 2195 477 2240 ima
500 2196 647 2240 locum
671 2195 798 2241 faciat
817 2218 827 2254 3
847 2197 993 2257 etipsa
1015 2196 1227 2258 disruptio
1247 2196 1462 2256 singultus
1475 2213 1676 2243 vasorum
1701 2207 1780 2253 est,

393 2267 500 2310 dum
521 2267 718 2326 partibus
733 2266 843 2325 fugit
858 2303 868 2323 ‚
889 2268 991 2328 quia
1012 2277 1129 2313 totus
1151 2278 1240 2313 tam
1262 2269 1349 2313 cito
1367 2285 1457 2314 non
1470 2278 1628 2329 potest,
1647 2285 1783 2330 prop-
1847 2289 1849 2305 ι

1848 2075 1851 2107 Ι

1847 2158 1850 2272 l

393 2346 459 2381 ter
473 2337 588 2382 illius
611 2338 694 2383 oris
717 2338 955 2397 angustias.
985 2342 1049 2383 Ita
1072 2339 1105 2383 si
1130 2343 1202 2383 aer
1219 2355 1348 2400 super
1365 2356 1499 2400 aquas
1512 2340 1574 2384 ire
1596 2341 1781 2399 cogitur3
1846 2395 1847 2398 Ἴ

393 2410 524 2453 etiam
544 2410 816 2454 confluentes
837 2425 906 2453 eas
931 2408 1109 2470 disjicit,
1134 2425 1235 2455 cum
1257 2410 1477 2454 exilientes
1500 2410 1667 2471 impetu
1692 2412 1784 2471 ejus
1846 2411 1847 2418 ’

392 2478 589 2539 impulsa:
611 2479 851 2535 ebulliunt,
877 2489 920 2524 et
937 2496 1039 2524 cum
1056 2479 1186 2525 bullis
1204 2480 1486 2541 crepantibus
1508 2482 1717 2525 emittunt
1737 2481 1782 2526 in

390 2566 464 2594 sua
490 2559 819 2610 properantem,
861 2559 991 2612 atque
1023 2550 1105 2597 illis
1134 2551 1188 2597 ad
1226 2551 1313 2597 ima
1343 2551 1576 2598 decidendi
1614 2551 1781 2597 aditum
