1854 3219
293 193 347 219 m:
377 191 529 220 omnm
561 190 617 217 An
649 190 893 229 LITTERAM,
915 192 997 218 us.
1026 193 1102 218 xii.
1327 180 1409 218 573

89 258 208 301 XIV.
234 258 385 301 Restat
417 270 519 315 ergo
553 253 753 310 fortasse,
789 264 840 299 ut
876 256 1083 316 quoniam
1120 254 1294 300 mentiri
1327 271 1417 300 non

30 337 175 389 posset
204 326 437 387 Apostolus
456 361 467 382 ,
510 325 586 386 qui
623 335 742 370 tanta
778 341 882 370 cura
920 327 1034 385 egit,
1077 335 1128 370 ut
1159 326 1419 371 discerneret

31 397 142 459 quid
177 397 330 454 sciret,
363 406 407 441 et
443 395 551 457 quid
581 400 789 451 nesciret,
825 397 907 441 1100
948 397 1090 456 ipsum
1121 411 1223 440 eum
1255 395 1418 440 intelli-

31 483 182 528 gamus
200 468 440 528 ignorasse,
461 475 608 511 utrum
626 466 803 528 quando
825 467 872 511 in
894 467 1071 512 tertium
1089 467 1252 512 coelum
1270 476 1418 526 raptus

33 549 119 596 est,
153 540 200 584 in
220 554 401 599 corpore
431 538 590 593 fuerit,
616 537 838 598 quomodo
870 546 933 582 est
964 537 1106 582 anima
1138 537 1184 581 in
1215 553 1417 597 corpore,

32 626 134 656 cum
169 626 326 671 corpus
364 610 508 655 vivere
548 608 732 664 dicitur,
774 608 862 653 sive
904 607 1147 667 vigilantis,
1190 607 1278 652 sive
1316 607 1420 652 dor-

33 681 230 737 mientis,
264 680 352 725 sive
387 680 435 724 in
466 680 598 724 extasi
630 695 654 723 a
681 679 874 723 sensibus
903 679 1093 739 corporis
1125 678 1336 736 alienata,
1368 694 1423 723 an

35 753 215 798 omnino
237 751 292 796 de
322 766 503 811 corpore
526 750 702 806 exierit,
728 759 779 794 ut
803 759 1027 794 mortuum
1054 765 1210 809 corpus
1229 752 1391 810 jaceret
1408 784 1418 804 ,

34 823 175 868 donec
189 831 363 882 peracta
378 821 451 866 illa
469 821 837 866 demonstratione
854 820 1058 864 membris
1077 820 1258 865 mortuis
1276 820 1419 864 anima

34 891 305 948 redderetur,
331 901 374 936 et
400 908 490 936 non
512 892 636 953 quasi
657 891 874 936 dormiens
898 889 1119 950 evigilaret
1135 926 1146 946 ,
1182 899 1257 934 aut
1287 890 1421 934 extasi

35 963 245 1009 alienatus
270 963 417 1008 denuo
439 963 599 1008 rediret
630 962 676 1006 in
708 978 884 1017 sensus,
919 960 995 1005 sed
1018 970 1215 1006 mortuus
1244 961 1422 1006 omnino

36 1035 322 1080 revivisceret.
349 1034 538 1080 Proinde
572 1033 694 1094 quod
713 1033 825 1077 vidit
845 1042 993 1092 raptus
1016 1047 1155 1092 usque
1176 1033 1223 1076 in
1245 1033 1423 1076 tertium

36 1105 217 1162 coelum,
237 1103 358 1166 quod
375 1105 504 1149 etiam
527 1120 570 1149 se
592 1104 698 1149 seire
721 1104 949 1148 confirmat
963 1138 973 1158 ,
995 1103 1168 1163 proprie
1185 1102 1309 1158 vidit,
1334 1118 1425 1148 non

36 1175 340 1235 imaginaliter.
369 1174 454 1221 Sed
470 1175 575 1235 quia
595 1175 683 1234 ipsa
704 1191 727 1218 a
743 1190 922 1235 corpore
946 1174 1145 1229 alienata,
1163 1183 1313 1218 utrum
1328 1190 1424 1218 0111-

36 1247 142 1292 nino
169 1256 393 1291 mortuum
426 1261 581 1306 corpus
610 1244 856 1305 reliquerit,
891 1260 946 1288 an
967 1244 1209 1288 secundum.
1244 1243 1426 1288 modum

37 1316 272 1378 quemdam
303 1316 487 1362 viventis
521 1316 711 1375 corporis
740 1316 802 1358 ibi
830 1315 973 1359 anima
1008 1314 1165 1370 suerit,
1199 1315 1274 1359 sed
1304 1330 1426 1359 1110115

38 1389 128 1449 ejus
150 1388 206 1432 ad
227 1386 416 1432 videnda
436 1386 506 1432 vel
528 1385 744 1431 audienda
767 1385 1004 1430 ineffabilia
1023 1385 1137 1429 illius
1157 1386 1330 1430 visionis
1357 1402 1425 1430 ar-

38 1468 162 1518 repta
183 1459 260 1513 sit,
295 1459 378 1503 1100
399 1458 614 1502 incertum
636 1467 752 1512 erat,
778 1457 878 1500 ideo
900 1455 1080 1500 forsitan
1110 1456 1218 1500 dixit
1243 1476 1250 1500 :
1285 1476 1305 1498 «
1333 1457 1428 1502 Sive

43 1548 64 1572 »
99 1530 145 1575 in
165 1545 368 1590 corpore,
394 1529 481 1575 sive
498 1537 618 1573 extra
637 1543 793 1587 corpus
809 1563 819 1583 ,
846 1528 988 1572 nescio
1004 1563 1014 1582 ,
1040 1531 1154 1571 Deus
1177 1528 1270 1572 soit.
1300 1546 1319 1568 >›

42 1696 1176 1717 ΜΜΜΜΜΛΛΜΜΜΜΜΜΜΜΜΜὟῈὫΜΜΝΑΊΜΜΜΜῙΊ
1181 1697 1247 1713 ml
1253 1697 1319 1713 ΊΑΑΛ
1324 1698 1389 1714 vm
1396 1698 1427 1715 *Α

570 1818 786 1868 CAPUT
822 1820 910 1867 VI.

451 1949 503 1997 V
504 1950 707 1996 isionam
725 1965 908 2012 genera
924 1950 1046 2010 trien

105 2086 201 2129 XV.
224 2086 351 2137 Quon
368 2093 515 2128 autem
533 2099 623 2129 non
634 2083 941 2143 imaginaliter,
965 2084 1040 2127 sed
1054 2084 1227 2143 proprie
1245 2084 1432 2140 videtur,

46 2164 91 2200 et
115 2170 205 2200 non
231 2170 309 2215 per
340 2170 497 2215 corpus
528 2154 716 2210 videtur,
748 2155 832 2199 1100
855 2171 904 2198 ea
930 2155 1096 2199 visione
1125 2154 1314 2210 videtur,
1336 2172 1436 2215 quae

47 2240 197 2271 omnes
218 2235 395 2271 caeteras
411 2235 600 2286 superat.
623 2228 788 2270 Harum
807 2225 967 2285 species
987 2235 1119 2286 atque
1141 2226 1407 2270 differentias
1422 2261 1433 2281 ,

47 2306 265 2358 quantum
285 2313 355 2342 me
378 2298 589 2343 Dominus
617 2297 848 2358 adjuverit,
873 2297 1088 2357 explicare
1110 2298 1290 2342 curabo.
1324 2301 1437 2342 Ecce

49 2368 96 2412 in
120 2369 205 2413 hoc
231 2384 322 2414 uno
351 2378 571 2429 praecepto
604 2384 706 2413 cum
738 2368 922 2428 legitur:
952 2387 973 2410 «
997 2368 1155 2427 Diliges
1190 2369 1438 2429 proximum

53 2456 76 2482 »
109 2448 237 2484 tuum
259 2448 468 2500 tanquam
497 2449 541 2486 te
568 2440 711 2500 ipsum
728 2441 759 2496 ¹,
787 2458 807 2481 »
833 2439 916 2484 tria
939 2454 1094 2498 genera
1115 2440 1331 2486 visionum
1365 2455 1439 2485 00-

101 2541 110 2559 ¹
132 2534 246 2569 Matth.
269 2546 351 2578 xxn,
367 2535 418 2578 39.
