1854 3219
361 215 415 242 DE
446 213 599 243 GENES1
630 210 686 240 AD
718 209 958 250 Lu-TERAM,
994 214 1076 240 Lm.
1112 213 1156 239 x.
1367 198 1447 238 491

67 296 244 328 carnem
263 281 452 327 delectat
465 316 476 336 ‚
496 289 602 325 tunc
624 278 784 323 dicitur
805 294 904 324 caro
927 280 1232 339 concupiscere
1249 276 1454 324 adversus

64 352 288 413 spiritum,
313 361 357 397 et
376 351 552 411 spiritus
572 348 776 395 adversus
793 365 982 395 carnem.

125 424 248 471 XXI.
265 422 335 468 Sic
347 421 463 469 enim
479 419 595 465 dicta
612 429 678 464 est
689 435 788 465 caro
801 420 847 464 in
864 435 915 465 eo
931 417 1052 482 quod
1063 418 1305 465 secundum
1317 421 1456 480 ipsam

66 493 172 539 facit
193 494 359 549 anima,
377 508 479 538 cum
501 493 586 537 ait:
609 494 754 537 «Caro
776 492 1061 552 concupiscit,
1082 491 1457 553 quemadmodum

68 582 91 607 »
125 563 295 609 dictum
319 573 383 609 est
398 599 409 620 ,
447 563 562 608 auris
588 562 733 619 audit,
766 572 810 607 et
830 562 981 608 oculus
1002 561 1136 608 Videt.
1163 580 1185 603 »
1210 562 1316 615 Quis
1337 562 1457 606 enim

66 634 230 690 nescit,
266 633 386 695 quod
413 633 557 678 anima
587 633 731 694 potius
753 642 797 678 et
825 648 904 693 per
938 649 1088 677 aurem
1110 631 1282 688 audiat,
1308 641 1353 676 et
1379 647 1457 692 per

66 703 245 750 oculum
276 705 449 750 videat?
482 708 548 749 Ita
576 704 817 765 loquimur,
846 714 889 749 et
918 719 1021 748 cum
1049 703 1233 748 dicimus
1258 722 1268 748 :
1300 706 1457 748 Manus

65 785 142 821 tua
163 775 366 820 subvenit
390 775 578 830 homini,
604 790 706 819 cum
731 773 897 834 aliquid
916 783 1115 833 porrecta
1142 789 1278 817 manu
1306 772 1454 829 datur,

65 862 155 907 quo
182 846 388 906 cuiquam
414 845 715 890 subveniatur.
748 843 877 898 Quod
912 844 946 888 si
974 843 1030 888 de
1063 845 1158 904 ipso
1192 845 1323 888 etiam
1352 843 1456 888 fide-i

65 916 216 972 oculo,
243 915 299 960 ad
314 931 448 976 quem
461 916 651 976 pertinet
673 915 850 960 credere
871 931 971 976 quac
992 931 1069 975 per
1085 930 1260 960 carnem
1281 931 1373 960 non
1391 915 1459 960 vi-

65 986 243 1042 dentur,
269 985 439 1030 dictum
457 994 521 1030 est
540 1001 548 1027 :
580 1004 600 1028 «
626 985 807 1030 Videbit
828 987 968 1031 omnis
989 1002 1090 1031 caro
1113 985 1300 1030 salutare
1322 985 1425 1030 Dei1
1444 1006 1456 1043 3

65 1073 164 1103 non>
177 1058 329 1118 utique
349 1056 432 1101 nisi
459 1056 515 1100 de
537 1056 680 1100 anima
693 1091 704 1111 ‚
728 1073 813 1116 qua
831 1057 939 1101 vivit
959 1072 1059 1101 caro
1074 1092 1085 1112 ,
1110 1071 1212 1101 cum
1231 1057 1360 1100 etiam
1381 1070 1459 1115 per

63 1129 203 1188 ipsam
221 1142 397 1172 carnem
427 1135 620 1171 nostram
642 1126 865 1171 Christum
886 1127 956 1188 pie
983 1127 1129 1172 videre
1145 1163 1155 1182 ,
1180 1126 1226 1171 id
1249 1135 1314 1171 est
1329 1162 1340 1180 ‚
1365 1125 1458 1171 for-

65 1213 182 1244 mam
199 1214 286 1259 qua
302 1196 485 1242 indutus
502 1207 567 1241 est
578 1206 757 1257 propter
774 1213 868 1253 nos,
885 1213 975 1242 non
990 1198 1209 1258 pertineat
1227 1198 1281 1241 ad
1293 1212 1459 1241 concu-

64 1269 340 1330 piscentiam,
357 1266 434 1312 sed
450 1268 505 1312 ad
521 1268 806 1312 ministerium
823 1269 962 1312 carnis
977 1304 988 1324 ‚
1015 1284 1070 1311 ne
1091 1268 1205 1312 forte
1222 1267 1376 1328 aliquis
1399 1267 1458 1312 ita

65 1339 171 1387 velit
188 1339 382 1399 accipere
405 1338 525 1400 quod
543 1337 711 1383 dictum
729 1348 792 1383 est
809 1359 818 1384 z
840 1359 860 1382 α
880 1339 1058 1384 Videbit
1072 1340 1211 1384 omnis
1230 1355 1331 1384 caro
1348 1338 1459 1384 salu-

69 1428 91 1452 »
126 1420 218 1456 tare
234 1411 338 1454 Dei:
368 1419 572 1470 »quanto
595 1410 907 1469 congruentius
930 1410 1090 1455 dicitur
1111 1426 1211 1455 caro
1225 1411 1460 1470 concupis-

62 1496 186 1535 cere,
220 1478 402 1542 quando
438 1481 581 1524 anima
611 1496 702 1524 non
733 1479 876 1524 solum
910 1482 1029 1524 carni
1063 1480 1294 1525 animalem
1326 1482 1460 1525 vitam

67 1551 235 1613 praebet
251 1586 262 1608 ,
303 1551 590 1597 verumetiam
626 1551 868 1596 secundum
905 1552 1041 1611 ipsam
1077 1567 1252 1596 carnem
1294 1551 1460 1613 aliquid

68 1621 338 1682 concupiscit
360 1641 370 1667 ι
402 1621 525 1682 quod
554 1622 600 1666 in
621 1630 836 1681 potestate
865 1638 955 1666 non
978 1632 1043 1666 est
1072 1638 1127 1666 ne
1150 1624 1430 1682 concupiscat
1446 1659 1456 1679 ‚

67 1693 265 1755 quandiu
281 1693 394 1737 inest
409 1702 637 1753 peccatum
654 1693 701 1736 in
716 1693 940 1748 membris,
960 1692 1006 1737 id
1029 1703 1107 1749 est,
1134 1693 1324 1738 violenta
1341 1710 1467 1755 quae--

71 1763 174 1808 dam
191 1764 331 1808 carnis
350 1762 555 1807 illecebra
578 1763 623 1806 in
648 1778 829 1823 corpore
850 1763 1000 1807 mortis
1024 1764 1154 1824 hujus
1171 1800 1181 1819 ‚
1208 1764 1385 1808 veniens
1407 1765 1463 1808 (le

71 1833 263 1878 vindicta
294 1832 411 1877 illius
444 1833 634 1893 peccati,
671 1832 790 1876 unde
812 1833 1099 1893 propaginem
1132 1832 1361 1888 ducimus,
1393 1850 1462 1878 se-

69 1903 267 1950 cundum
286 1919 418 1964 quam
436 1919 585 1948 omnes
607 1913 708 1948 ante
731 1905 912 1963 gratiam
936 1904 1012 1948 filii
1034 1914 1136 1949 sunt
1158 1905 1232 1948 irae
1246 1909 1278 1949 2.
1300 1907 1463 1952 Contra

69 1975 191 2036 quod
212 1984 441 2035 peccatum
458 1973 649 2019 militant
671 1974 753 2019 sub
776 1976 911 2033 gratia
929 1975 1175 2031 constituti,
1197 1991 1286 2020 non
1306 1986 1354 2020 ut
1373 1993 1461 2023 non

70 2046 125 2092 sit
147 2047 194 2090 in
216 2061 368 2090 eorum
390 2060 571 2105 corpore
587 2081 599 2101 ‚
626 2045 825 2107 quandiu
846 2046 905 2090 ita
922 2047 1106 2092 mortale
1119 2056 1197 2102 est,
1215 2057 1265 2092 ut
1282 2057 1325 2092 et
1342 2062 1461 2092 mor-

70 2125 198 2161 tuum
210 2117 310 2176 jure
329 2114 515 2170 dicatur,
535 2114 611 2159 sed
631 2124 682 2159 ut
703 2131 791 2160 non
810 2126 975 2176 regnet.
996 2120 1093 2163 Non
1117 2127 1264 2161 autem
1282 2128 1458 2177 regnat,

71 2202 174 2231 cum
205 2185 427 2230 desideriis
450 2186 486 2246 ej
496 2201 543 2230 us
561 2220 572 2241 ,
605 2184 650 2229 id
676 2194 739 2229 est
755 2222 766 2242 ‚
800 2186 866 2231 his
889 2203 988 2247 quae
1015 2187 1258 2232 secundum
1287 2204 1462 2233 carnem

72 2265 223 2301 contra
258 2255 459 2316 spiritum
480 2256 867 2316 concupiscuntur,
895 2273 984 2302 non
1018 2258 1237 2303 obeditur.
1275 2259 1463 2305 Proinde

71 2325 306 2387 Apostolus
328 2326 546 2387 numquid
568 2326 653 2371 ait:
679 2330 776 2373 Non
800 2329 854 2373 sit
870 2339 1097 2389 peccatum
1121 2330 1166 2374 in
1183 2339 1325 2376 vestro
1347 2347 1463 2376 mor-

73 2396 150 2442 tali
162 2412 343 2458 corpore
356 2399 374 2441 Ρ
392 2397 577 2453 (sciebat
595 2398 758 2459 quippe
775 2399 913 2444 inesse
930 2401 1098 2461 peccati
1112 2400 1459 2456 delectationem,

73 2484 207 2530 quam
235 2477 467 2529 peccatum
483 2478 633 2525 vocat,
659 2469 891 2531 depravata
915 2471 1078 2517 scilicet
1099 2488 1149 2516 ex
1167 2474 1305 2533 prima
1328 2483 1466 2519 trans—

126 2560 135 2577 ¹
157 2556 234 2588 Luc.
254 2564 299 2596 111,
317 2554 351 2586 6.
377 2571 420 2577 -
442 2560 456 2577 2
474 2553 591 2597 Ephes.
607 2565 641 2596 11,
667 2555 698 2587 3.
