1854 3219
409 178 462 217 92

409 273 429 296 ))

409 345 428 367 ))

408 415 427 438 ))

408 485 427 508 ))

407 556 427 578 ))

408 627 426 649 ))

407 697 426 720 ))

407 768 426 791 ))

406 840 425 863 ))

405 911 424 934 ))

405 983 424 1006 ))

403 1053 424 1076 ))

404 1125 423 1147 ))

403 1197 423 1219 ))

403 1267 422 1290 ))

403 1338 422 1361 ))

402 1409 423 1432 ))

401 1480 421 1503 ))

402 1552 422 1574 ))

402 1623 422 1646 ))

402 1695 422 1718 ))

843 185 862 214 S
870 204 878 214 .
916 186 1147 217 AUGUSTINI
1179 188 1361 218 EPISCOPI

465 253 602 307 calici,
621 267 710 313 quo
727 252 887 298 Christi
901 255 1073 313 sanguis
1090 255 1334 299 ostenditur
1350 276 1360 313 ;
1378 254 1453 315 qui
1470 252 1790 314 Scripturarum

465 325 661 370 omnium
683 335 952 370 sacramento
974 342 1022 371 ac
1045 327 1289 371 testimonio
1310 324 1587 386 praedicatur.
1615 324 1791 369 Inveni-

463 411 558 439 mus
587 396 702 439 enim
733 396 777 440 in
797 397 952 441 Genesi
975 397 1086 442 circa
1107 406 1425 442 sacramentum
1456 398 1548 441 Noe
1570 396 1653 440 hoc
1674 394 1791 450 idem

463 466 753 526 praecurrisse¹
773 502 784 521 ‚
810 476 853 510 et
876 468 1060 526 figuram
1086 467 1315 513 dominicae
1345 467 1551 528 passionis
1574 465 1662 511 illic
1682 466 1792 511 exti-

463 538 587 592 tisse,
614 538 734 598 quod
754 538 905 582 vinum
930 538 1064 595 bibit,
1090 540 1208 601 quod
1229 539 1467 583 inebriatus
1489 547 1574 593 est⁷
1604 536 1725 598 quod
1746 538 1791 582 in

463 609 593 652 domo
617 625 692 652 sua
714 608 904 654 nudatus
922 619 1011 667 est,
1033 611 1153 671 quod
1176 610 1260 654 fuit
1278 610 1489 654 recubans
1508 607 1636 653 nudis
1659 618 1702 652 et
1719 624 1793 668 pa-

465 679 657 723 tentibus
683 678 945 737 finitoribus,
982 681 1102 742 quod
1136 680 1307 725 nuditas
1342 680 1414 725 illa
1443 681 1576 740 patris
1599 696 1621 723 a
1646 678 1792 726 medio

462 749 550 793 filio
580 750 784 795 denotata
812 761 875 796 cst
898 772 905 797 :
932 768 955 796 a
988 753 1150 812 majore
1170 768 1274 797 vero
1303 761 1346 796 ct
1376 751 1544 796 minore
1566 759 1789 806 contecta,

461 831 503 865 ct
539 831 694 867 caetera
727 839 826 884 qum
854 840 1024 868 neccsse
1057 840 1146 869 non
1175 834 1238 868 est
1265 824 1444 885 exequi,
1480 838 1581 868 cum
1612 823 1712 866 satis
1740 822 1794 866 sit

460 894 543 938 hoc
565 894 706 938 solum
723 897 952 955 complecti
965 931 975 951 ,
1001 895 1123 957 quod
1139 899 1230 941 Noc
1248 905 1405 956 typum
1422 893 1583 939 futurae
1600 894 1792 939 veritatis

461 964 712 1020 ostendens,
739 982 827 1010 non
849 982 1007 1027 aquam
1030 966 1105 1011 sed
1127 966 1279 1011 vinum
1303 965 1460 1010 biberit
1477 986 1487 1023 3
1505 975 1549 1009 ct
1564 965 1624 1010 sic
1644 965 1794 1022 imagi-

460 1051 560 1079 nem
589 1035 819 1082 dominicae
842 1038 1048 1097 passionis
1072 1037 1341 1098 expresserit.
1371 1040 1482 1081 Item
1504 1036 1550 1080 in
1572 1034 1794 1080 sacerdote

459 1107 776 1152 Melchisedech
814 1109 1085 1152 dominicum
1115 1117 1435 1153 sacramentum
1465 1107 1794 1167 praefiguratum

459 1179 654 1222 videmus
670 1216 679 1234 ‚
709 1179 951 1225 secundum
971 1179 1092 1241 quod
1116 1181 1337 1240 Scriptura
1360 1179 1507 1224 divina
1534 1188 1730 1234 testatur,
1751 1188 1797 1223 et

460 1249 565 1293 dicit
587 1270 594 1294 :
622 1249 673 1295 E
677 1260 692 1294 t
713 1249 1074 1295 Melchisedech
1097 1268 1187 1294 rex*
1208 1250 1376 1297 Salem
1394 1249 1596 1310 protulit
1612 1266 1795 1310 panem

461 1329 505 1363 et
526 1321 702 1363 vimmz.
716 1319 835 1364 Fuit
857 1330 1020 1365 [actem
1033 1319 1262 1365 sacerdos
1275 1319 1573 1376 Deismnmi,
1593 1330 1638 1365 et
1653 1319 1795 1364 bene-
1853 1314 1854 1367 ἶ

460 1390 585 1434 dixit
607 1392 656 1435 A
661 1389 914 1435 brainam.
934 1391 1099 1445 »Quod
1121 1401 1268 1436 autem
1291 1391 1613 1437 Melchisedech
1637 1401 1797 1452 typum
1852 1392 1854 1412 ⁴

459 1461 620 1506 Christi
653 1471 868 1521 portaret,
908 1461 1099 1506 declarat
1138 1463 1184 1507 in
1224 1462 1404 1507 Psalmis
1447 1462 1631 1522 Spiritus
1675 1477 1797 1507 sanc-

463 1543 528 1577 tus
540 1569 550 1588 ‚
576 1549 626 1577 ex
644 1549 826 1593 persona
850 1534 987 1578 Patris
1003 1534 1058 1578 ad
1074 1533 1237 1578 Filium
1255 1534 1421 1577 dicens:
1449 1534 1581 1578 Ante
1597 1533 1795 1596 Lucife-

459 1621 563 1649 rum
575 1605 722 1666 genui
738 1614 796 1649 te.
820 1603 894 1649 Tu
907 1621 955 1649 es
972 1603 1201 1650 sacerdos
1219 1606 1268 1649 in
1285 1614 1517 1650 (eternum
1534 1603 1795 1650 secundum

459 1676 676 1721 ordinem
700 1677 758 1722 M
762 1675 1102 1722 elclzz'sedeelzss.
1131 1696 1152 1719 n
1180 1680 1285 1722 Haec
1308 1687 1351 1722 et
1373 1676 1455 1721 alia
1480 1693 1579 1737 quae
1601 1692 1794 1738 sequun-

399 1757 470 1792 tur
491 1749 564 1809 huj
574 1765 620 1792 us
638 1747 844 1808 Epistolae
859 1784 869 1803 ‚
894 1749 1120 1812 submissae
1153 1748 1355 1793 dictionis
1384 1747 1567 1793 modum
1591 1759 1790 1806 servant,

398 1819 518 1880 quod
541 1818 666 1863 facile
687 1828 750 1863 est
772 1818 994 1879 explorare
1013 1818 1275 1877 legentibus.
1798 1813 1802 1816 ⁴

456 1893 613 1934 XLVI.
644 1892 825 1935 Sanctus
847 1906 1024 1951 quoque
1046 1890 1301 1934 Ambrosius
1319 1905 1420 1934 cum
1440 1899 1537 1948 agat
1554 1905 1647 1935 rem
1669 1906 1793 1950 mag-

399 1977 499 2005 nam
520 1961 574 2005 de
600 1961 762 2022 Spiritu
784 1971 959 2016 sancto,
985 1970 1036 2005 ut
1059 1976 1158 2005 eum
1182 1961 1297 2005 Patri
1322 1970 1363 2005 et
1390 1960 1502 2005 Filio
1526 1961 1794 2007 demonstret

399 2031 626 2089 aequalem,
644 2033 858 2077 submisso
876 2042 1021 2077 tamen
1034 2031 1206 2077 dicendi
1225 2047 1380 2090 genere
1398 2033 1538 2076 utitur
1555 2054 1564 2090 3
1585 2034 1792 2094 quoniam

400 2119 464 2147 res
487 2113 684 2163 suscepta
708 2120 797 2148 non
819 2113 1074 2148 ornamenta
1096 2103 1354 2158 verborum,
1377 2113 1452 2147 aut
1475 2105 1529 2147 ad
1553 2104 1792 2149 flectendos

401 2175 564 2219 animos
589 2175 891 2219 commotionis
909 2175 1139 2230 affectum,
1159 2174 1234 2219 sed
1257 2190 1402 2219 rerum
1425 2174 1688 2219 documenta
1712 2175 1791 2220 de-

400 2246 571 2290 siderat.
599 2250 713 2304 Ergo
746 2248 859 2291 inter
893 2257 1047 2292 caetera
1077 2248 1122 2291 in
1150 2247 1362 2307 principio
1384 2248 1514 2307 hujus
1546 2248 1686 2307 operis
1709 2248 1787 2292 ait:

405 2337 422 2358 ((

459 2320 713 2362 Commotus
743 2319 919 2364 oraculo
953 2318 1132 2363 Gedeon
1149 2320 1180 2374 4,
1207 2334 1308 2363 cum
1330 2319 1517 2363 audisset
1539 2317 1660 2379 quod
1682 2318 1791 2363 defi-

404 2406 423 2430 »
460 2389 675 2433 cientibus
692 2389 794 2433 licet
812 2390 1077 2450 populorum
1101 2389 1319 2446 millibus,
1344 2390 1390 2434 in
1413 2406 1503 2435 uno
1526 2392 1619 2435 viro
1642 2390 1791 2435 Domi-

450 2494 456 2509 ¹
477 2489 615 2526 Gcn.1x,
633 2497 686 2519 21.
709 2505 750 2510 —-
771 2494 784 2510 ²
800 2488 845 2520 Id.
868 2500 937 2531 xw,
967 2489 1016 2521 18.
1033 2507 1074 2512 —-
1088 2487 1101 2512 3
1121 2489 1201 2522 Psal.
1223 2501 1283 2532 cix,
1303 2488 1335 2532 [Ι.
1349 2507 1390 2512 ——
1409 2492 1454 2522 Ex
1471 2489 1628 2532 Cypriano
1651 2489 1682 2522 in
1695 2488 1789 2532 cpist2

402 2554 480 2574 Lxm
494 2544 533 2575 ad
548 2543 709 2577 Czccilium
731 2544 771 2576 dc
784 2547 991 2578 Sacramcnto
1005 2545 1124 2579 calicis.
1140 2544 1209 2575 -11‘1
1228 2546 1332 2579 Judic.
1354 2557 1399 2586 νι,
1418 2557 1469 2588 ¹9·
