1854 3219
316 199 320 201 -
400 160 454 187 DE
486 157 694 187 noca-uma
726 159 978 187 ειιιιιεΤιΑΝΑ
1012 160 1094 188 Lm.
1132 162 1197 188 111.
1438 150 1492 189 37

107 246 126 269 n
162 227 396 272 invisibiles
418 226 604 271 visibiles
627 226 807 270 faciunt.
832 229 1028 279 Quarum
1051 229 1085 271 si
1108 229 1215 273 ratio
1243 228 1491 286 regularum

105 315 125 339 ι)
160 298 251 342 sine
274 297 434 343 invidia
448 332 459 353 ,
479 307 529 341 ut
551 298 945 353 communicamus,
968 308 1142 358 accepta
1159 298 1291 343 fuerit
1307 335 1317 355 ,
1345 299 1489 343 clausa

104 387 124 410 »
159 384 345 429 quaeque
371 369 599 427 patefient,
626 377 669 412 et
692 368 876 412 obscura
900 367 1278 424 dilucidabuntur,
1309 379 1360 413 ut
1392 370 1489 430 quis

102 457 122 480 »
158 439 396 498 prophetiae
418 438 672 482 immensam
698 437 864 496 sylvam
887 438 1217 497 perambulans,
1242 440 1307 483 his
1330 440 1488 498 regulis

74 518 76 521 ’
102 528 123 551 »
158 509 350 570 quodam
373 509 505 554 modo
527 509 636 554 lucis
660 509 905 553 tramitibus
929 509 1143 555 deductus
1166 510 1220 554 ab
1243 526 1386 554 errore
1409 511 1488 555 de-

102 600 121 623 »
157 580 376 626 fendatur.
416 601 435 623 >›
473 582 553 626 Hic
575 582 633 626 sic
656 581 829 625 dixisset
854 601 862 625 :
892 601 911 624 ι(
933 584 1043 626 Sunt
1062 582 1178 626 enim
1196 582 1400 642 quaedam
1418 598 1488 626 re-

101 669 120 693 »
157 651 270 710 gulae
288 652 497 710 mysticae,
520 668 619 713 quae
648 651 883 696 nonnullos
904 654 1027 711 Legis
1054 668 1243 697 recessus
1268 653 1484 709 obtinent,

100 741 120 764 »
156 733 232 768 aut
274 733 416 780 certe,
454 740 552 785 quae
599 725 725 783 Legis
763 739 942 782 magnos
980 741 1172 769 recessus
1209 725 1434 783 o'btinent3
1463 744 1483 766 »

97 810 185 839 non
207 804 357 838 autem
380 794 501 854 quod
523 795 583 839 ait
602 814 610 840 ;
635 814 655 836 «
682 796 901 839 Universae
920 796 1044 854 Legis
1057 811 1271 840 recessus:
1296 815 1315 837 »
1343 811 1488 856 neque

96 865 303 910 dixisset:
342 884 362 907 «
397 865 555 910 Clausa
593 881 780 925 quaeque
812 866 1043 925 patefient,
1083 885 1102 906 »
1139 867 1236 921 scd,
1276 886 1296 908 «
1331 866 1488 911 Clausa

97 956 117 979 »
152 936 291 981 multa
313 937 552 996 patefient,
581 955 600 978 »
632 953 786 981 verum
809 937 1008 995 dixisset,
1045 953 1124 982 nec
1153 947 1242 981 tam
1265 937 1486 982 elaborato

96 1017 226 1069 atque
257 1007 355 1052 utili
383 1009 502 1067 operi
526 1024 604 1052 suo
626 1008 725 1068 plus
748 1024 881 1068 quam
900 1024 965 1053 res
988 1009 1078 1068 ipsa
1099 1008 1290 1068 postulat
1314 1009 1483 1064 dando,

93 1080 139 1123 in
170 1078 295 1140 spem
321 1079 475 1124 falsam
506 1080 714 1124 lectorem
753 1083 845 1141 ejus
889 1081 1249 1141 cognitoremque
1286 1081 1480 1126 misisset.

93 1151 224 1206 Quod
244 1151 343 1196 ideo
365 1151 601 1196 dicendum
633 1153 808 1212 putavi,
842 1161 892 1196 ut
923 1151 1034 1196 liber
1065 1153 1156 1212 ipse
1187 1161 1231 1196 et
1262 1151 1430 1210 legatur
1461 1169 1485 1197 a

28 1262 38 1267 ,
91 1221 314 1277 studiosis,
349 1222 450 1282 quia
482 1221 724 1281 plurimum
755 1221 933 1282 adjuvat
966 1222 1021 1266 ad
1055 1223 1296 1282 Scripturas
1327 1223 1485 1267 intelli-

90 1293 272 1351 gendas,
297 1302 342 1337 et
362 1308 451 1336 non
473 1291 528 1336 de
548 1292 623 1337 illo
646 1303 842 1353 speretur
864 1303 1036 1337 tantum
1054 1304 1272 1354 quantum
1294 1310 1384 1339 non
1402 1296 1482 1338 ha-

90 1363 179 1408 bet.
198 1365 335 1408 Caute
353 1378 454 1407 sane
465 1362 676 1422 legendus
693 1372 756 1407 est
768 1399 778 1418 ‚
796 1379 886 1407 non
898 1362 1042 1408 solum
1060 1373 1242 1423 propter
1259 1363 1477 1424 quaedam,

90 1435 135 1479 in
157 1434 318 1495 quibus
339 1443 391 1478 ut
411 1435 543 1479 homo
561 1435 719 1478 erravit
734 1455 745 1492 3
762 1433 838 1478 sed
857 1435 1044 1479 maxime
1064 1445 1242 1495 propter
1257 1435 1331 1479 illa
1348 1470 1358 1490 ,
1379 1452 1480 1496 quae

88 1506 200 1549 sicut
220 1505 444 1549 Donatista
465 1505 695 1549 haeretieus
716 1504 928 1565 loquitur.
964 1505 1083 1558 Quid
1114 1514 1261 1549 autem
1293 1505 1480 1551 doceant
1527 1523 1533 1529 ’

87 1575 157 1621 vel
178 1575 441 1621 admoneant
461 1576 553 1621 istae
570 1585 737 1636 septem
759 1575 922 1636 regulae
938 1611 949 1631 ,
974 1575 1165 1620 breviter
1186 1576 1429 1621 ostendam.

90 1723 157 1740 ἎΜ
161 1722 1476 1740 ΜΜΜΜΜΜΊΦΜΜΜΜἏΜΜΜΜΜΜΜΜΜΜΜἊΜΜΜΜ

560 1822 778 1873 CAPUT
816 1824 1002 1871 XXXI.

463 1943 654 2007 Regula
667 1945 830 2005 prima
860 1942 1100 1990 Ticlzom'z'.

146 2071 302 2114 XLIV.
329 2073 474 2114 anA
497 2067 557 2114 de
574 2068 784 2114 Domino
802 2077 848 2113 et
870 2068 972 2131 ejus
988 2082 1189 2128 corpore
1210 2077 1273 2112 est
1289 2104 1300 2123 ‚
1326 2069 1373 2112 in
1389 2084 1477 2129 qua

88 2141 268 2186 scientes
289 2139 524 2201 aliquando
547 2139 696 2199 capitis
719 2149 762 2184 et
784 2140 974 2199 corporis
992 2175 1003 2194 ,
1039 2139 1084 2182 id
1114 2148 1205 2194 est,
1240 2139 1400 2184 Christi
1432 2148 1476 2183 et

87 2209 290 2255 Ecclesiae
321 2226 454 2254 unam
485 2225 715 2270 personam
751 2210 876 2254 nobis
917 2209 1108 2253 intimari
1146 2214 1158 2265 (
1179 2224 1322 2269 neque
1360 2209 1477 2253 enim

89 2279 245 2325 frustra
264 2280 431 2325 dictum
447 2290 510 2324 est
526 2280 745 2335 fidelibus,
766 2283 913 2339 «Ergo
926 2280 1113 2324 Abrahae
1128 2294 1277 2323 semen
1295 2279 1435 2334 estis¹‚
1452 2298 1471 2319 »

89 2366 188 2396 cum
211 2351 265 2395 sit
297 2367 433 2395 unum
457 2365 604 2394 semen
635 2350 825 2395 Abrahae
840 2386 850 2405 ,
877 2349 999 2410 quod
1020 2360 1084 2394 cst
1107 2350 1360 2408 Christus),
1387 2364 1476 2393 non

25 2476 30 2481 ι
89 2421 334 2466 haesitemus
372 2419 550 2482 quando
589 2437 612 2465 a
649 2421 787 2480 eapite
825 2419 880 2464 ad
918 2436 1101 2480 coerS,
1135 2420 1205 2464 vel
1238 2437 1261 2464 a
1295 2435 1477 2479 corpore

139 2511 147 2526 ¹
167 2505 235 2538 Gal.
256 2516 302 2547 in,
322 2514 375 2547 29.
