<?xml version="1.0" encoding="UTF-8"?>
<!DOCTYPE html PUBLIC "-//W3C//DTD XHTML 1.0 Transitional//EN"
    "http://www.w3.org/TR/xhtml1/DTD/xhtml1-transitional.dtd">
<html xmlns="http://www.w3.org/1999/xhtml" xml:lang="en" lang="en">
 <head>
  <title>
</title>
<meta http-equiv="Content-Type" content="text/html;charset=utf-8" />
  <meta name='ocr-system' content='tesseract 3.04.00' />
  <meta name='ocr-capabilities' content='ocr_page ocr_carea ocr_par ocr_line ocrx_word'/>
</head>
<body>
  <div class='ocr_page' id='page_1' title='image "./operaomniaaccura05auguuoft_0133.png"; bbox 0 0 1854 3219; ppageno 0'>
   <div class='ocr_carea' id='block_1_1' title="bbox 219 154 1436 204">
    <p class='ocr_par' dir='ltr' id='par_1_1' title="bbox 219 154 1436 204">
     <span class='ocr_line' id='line_1_1' title="bbox 219 154 1436 204; baseline -0.005 -7"><span class='ocrx_word' id='word_1_1' title='bbox 219 170 274 197; x_wconf 78' lang='lat' dir='ltr'>DE</span> <span class='ocrx_word' id='word_1_2' title='bbox 305 168 456 197; x_wconf 75' lang='lat' dir='ltr'><strong>GENESI</strong></span> <span class='ocrx_word' id='word_1_3' title='bbox 490 167 544 196; x_wconf 76' lang='lat' dir='ltr'>An</span> <span class='ocrx_word' id='word_1_4' title='bbox 576 166 814 204; x_wconf 78' lang='lat' dir='ltr'>LITTERAM,</span> <span class='ocrx_word' id='word_1_5' title='bbox 851 166 1139 193; x_wconf 73' lang='lat' dir='ltr'>1MPEnFEcTUS</span> <span class='ocrx_word' id='word_1_6' title='bbox 1171 166 1254 192; x_wconf 80' lang='lat' dir='ltr'>Lm.</span> <span class='ocrx_word' id='word_1_7' title='bbox 1354 154 1436 192; x_wconf 85' lang='lat'>119</span> 
     </span>
    </p>
   </div>
   <div class='ocr_carea' id='block_1_2' title="bbox 55 229 1443 648">
    <p class='ocr_par' dir='ltr' id='par_1_2' title="bbox 55 229 1442 580">
     <span class='ocr_line' id='line_1_2' title="bbox 57 229 1440 296; baseline -0.004 -16"><span class='ocrx_word' id='word_1_8' title='bbox 57 250 205 280; x_wconf 83' lang='lat' dir='ltr'>carens</span> <span class='ocrx_word' id='word_1_9' title='bbox 231 234 352 291; x_wconf 85' lang='lat' dir='ltr'>luce,</span> <span class='ocrx_word' id='word_1_10' title='bbox 378 251 476 296; x_wconf 81' lang='lat' dir='ltr'>quae</span> <span class='ocrx_word' id='word_1_11' title='bbox 509 233 722 294; x_wconf 81' lang='lat' dir='ltr'>appellata</span> <span class='ocrx_word' id='word_1_12' title='bbox 756 241 819 275; x_wconf 86' lang='grc' dir='ltr'>θεῖ</span> <span class='ocrx_word' id='word_1_13' title='bbox 848 231 1042 291; x_wconf 87' lang='lat' dir='ltr'>superius</span> <span class='ocrx_word' id='word_1_14' title='bbox 1070 230 1246 274; x_wconf 88' lang='lat' dir='ltr'>nominc</span> <span class='ocrx_word' id='word_1_15' title='bbox 1269 229 1369 274; x_wconf 84' lang='lat' dir='ltr'>coeli</span> <span class='ocrx_word' id='word_1_16' title='bbox 1396 239 1440 274; x_wconf 89' lang='grc' dir='ltr'>θῖ</span> 
     </span>
     <span class='ocr_line' id='line_1_3' title="bbox 58 300 1439 363; baseline -0.005 -13"><span class='ocrx_word' id='word_1_17' title='bbox 58 315 202 362; x_wconf 82' lang='lat' dir='ltr'>terrae,</span> <span class='ocrx_word' id='word_1_18' title='bbox 222 304 358 353; x_wconf 83' lang='lat' dir='ltr'>veluti</span> <span class='ocrx_word' id='word_1_19' title='bbox 373 319 540 359; x_wconf 89' lang='lat' dir='ltr'>semen,</span> <span class='ocrx_word' id='word_1_20' title='bbox 566 312 616 348; x_wconf 85' lang='lat' dir='ltr'>ut</span> <span class='ocrx_word' id='word_1_21' title='bbox 638 305 726 363; x_wconf 82' lang='lat' dir='ltr'>jam</span> <span class='ocrx_word' id='word_1_22' title='bbox 750 303 916 346; x_wconf 83' lang='lat' dir='ltr'>dictum</span> <span class='ocrx_word' id='word_1_23' title='bbox 939 311 1002 345; x_wconf 86' lang='lat' dir='ltr'>est</span> <span class='ocrx_word' id='word_1_24' title='bbox 1019 337 1029 357; x_wconf 89' lang='lat'>,</span> <span class='ocrx_word' id='word_1_25' title='bbox 1050 300 1152 345; x_wconf 86' lang='lat' dir='ltr'>coeli</span> <span class='ocrx_word' id='word_1_26' title='bbox 1171 309 1215 344; x_wconf 88' lang='grc' dir='ltr'>θῖ</span> <span class='ocrx_word' id='word_1_27' title='bbox 1231 309 1371 344; x_wconf 88' lang='lat' dir='ltr'>terrae.</span> <span class='ocrx_word' id='word_1_28' title='bbox 1396 300 1439 345; x_wconf 87' lang='lat' dir='ltr'>Si</span> 
     </span>
     <span class='ocr_line' id='line_1_4' title="bbox 56 371 1441 432; baseline -0.004 -11"><span class='ocrx_word' id='word_1_29' title='bbox 56 387 201 429; x_wconf 81' lang='lat' dir='ltr'>tamen</span> <span class='ocrx_word' id='word_1_30' title='bbox 223 391 313 420; x_wconf 86' lang='lat' dir='ltr'>non</span> <span class='ocrx_word' id='word_1_31' title='bbox 333 373 496 419; x_wconf 91' lang='lat' dir='ltr'>coelum</span> <span class='ocrx_word' id='word_1_32' title='bbox 519 383 563 418; x_wconf 87' lang='lat' dir='ltr'>et</span> <span class='ocrx_word' id='word_1_33' title='bbox 583 383 742 418; x_wconf 83' lang='lat' dir='ltr'>terram</span> <span class='ocrx_word' id='word_1_34' title='bbox 771 371 956 421; x_wconf 82' lang='lat' dir='ltr'>(licendo</span> <span class='ocrx_word' id='word_1_35' title='bbox 974 371 1301 417; x_wconf 87' lang='lat' dir='ltr'>universitatem</span> <span class='ocrx_word' id='word_1_36' title='bbox 1320 371 1441 432; x_wconf 85' lang='lat' dir='ltr'>prius</span> 
     </span>
     <span class='ocr_line' id='line_1_5' title="bbox 55 441 1442 508; baseline -0.004 -16"><span class='ocrx_word' id='word_1_37' title='bbox 55 456 298 508; x_wconf 75' lang='lat' dir='ltr'>proponere</span> <span class='ocrx_word' id='word_1_38' title='bbox 317 444 482 501; x_wconf 86' lang='lat' dir='ltr'>voluit,</span> <span class='ocrx_word' id='word_1_39' title='bbox 516 454 567 496; x_wconf 80' lang='lat' dir='ltr'>ut</span> <span class='ocrx_word' id='word_1_40' title='bbox 597 454 747 505; x_wconf 87' lang='lat' dir='ltr'>postea</span> <span class='ocrx_word' id='word_1_41' title='bbox 763 480 774 500; x_wconf 89' lang='lat'>‚</span> <span class='ocrx_word' id='word_1_42' title='bbox 799 443 1018 489; x_wconf 83' lang='lat' dir='ltr'>insinuata</span> <span class='ocrx_word' id='word_1_43' title='bbox 1048 443 1254 504; x_wconf 73' lang='lat' dir='ltr'>materia,</span> <span class='ocrx_word' id='word_1_44' title='bbox 1285 441 1442 487; x_wconf 80' lang='lat' dir='ltr'>mundi</span> 
     </span>
     <span class='ocr_line' id='line_1_6' title="bbox 55 527 516 580; baseline -0.007 -16"><span class='ocrx_word' id='word_1_45' title='bbox 55 529 200 580; x_wconf 82' lang='lat' dir='ltr'>partes</span> <span class='ocrx_word' id='word_1_46' title='bbox 214 527 516 579; x_wconf 61' lang='lat' dir='ltr'>exequeretur.</span> 
     </span>
    </p>

    <p class='ocr_par' dir='ltr' id='par_1_3' title="bbox 115 584 1443 648">
     <span class='ocr_line' id='line_1_7' title="bbox 115 584 1443 648; baseline -0.005 -15"><span class='ocrx_word' id='word_1_47' title='bbox 115 591 242 642; x_wconf 81' lang='lat' dir='ltr'>XIII.</span> <span class='ocrx_word' id='word_1_48' title='bbox 267 608 288 632; x_wconf 86' lang='lat'>«</span> <span class='ocrx_word' id='word_1_49' title='bbox 312 591 369 634; x_wconf 86' lang='lat' dir='ltr'>Et</span> <span class='ocrx_word' id='word_1_50' title='bbox 393 588 575 648; x_wconf 77' lang='lat' dir='ltr'>Spiritus</span> <span class='ocrx_word' id='word_1_51' title='bbox 596 587 674 632; x_wconf 91' lang='lat' dir='ltr'>Dei</span> <span class='ocrx_word' id='word_1_52' title='bbox 692 584 1046 647; x_wconf 86' lang='lat' dir='ltr'>superferebatur</span> <span class='ocrx_word' id='word_1_53' title='bbox 1062 600 1191 646; x_wconf 87' lang='lat' dir='ltr'>super</span> <span class='ocrx_word' id='word_1_54' title='bbox 1219 599 1394 646; x_wconf 87' lang='lat' dir='ltr'>aquam.</span> <span class='ocrx_word' id='word_1_55' title='bbox 1420 603 1443 627; x_wconf 74' lang='lat' dir='ltr'>n</span> 
     </span>
    </p>
   </div>
   <div class='ocr_carea' id='block_1_3' title="bbox 49 655 1448 722">
    <p class='ocr_par' dir='ltr' id='par_1_4' title="bbox 49 655 1448 722">
     <span class='ocr_line' id='line_1_8' title="bbox 49 655 1448 722; baseline -0.003 -16"><span class='ocrx_word' id='word_1_56' title='bbox 49 663 285 722; x_wconf 83' lang='lat' dir='ltr'>Nusquam</span> <span class='ocrx_word' id='word_1_57' title='bbox 298 660 485 706; x_wconf 83' lang='lat' dir='ltr'>dixerat:</span> <span class='ocrx_word' id='word_1_58' title='bbox 505 663 619 705; x_wconf 87' lang='lat' dir='ltr'>Deus</span> <span class='ocrx_word' id='word_1_59' title='bbox 634 673 793 720; x_wconf 84' lang='lat' dir='ltr'>aquam</span> <span class='ocrx_word' id='word_1_60' title='bbox 808 655 912 702; x_wconf 85' lang='lat' dir='ltr'>fecit</span> <span class='ocrx_word' id='word_1_61' title='bbox 922 693 932 713; x_wconf 95' lang='lat'>,</span> <span class='ocrx_word' id='word_1_62' title='bbox 952 673 1034 702; x_wconf 90' lang='lat' dir='ltr'>nec</span> <span class='ocrx_word' id='word_1_63' title='bbox 1049 666 1195 704; x_wconf 84' lang='lat' dir='ltr'>tamen</span> <span class='ocrx_word' id='word_1_64' title='bbox 1208 655 1301 702; x_wconf 88' lang='lat' dir='ltr'>ullo</span> <span class='ocrx_word' id='word_1_65' title='bbox 1313 656 1448 702; x_wconf 91' lang='lat' dir='ltr'>modo</span> 
     </span>
    </p>
   </div>
   <div class='ocr_carea' id='block_1_4' title="bbox 57 726 1450 1072">
    <p class='ocr_par' dir='ltr' id='par_1_5' title="bbox 57 726 1450 1072">
     <span class='ocr_line' id='line_1_9' title="bbox 57 726 1448 799; baseline -0.003 -24"><span class='ocrx_word' id='word_1_66' title='bbox 57 730 326 784; x_wconf 85' lang='lat' dir='ltr'>credendum</span> <span class='ocrx_word' id='word_1_67' title='bbox 358 740 424 776; x_wconf 87' lang='lat' dir='ltr'>est</span> <span class='ocrx_word' id='word_1_68' title='bbox 441 746 622 799; x_wconf 44' lang='lat' dir='ltr'>‘aquam</span> <span class='ocrx_word' id='word_1_69' title='bbox 651 733 791 774; x_wconf 90' lang='lat' dir='ltr'>Deum</span> <span class='ocrx_word' id='word_1_70' title='bbox 823 744 913 773; x_wconf 91' lang='lat' dir='ltr'>non</span> <span class='ocrx_word' id='word_1_71' title='bbox 948 726 1125 784; x_wconf 87' lang='lat' dir='ltr'>fecisse,</span> <span class='ocrx_word' id='word_1_72' title='bbox 1165 736 1210 771; x_wconf 85' lang='lat' dir='ltr'>et</span> <span class='ocrx_word' id='word_1_73' title='bbox 1243 742 1338 771; x_wconf 84' lang='lat' dir='ltr'>eam</span> <span class='ocrx_word' id='word_1_74' title='bbox 1354 728 1448 788; x_wconf 84' lang='lat' dir='ltr'>jam</span> 
     </span>
     <span class='ocr_line' id='line_1_10' title="bbox 59 798 1450 863; baseline -0.003 -16"><span class='ocrx_word' id='word_1_75' title='bbox 59 802 190 848; x_wconf 87' lang='lat' dir='ltr'>fuisse</span> <span class='ocrx_word' id='word_1_76' title='bbox 212 800 456 863; x_wconf 72' lang='lat' dir='ltr'>antequaiff</span> <span class='ocrx_word' id='word_1_77' title='bbox 469 801 543 846; x_wconf 90' lang='lat' dir='ltr'>ille</span> <span class='ocrx_word' id='word_1_78' title='bbox 571 800 738 862; x_wconf 85' lang='lat' dir='ltr'>aliquid</span> <span class='ocrx_word' id='word_1_79' title='bbox 771 799 1077 845; x_wconf 87' lang='lat' dir='ltr'>constituisset.</span> <span class='ocrx_word' id='word_1_80' title='bbox 1117 818 1139 845; x_wconf 67' lang='grc' dir='ltr'>(ς</span> <span class='ocrx_word' id='word_1_81' title='bbox 1166 798 1344 844; x_wconf 84' lang='lat' dir='ltr'><strong>Etenim</strong></span> <span class='ocrx_word' id='word_1_82' title='bbox 1375 798 1450 843; x_wconf 88' lang='lat' dir='ltr'>ille</span> 
     </span>
     <span class='ocr_line' id='line_1_11' title="bbox 60 869 1446 933; baseline -0.004 -15"><span class='ocrx_word' id='word_1_83' title='bbox 60 891 82 917; x_wconf 89' lang='lat'><strong>»</strong></span> <span class='ocrx_word' id='word_1_84' title='bbox 117 882 182 918; x_wconf 88' lang='lat' dir='ltr'>est</span> <span class='ocrx_word' id='word_1_85' title='bbox 201 888 254 922; x_wconf 80' lang='lat' dir='ltr'>ex</span> <span class='ocrx_word' id='word_1_86' title='bbox 279 888 368 933; x_wconf 87' lang='lat' dir='ltr'>quo</span> <span class='ocrx_word' id='word_1_87' title='bbox 390 872 560 925; x_wconf 82' lang='lat' dir='ltr'>omnia,</span> <span class='ocrx_word' id='word_1_88' title='bbox 586 887 663 932; x_wconf 86' lang='lat' dir='ltr'>per</span> <span class='ocrx_word' id='word_1_89' title='bbox 697 886 831 932; x_wconf 86' lang='lat' dir='ltr'>quem</span> <span class='ocrx_word' id='word_1_90' title='bbox 863 870 1030 925; x_wconf 84' lang='lat' dir='ltr'>omnia,</span> <span class='ocrx_word' id='word_1_91' title='bbox 1069 870 1116 913; x_wconf 91' lang='lat' dir='ltr'>in</span> <span class='ocrx_word' id='word_1_92' title='bbox 1146 885 1236 930; x_wconf 89' lang='lat' dir='ltr'>quo</span> <span class='ocrx_word' id='word_1_93' title='bbox 1273 869 1446 926; x_wconf 87' lang='lat' dir='ltr'>omnia,</span> 
     </span>
     <span class='ocr_line' id='line_1_12' title="bbox 60 939 1446 1004; baseline -0.001 -18"><span class='ocrx_word' id='word_1_94' title='bbox 60 962 81 987; x_wconf 87' lang='lat'>»</span> <span class='ocrx_word' id='word_1_95' title='bbox 118 944 229 996; x_wconf 81' lang='lat' dir='ltr'>sicut</span> <span class='ocrx_word' id='word_1_96' title='bbox 257 943 491 1004; x_wconf 81' lang='lat' dir='ltr'>Apostolus</span> <span class='ocrx_word' id='word_1_97' title='bbox 523 941 674 987; x_wconf 81' lang='lat' dir='ltr'>dicit1.</span> <span class='ocrx_word' id='word_1_98' title='bbox 704 960 724 986; x_wconf 71' lang='lat' dir='ltr'>n</span> <span class='ocrx_word' id='word_1_99' title='bbox 758 945 873 1001; x_wconf 84' lang='lat' dir='ltr'>Ergo</span> <span class='ocrx_word' id='word_1_100' title='bbox 911 950 955 985; x_wconf 87' lang='lat' dir='ltr'>et</span> <span class='ocrx_word' id='word_1_101' title='bbox 982 955 1141 1002; x_wconf 85' lang='lat' dir='ltr'>aquam</span> <span class='ocrx_word' id='word_1_102' title='bbox 1173 944 1288 985; x_wconf 86' lang='lat' dir='ltr'>Deus</span> <span class='ocrx_word' id='word_1_103' title='bbox 1319 939 1446 996; x_wconf 84' lang='lat' dir='ltr'>fecit,</span> 
     </span>
     <span class='ocr_line' id='line_1_13' title="bbox 57 1009 1450 1072; baseline -0.006 -8"><span class='ocrx_word' id='word_1_104' title='bbox 57 1024 101 1064; x_wconf 83' lang='lat' dir='ltr'>et</span> <span class='ocrx_word' id='word_1_105' title='bbox 122 1014 246 1060; x_wconf 85' lang='lat' dir='ltr'>aliter</span> <span class='ocrx_word' id='word_1_106' title='bbox 259 1014 457 1070; x_wconf 85' lang='lat' dir='ltr'>credere,</span> <span class='ocrx_word' id='word_1_107' title='bbox 478 1029 659 1072; x_wconf 85' lang='lat' dir='ltr'>magnus</span> <span class='ocrx_word' id='word_1_108' title='bbox 682 1029 801 1059; x_wconf 89' lang='lat' dir='ltr'>error</span> <span class='ocrx_word' id='word_1_109' title='bbox 822 1021 900 1057; x_wconf 89' lang='lat' dir='ltr'>est.</span> <span class='ocrx_word' id='word_1_110' title='bbox 918 1014 1009 1059; x_wconf 85' lang='lat' dir='ltr'>Cur</span> <span class='ocrx_word' id='word_1_111' title='bbox 1029 1012 1161 1070; x_wconf 86' lang='lat' dir='ltr'>igitur</span> <span class='ocrx_word' id='word_1_112' title='bbox 1177 1027 1267 1056; x_wconf 91' lang='lat' dir='ltr'>non</span> <span class='ocrx_word' id='word_1_113' title='bbox 1281 1009 1450 1056; x_wconf 85' lang='lat' dir='ltr'>dictum</span> 
     </span>
    </p>
   </div>
   <div class='ocr_carea' id='block_1_5' title="bbox 16 1081 1451 1147">
    <p class='ocr_par' dir='ltr' id='par_1_6' title="bbox 16 1081 1451 1147">
     <span class='ocr_line' id='line_1_14' title="bbox 16 1081 1451 1147; baseline -0.003 -16"><span class='ocrx_word' id='word_1_114' title='bbox 16 1096 20 1098; x_wconf 69' lang='grc'><strong><em>’</em></strong></span> <span class='ocrx_word' id='word_1_115' title='bbox 57 1095 122 1132; x_wconf 88' lang='grc' dir='ltr'>θεῖ</span> <span class='ocrx_word' id='word_1_116' title='bbox 135 1121 146 1142; x_wconf 86' lang='grc'><em>,</em></span> <span class='ocrx_word' id='word_1_117' title='bbox 171 1085 293 1147; x_wconf 85' lang='lat' dir='ltr'>quod</span> <span class='ocrx_word' id='word_1_118' title='bbox 315 1101 474 1147; x_wconf 86' lang='lat' dir='ltr'>aquam</span> <span class='ocrx_word' id='word_1_119' title='bbox 495 1088 616 1137; x_wconf 86' lang='lat' dir='ltr'>Deus.</span> <span class='ocrx_word' id='word_1_120' title='bbox 633 1082 809 1129; x_wconf 80' lang='lat' dir='ltr'>fecerit?</span> <span class='ocrx_word' id='word_1_121' title='bbox 826 1087 895 1129; x_wconf 83' lang='lat' dir='ltr'>An</span> <span class='ocrx_word' id='word_1_122' title='bbox 916 1098 1065 1128; x_wconf 86' lang='lat' dir='ltr'>rursus</span> <span class='ocrx_word' id='word_1_123' title='bbox 1087 1081 1288 1127; x_wconf 80' lang='lat' dir='ltr'>eamdem</span> <span class='ocrx_word' id='word_1_124' title='bbox 1308 1092 1451 1128; x_wconf 86' lang='lat' dir='ltr'>mate-</span> 
     </span>
    </p>
   </div>
   <div class='ocr_carea' id='block_1_6' title="bbox 57 1153 1454 2073">
    <p class='ocr_par' dir='ltr' id='par_1_7' title="bbox 57 1153 1454 2073">
     <span class='ocr_line' id='line_1_15' title="bbox 58 1153 1451 1220; baseline -0.003 -18"><span class='ocrx_word' id='word_1_125' title='bbox 58 1157 190 1213; x_wconf 80' lang='lat' dir='ltr'>riam,</span> <span class='ocrx_word' id='word_1_126' title='bbox 216 1172 348 1218; x_wconf 88' lang='lat' dir='ltr'>quam</span> <span class='ocrx_word' id='word_1_127' title='bbox 368 1155 439 1202; x_wconf 83' lang='lat' dir='ltr'>vel</span> <span class='ocrx_word' id='word_1_128' title='bbox 460 1155 562 1201; x_wconf 90' lang='lat' dir='ltr'>coeli</span> <span class='ocrx_word' id='word_1_129' title='bbox 584 1165 627 1200; x_wconf 88' lang='lat' dir='ltr'>et</span> <span class='ocrx_word' id='word_1_130' title='bbox 655 1165 803 1212; x_wconf 69' lang='lat' dir='ltr'>terrae,</span> <span class='ocrx_word' id='word_1_131' title='bbox 827 1155 898 1220; x_wconf 45' lang='lat' dir='ltr'>v‘el</span> <span class='ocrx_word' id='word_1_132' title='bbox 917 1164 1046 1199; x_wconf 84' lang='lat' dir='ltr'>terrae</span> <span class='ocrx_word' id='word_1_133' title='bbox 1067 1153 1294 1199; x_wconf 89' lang='lat' dir='ltr'>invisibilis</span> <span class='ocrx_word' id='word_1_134' title='bbox 1317 1163 1360 1199; x_wconf 86' lang='lat' dir='ltr'>et</span> <span class='ocrx_word' id='word_1_135' title='bbox 1383 1155 1451 1199; x_wconf 91' lang='lat' dir='ltr'>in-</span> 
     </span>
     <span class='ocr_line' id='line_1_16' title="bbox 58 1226 1450 1288; baseline -0.001 -16"><span class='ocrx_word' id='word_1_136' title='bbox 58 1227 309 1288; x_wconf 81' lang='lat' dir='ltr'>compositae</span> <span class='ocrx_word' id='word_1_137' title='bbox 351 1235 482 1287; x_wconf 85' lang='lat' dir='ltr'>atque</span> <span class='ocrx_word' id='word_1_138' title='bbox 516 1226 660 1284; x_wconf 84' lang='lat' dir='ltr'>abyssi</span> <span class='ocrx_word' id='word_1_139' title='bbox 701 1227 879 1270; x_wconf 88' lang='lat' dir='ltr'>nomine</span> <span class='ocrx_word' id='word_1_140' title='bbox 916 1233 1248 1284; x_wconf 81' lang='lat' dir='ltr'><strong>nuncupaverat</strong></span> <span class='ocrx_word' id='word_1_141' title='bbox 1262 1260 1274 1281; x_wconf 85' lang='lat'>,</span> <span class='ocrx_word' id='word_1_142' title='bbox 1319 1226 1450 1270; x_wconf 86' lang='lat' dir='ltr'>etiam</span> 
     </span>
     <span class='ocr_line' id='line_1_17' title="bbox 59 1295 1453 1359; baseline -0.001 -17"><span class='ocrx_word' id='word_1_143' title='bbox 59 1313 218 1359; x_wconf 77' lang='lat' dir='ltr'>aquam</span> <span class='ocrx_word' id='word_1_144' title='bbox 238 1296 378 1343; x_wconf 86' lang='lat' dir='ltr'>voluit</span> <span class='ocrx_word' id='word_1_145' title='bbox 398 1296 647 1357; x_wconf 77' lang='lat' dir='ltr'>appellare?</span> <span class='ocrx_word' id='word_1_146' title='bbox 679 1298 770 1342; x_wconf 88' lang='lat' dir='ltr'>Cur</span> <span class='ocrx_word' id='word_1_147' title='bbox 791 1297 908 1341; x_wconf 92' lang='lat' dir='ltr'>enim</span> <span class='ocrx_word' id='word_1_148' title='bbox 938 1313 1029 1342; x_wconf 92' lang='lat' dir='ltr'>non</span> <span class='ocrx_word' id='word_1_149' title='bbox 1060 1306 1104 1341; x_wconf 88' lang='lat' dir='ltr'>et</span> <span class='ocrx_word' id='word_1_150' title='bbox 1125 1312 1237 1357; x_wconf 84' lang='lat' dir='ltr'>aqua</span> <span class='ocrx_word' id='word_1_151' title='bbox 1257 1295 1453 1356; x_wconf 83' lang='lat' dir='ltr'>appella-</span> 
     </span>
     <span class='ocr_line' id='line_1_18' title="bbox 57 1367 1453 1429; baseline -0.001 -14"><span class='ocrx_word' id='word_1_152' title='bbox 57 1379 193 1426; x_wconf 81' lang='lat' dir='ltr'>¹retur,</span> <span class='ocrx_word' id='word_1_153' title='bbox 217 1369 252 1414; x_wconf 89' lang='lat' dir='ltr'>si</span> <span class='ocrx_word' id='word_1_154' title='bbox 275 1378 389 1413; x_wconf 82' lang='lat' dir='ltr'>terra</span> <span class='ocrx_word' id='word_1_155' title='bbox 411 1368 581 1428; x_wconf 81' lang='lat' dir='ltr'>potuit,</span> <span class='ocrx_word' id='word_1_156' title='bbox 618 1384 720 1412; x_wconf 91' lang='lat' dir='ltr'>cum</span> <span class='ocrx_word' id='word_1_157' title='bbox 743 1369 888 1412; x_wconf 83' lang='lat' dir='ltr'>adhuc</span> <span class='ocrx_word' id='word_1_158' title='bbox 920 1384 1065 1429; x_wconf 86' lang='lat' dir='ltr'>nequc</span> <span class='ocrx_word' id='word_1_159' title='bbox 1097 1383 1210 1428; x_wconf 87' lang='lat' dir='ltr'>aqua</span> <span class='ocrx_word' id='word_1_160' title='bbox 1244 1367 1453 1413; x_wconf 87' lang='lat' dir='ltr'>distincta</span> 
     </span>
     <span class='ocr_line' id='line_1_19' title="bbox 59 1437 1454 1502; baseline -0.003 -15"><span class='ocrx_word' id='word_1_161' title='bbox 59 1450 190 1502; x_wconf 86' lang='lat' dir='ltr'>atque</span> <span class='ocrx_word' id='word_1_162' title='bbox 223 1438 408 1485; x_wconf 84' lang='lat' dir='ltr'>formata</span> <span class='ocrx_word' id='word_1_163' title='bbox 439 1453 584 1500; x_wconf 89' lang='lat' dir='ltr'>neque</span> <span class='ocrx_word' id='word_1_164' title='bbox 613 1448 726 1484; x_wconf 84' lang='lat' dir='ltr'>terra</span> <span class='ocrx_word' id='word_1_165' title='bbox 759 1448 894 1495; x_wconf 86' lang='lat' dir='ltr'>esset,</span> <span class='ocrx_word' id='word_1_166' title='bbox 929 1454 1075 1500; x_wconf 87' lang='lat' dir='ltr'>neque</span> <span class='ocrx_word' id='word_1_167' title='bbox 1105 1437 1273 1498; x_wconf 86' lang='lat' dir='ltr'>aliquid</span> <span class='ocrx_word' id='word_1_168' title='bbox 1303 1437 1454 1500; x_wconf 74' lang='lat' dir='ltr'>aliud?</span> 
     </span>
     <span class='ocr_line' id='line_1_20' title="bbox 61 1510 1453 1574; baseline -0.001 -16"><span class='ocrx_word' id='word_1_169' title='bbox 61 1513 146 1567; x_wconf 86' lang='lat' dir='ltr'>Sed</span> <span class='ocrx_word' id='word_1_170' title='bbox 161 1512 302 1574; x_wconf 87' lang='lat' dir='ltr'>primo</span> <span class='ocrx_word' id='word_1_171' title='bbox 325 1511 505 1557; x_wconf 79' lang='lat' dir='ltr'>fortasse</span> <span class='ocrx_word' id='word_1_172' title='bbox 526 1511 689 1557; x_wconf 87' lang='lat' dir='ltr'>coelum</span> <span class='ocrx_word' id='word_1_173' title='bbox 707 1520 748 1556; x_wconf 86' lang='lat' dir='ltr'>et</span> <span class='ocrx_word' id='word_1_174' title='bbox 771 1520 885 1557; x_wconf 82' lang='lat' dir='ltr'>terra</span> <span class='ocrx_word' id='word_1_175' title='bbox 909 1510 1125 1572; x_wconf 77' lang='lat' dir='ltr'>appellata</span> <span class='ocrx_word' id='word_1_176' title='bbox 1150 1519 1234 1566; x_wconf 82' lang='lat' dir='ltr'>est,</span> <span class='ocrx_word' id='word_1_177' title='bbox 1260 1511 1453 1556; x_wconf 88' lang='lat' dir='ltr'>secundo</span> 
     </span>
     <span class='ocr_line' id='line_1_21' title="bbox 59 1581 1453 1645; baseline -0.003 -15"><span class='ocrx_word' id='word_1_178' title='bbox 59 1594 172 1630; x_wconf 87' lang='lat' dir='ltr'>terra</span> <span class='ocrx_word' id='word_1_179' title='bbox 189 1584 474 1645; x_wconf 88' lang='lat' dir='ltr'>incomposita</span> <span class='ocrx_word' id='word_1_180' title='bbox 497 1593 541 1628; x_wconf 89' lang='lat' dir='ltr'>et</span> <span class='ocrx_word' id='word_1_181' title='bbox 562 1583 743 1642; x_wconf 82' lang='lat' dir='ltr'>abyssus</span> <span class='ocrx_word' id='word_1_182' title='bbox 761 1598 911 1627; x_wconf 85' lang='lat' dir='ltr'>carens</span> <span class='ocrx_word' id='word_1_183' title='bbox 928 1581 1026 1627; x_wconf 88' lang='lat' dir='ltr'>luce</span> <span class='ocrx_word' id='word_1_184' title='bbox 1041 1618 1052 1639; x_wconf 87' lang='lat'>,</span> <span class='ocrx_word' id='word_1_185' title='bbox 1086 1583 1214 1641; x_wconf 88' lang='lat' dir='ltr'>tertio</span> <span class='ocrx_word' id='word_1_186' title='bbox 1233 1598 1346 1643; x_wconf 82' lang='lat' dir='ltr'>aqua</span> <span class='ocrx_word' id='word_1_187' title='bbox 1363 1598 1453 1627; x_wconf 93' lang='lat' dir='ltr'>non</span> 
     </span>
     <span class='ocr_line' id='line_1_22' title="bbox 58 1653 1453 1715; baseline -0.003 -15"><span class='ocrx_word' id='word_1_188' title='bbox 58 1655 327 1715; x_wconf 83' lang='lat' dir='ltr'>incongrue:</span> <span class='ocrx_word' id='word_1_189' title='bbox 355 1664 406 1699; x_wconf 89' lang='lat' dir='ltr'>ut</span> <span class='ocrx_word' id='word_1_190' title='bbox 426 1654 569 1715; x_wconf 90' lang='lat' dir='ltr'>primo</span> <span class='ocrx_word' id='word_1_191' title='bbox 593 1653 726 1714; x_wconf 88' lang='lat' dir='ltr'>ipsius</span> <span class='ocrx_word' id='word_1_192' title='bbox 759 1653 1050 1699; x_wconf 85' lang='lat' dir='ltr'>universitatis</span> <span class='ocrx_word' id='word_1_193' title='bbox 1066 1689 1077 1709; x_wconf 81' lang='lat'>,</span> <span class='ocrx_word' id='word_1_194' title='bbox 1114 1662 1294 1714; x_wconf 84' lang='lat' dir='ltr'>propter</span> <span class='ocrx_word' id='word_1_195' title='bbox 1319 1668 1453 1714; x_wconf 87' lang='lat' dir='ltr'>quam</span> 
     </span>
     <span class='ocr_line' id='line_1_23' title="bbox 60 1724 1454 1781; baseline -0.003 -9"><span class='ocrx_word' id='word_1_196' title='bbox 60 1727 175 1773; x_wconf 85' lang='lat' dir='ltr'>facta</span> <span class='ocrx_word' id='word_1_197' title='bbox 190 1735 254 1771; x_wconf 87' lang='lat' dir='ltr'>est</span> <span class='ocrx_word' id='word_1_198' title='bbox 270 1725 325 1770; x_wconf 88' lang='lat' dir='ltr'>de</span> <span class='ocrx_word' id='word_1_199' title='bbox 339 1726 520 1771; x_wconf 92' lang='lat' dir='ltr'>omnino</span> <span class='ocrx_word' id='word_1_200' title='bbox 537 1724 674 1769; x_wconf 86' lang='lat' dir='ltr'>nihilo</span> <span class='ocrx_word' id='word_1_201' title='bbox 685 1760 696 1780; x_wconf 91' lang='lat'>,</span> <span class='ocrx_word' id='word_1_202' title='bbox 716 1725 932 1781; x_wconf 80' lang='lat' dir='ltr'>materies,</span> <span class='ocrx_word' id='word_1_203' title='bbox 953 1724 1056 1770; x_wconf 86' lang='lat' dir='ltr'>coeli</span> <span class='ocrx_word' id='word_1_204' title='bbox 1075 1734 1119 1771; x_wconf 90' lang='lat' dir='ltr'>et</span> <span class='ocrx_word' id='word_1_205' title='bbox 1132 1734 1259 1770; x_wconf 84' lang='lat' dir='ltr'>terrae</span> <span class='ocrx_word' id='word_1_206' title='bbox 1275 1724 1454 1769; x_wconf 91' lang='lat' dir='ltr'>nomine</span> 
     </span>
     <span class='ocr_line' id='line_1_24' title="bbox 61 1796 1451 1856; baseline -0.003 -13"><span class='ocrx_word' id='word_1_207' title='bbox 61 1806 290 1844; x_wconf 85' lang='lat' dir='ltr'>vocaretur</span> <span class='ocrx_word' id='word_1_208' title='bbox 311 1816 320 1842; x_wconf 79' lang='lat' dir='ltr'>z</span> <span class='ocrx_word' id='word_1_209' title='bbox 344 1796 536 1850; x_wconf 74' lang='lat' dir='ltr'>secundo</span> <span class='ocrx_word' id='word_1_210' title='bbox 567 1805 693 1840; x_wconf 84' lang='lat' dir='ltr'>terrae</span> <span class='ocrx_word' id='word_1_211' title='bbox 721 1796 1018 1856; x_wconf 66' lang='lat' dir='ltr'>incompositae</span> <span class='ocrx_word' id='word_1_212' title='bbox 1042 1805 1173 1856; x_wconf 85' lang='lat' dir='ltr'>atque</span> <span class='ocrx_word' id='word_1_213' title='bbox 1201 1796 1346 1854; x_wconf 83' lang='lat' dir='ltr'>abyssi</span> <span class='ocrx_word' id='word_1_214' title='bbox 1367 1811 1451 1840; x_wconf 96' lang='lat' dir='ltr'>no-</span> 
     </span>
     <span class='ocr_line' id='line_1_25' title="bbox 61 1866 1452 1928; baseline -0.001 -15"><span class='ocrx_word' id='word_1_215' title='bbox 61 1870 179 1914; x_wconf 90' lang='lat' dir='ltr'>mine</span> <span class='ocrx_word' id='word_1_216' title='bbox 201 1869 492 1913; x_wconf 81' lang='lat' dir='ltr'>insinuaretur</span> <span class='ocrx_word' id='word_1_217' title='bbox 511 1867 776 1922; x_wconf 80' lang='lat' dir='ltr'>informitas,</span> <span class='ocrx_word' id='word_1_218' title='bbox 808 1867 910 1928; x_wconf 86' lang='lat' dir='ltr'>quia</span> <span class='ocrx_word' id='word_1_219' title='bbox 937 1867 1050 1912; x_wconf 88' lang='lat' dir='ltr'>inter</span> <span class='ocrx_word' id='word_1_220' title='bbox 1071 1868 1216 1912; x_wconf 86' lang='lat' dir='ltr'>omnia</span> <span class='ocrx_word' id='word_1_221' title='bbox 1235 1866 1452 1912; x_wconf 86' lang='lat' dir='ltr'>elementa</span> 
     </span>
     <span class='ocr_line' id='line_1_26' title="bbox 62 1937 1454 1999; baseline -0.001 -15"><span class='ocrx_word' id='word_1_222' title='bbox 62 1949 175 1991; x_wconf 79' lang='lat' dir='ltr'>terra</span> <span class='ocrx_word' id='word_1_223' title='bbox 189 1949 253 1985; x_wconf 88' lang='lat' dir='ltr'>est</span> <span class='ocrx_word' id='word_1_224' title='bbox 272 1938 517 1995; x_wconf 80' lang='lat' dir='ltr'>informior,</span> <span class='ocrx_word' id='word_1_225' title='bbox 537 1947 582 1983; x_wconf 89' lang='lat' dir='ltr'>et</span> <span class='ocrx_word' id='word_1_226' title='bbox 598 1939 740 1985; x_wconf 85' lang='lat' dir='ltr'>minus</span> <span class='ocrx_word' id='word_1_227' title='bbox 756 1937 953 1983; x_wconf 85' lang='lat' dir='ltr'>relucens</span> <span class='ocrx_word' id='word_1_228' title='bbox 975 1955 1107 1999; x_wconf 84' lang='lat' dir='ltr'>quam</span> <span class='ocrx_word' id='word_1_229' title='bbox 1125 1947 1280 1983; x_wconf 83' lang='lat' dir='ltr'>caetera</span> <span class='ocrx_word' id='word_1_230' title='bbox 1298 1960 1309 1997; x_wconf 73' lang='lat'>3</span> <span class='ocrx_word' id='word_1_231' title='bbox 1324 1937 1454 1982; x_wconf 89' lang='lat' dir='ltr'>tertio</span> 
     </span>
     <span class='ocr_line' id='line_1_27' title="bbox 64 2009 1453 2073; baseline -0.004 -15"><span class='ocrx_word' id='word_1_232' title='bbox 64 2028 189 2073; x_wconf 85' lang='lat' dir='ltr'>aquae</span> <span class='ocrx_word' id='word_1_233' title='bbox 211 2011 388 2059; x_wconf 86' lang='lat' dir='ltr'>nomine</span> <span class='ocrx_word' id='word_1_234' title='bbox 416 2010 730 2070; x_wconf 81' lang='lat' dir='ltr'>significaretur</span> <span class='ocrx_word' id='word_1_235' title='bbox 751 2011 930 2055; x_wconf 82' lang='lat' dir='ltr'>materia</span> <span class='ocrx_word' id='word_1_236' title='bbox 952 2011 1147 2071; x_wconf 83' lang='lat' dir='ltr'>subjecta</span> <span class='ocrx_word' id='word_1_237' title='bbox 1170 2010 1291 2071; x_wconf 88' lang='lat' dir='ltr'>operi</span> <span class='ocrx_word' id='word_1_238' title='bbox 1315 2009 1453 2054; x_wconf 81' lang='lat' dir='ltr'>artifi-</span> 
     </span>
    </p>
   </div>
   <div class='ocr_carea' id='block_1_7' title="bbox 7 2076 1455 2145">
    <p class='ocr_par' dir='ltr' id='par_1_8' title="bbox 7 2076 1455 2145">
     <span class='ocr_line' id='line_1_28' title="bbox 7 2076 1455 2145; baseline -0.003 -17"><span class='ocrx_word' id='word_1_239' title='bbox 7 2105 14 2110; x_wconf 86' lang='lat'><em>-</em></span> <span class='ocrx_word' id='word_1_240' title='bbox 64 2084 122 2128; x_wconf 91' lang='lat' dir='ltr'>cis</span> <span class='ocrx_word' id='word_1_241' title='bbox 137 2119 148 2138; x_wconf 89' lang='lat'>‚</span> <span class='ocrx_word' id='word_1_242' title='bbox 175 2099 287 2145; x_wconf 84' lang='lat' dir='ltr'>aqua</span> <span class='ocrx_word' id='word_1_243' title='bbox 315 2083 431 2127; x_wconf 89' lang='lat' dir='ltr'>enim</span> <span class='ocrx_word' id='word_1_244' title='bbox 453 2081 656 2127; x_wconf 87' lang='lat' dir='ltr'>mobilior</span> <span class='ocrx_word' id='word_1_245' title='bbox 679 2091 743 2127; x_wconf 86' lang='lat' dir='ltr'>cst</span> <span class='ocrx_word' id='word_1_246' title='bbox 765 2076 904 2143; x_wconf 83' lang='lat' dir='ltr'>quam</span> <span class='ocrx_word' id='word_1_247' title='bbox 928 2091 1066 2139; x_wconf 63' lang='lat' dir='ltr'>terra,</span> <span class='ocrx_word' id='word_1_248' title='bbox 1088 2091 1130 2126; x_wconf 86' lang='lat' dir='ltr'>et</span> <span class='ocrx_word' id='word_1_249' title='bbox 1155 2081 1255 2126; x_wconf 88' lang='lat' dir='ltr'>ideo</span> <span class='ocrx_word' id='word_1_250' title='bbox 1278 2090 1455 2142; x_wconf 85' lang='lat' dir='ltr'>propter</span> 
     </span>
    </p>
   </div>
   <div class='ocr_carea' id='block_1_8' title="bbox 64 2153 1454 2565">
    <p class='ocr_par' dir='ltr' id='par_1_9' title="bbox 64 2153 1454 2287">
     <span class='ocr_line' id='line_1_29' title="bbox 65 2153 1454 2216; baseline -0.001 -16"><span class='ocrx_word' id='word_1_251' title='bbox 65 2154 274 2216; x_wconf 83' lang='lat' dir='ltr'>operandi</span> <span class='ocrx_word' id='word_1_252' title='bbox 289 2153 544 2200; x_wconf 83' lang='lat' dir='ltr'>facilitatem</span> <span class='ocrx_word' id='word_1_253' title='bbox 562 2164 604 2199; x_wconf 83' lang='lat' dir='ltr'>et</span> <span class='ocrx_word' id='word_1_254' title='bbox 625 2163 794 2199; x_wconf 85' lang='lat' dir='ltr'>motum</span> <span class='ocrx_word' id='word_1_255' title='bbox 811 2153 1075 2210; x_wconf 81' lang='lat' dir='ltr'>faciliorem,</span> <span class='ocrx_word' id='word_1_256' title='bbox 1101 2154 1297 2215; x_wconf 84' lang='lat' dir='ltr'>subjecta</span> <span class='ocrx_word' id='word_1_257' title='bbox 1313 2162 1454 2199; x_wconf 89' lang='lat' dir='ltr'>mate-</span> 
     </span>
     <span class='ocr_line' id='line_1_30' title="bbox 64 2226 1265 2287; baseline -0.002 -16"><span class='ocrx_word' id='word_1_258' title='bbox 64 2227 146 2271; x_wconf 88' lang='lat' dir='ltr'>ries</span> <span class='ocrx_word' id='word_1_259' title='bbox 166 2226 343 2282; x_wconf 80' lang='lat' dir='ltr'>artifici,</span> <span class='ocrx_word' id='word_1_260' title='bbox 367 2242 479 2287; x_wconf 81' lang='lat' dir='ltr'>aqua</span> <span class='ocrx_word' id='word_1_261' title='bbox 496 2226 633 2286; x_wconf 82' lang='lat' dir='ltr'>magis</span> <span class='ocrx_word' id='word_1_262' title='bbox 654 2226 849 2271; x_wconf 84' lang='lat' dir='ltr'>vocanda</span> <span class='ocrx_word' id='word_1_263' title='bbox 873 2235 964 2270; x_wconf 80' lang='lat' dir='ltr'>erat</span> <span class='ocrx_word' id='word_1_264' title='bbox 981 2241 1115 2287; x_wconf 84' lang='lat' dir='ltr'>quam</span> <span class='ocrx_word' id='word_1_265' title='bbox 1136 2234 1265 2270; x_wconf 85' lang='lat' dir='ltr'>terra.</span> 
     </span>
    </p>

    <p class='ocr_par' dir='ltr' id='par_1_10' title="bbox 66 2294 1453 2485">
     <span class='ocr_line' id='line_1_31' title="bbox 124 2294 1453 2358; baseline -0.001 -17"><span class='ocrx_word' id='word_1_266' title='bbox 124 2300 244 2342; x_wconf 85' lang='lat' dir='ltr'>XIV.</span> <span class='ocrx_word' id='word_1_267' title='bbox 266 2301 323 2343; x_wconf 90' lang='lat' dir='ltr'>Et</span> <span class='ocrx_word' id='word_1_268' title='bbox 351 2301 423 2342; x_wconf 76' lang='lat' dir='ltr'>aer</span> <span class='ocrx_word' id='word_1_269' title='bbox 450 2294 629 2358; x_wconf 70' lang='lat' dir='ltr'>quidem</span> <span class='ocrx_word' id='word_1_270' title='bbox 661 2297 867 2342; x_wconf 88' lang='lat' dir='ltr'>mobilior</span> <span class='ocrx_word' id='word_1_271' title='bbox 896 2307 960 2341; x_wconf 85' lang='lat' dir='ltr'>est</span> <span class='ocrx_word' id='word_1_272' title='bbox 990 2313 1122 2358; x_wconf 89' lang='lat' dir='ltr'>quam</span> <span class='ocrx_word' id='word_1_273' title='bbox 1158 2313 1293 2358; x_wconf 76' lang='lat' dir='ltr'>aqua3</span> <span class='ocrx_word' id='word_1_274' title='bbox 1316 2297 1453 2341; x_wconf 84' lang='lat' dir='ltr'>aether</span> 
     </span>
     <span class='ocr_line' id='line_1_32' title="bbox 67 2367 1452 2428; baseline -0.001 -16"><span class='ocrx_word' id='word_1_275' title='bbox 67 2377 213 2412; x_wconf 88' lang='lat' dir='ltr'>autem</span> <span class='ocrx_word' id='word_1_276' title='bbox 236 2367 440 2414; x_wconf 87' lang='lat' dir='ltr'>mobilior</span> <span class='ocrx_word' id='word_1_277' title='bbox 460 2368 554 2428; x_wconf 89' lang='lat' dir='ltr'>ipso</span> <span class='ocrx_word' id='word_1_278' title='bbox 577 2371 673 2411; x_wconf 82' lang='lat' dir='ltr'>a‘e&#39;re</span> <span class='ocrx_word' id='word_1_279' title='bbox 694 2383 784 2412; x_wconf 88' lang='lat' dir='ltr'>non</span> <span class='ocrx_word' id='word_1_280' title='bbox 812 2368 1001 2413; x_wconf 80' lang='lat' dir='ltr'>absurde</span> <span class='ocrx_word' id='word_1_281' title='bbox 1025 2368 1232 2424; x_wconf 82' lang='lat' dir='ltr'>creditur,</span> <span class='ocrx_word' id='word_1_282' title='bbox 1257 2378 1333 2412; x_wconf 83' lang='lat' dir='ltr'>aut</span> <span class='ocrx_word' id='word_1_283' title='bbox 1354 2383 1452 2412; x_wconf 86' lang='lat' dir='ltr'>sen-</span> 
     </span>
     <span class='ocr_line' id='line_1_33' title="bbox 66 2438 1452 2485; baseline -0.001 -2"><span class='ocrx_word' id='word_1_284' title='bbox 66 2440 173 2484; x_wconf 83' lang='lat' dir='ltr'>titur</span> <span class='ocrx_word' id='word_1_285' title='bbox 194 2459 203 2484; x_wconf 72' lang='grc' dir='ltr'>ε</span> <span class='ocrx_word' id='word_1_286' title='bbox 232 2438 308 2484; x_wconf 87' lang='lat' dir='ltr'>sed</span> <span class='ocrx_word' id='word_1_287' title='bbox 328 2439 435 2484; x_wconf 68' lang='lat' dir='ltr'>aeris</span> <span class='ocrx_word' id='word_1_288' title='bbox 464 2439 534 2484; x_wconf 88' lang='lat' dir='ltr'>vel</span> <span class='ocrx_word' id='word_1_289' title='bbox 563 2440 735 2484; x_wconf 80' lang='lat' dir='ltr'>aetheris</span> <span class='ocrx_word' id='word_1_290' title='bbox 756 2440 942 2485; x_wconf 88' lang='lat' dir='ltr'>-nomine</span> <span class='ocrx_word' id='word_1_291' title='bbox 974 2441 1118 2484; x_wconf 87' lang='lat' dir='ltr'>minus</span> <span class='ocrx_word' id='word_1_292' title='bbox 1143 2440 1452 2485; x_wconf 85' lang='lat' dir='ltr'>convenienter</span> 
     </span>
    </p>

    <p class='ocr_par' dir='ltr' id='par_1_11' title="bbox 116 2524 372 2565">
     <span class='ocr_line' id='line_1_34' title="bbox 116 2524 372 2565; baseline 0.004 -10"><span class='ocrx_word' id='word_1_293' title='bbox 116 2530 124 2546; x_wconf 94' lang='lat'>¹</span> <span class='ocrx_word' id='word_1_294' title='bbox 146 2526 234 2556; x_wconf 77' lang='lat' dir='ltr'>Rom.</span> <span class='ocrx_word' id='word_1_295' title='bbox 257 2534 299 2565; x_wconf 73' lang='lat' dir='ltr'>xi,</span> <span class='ocrx_word' id='word_1_296' title='bbox 322 2524 372 2556; x_wconf 81' lang='lat'>36.</span> 
     </span>
    </p>
   </div>
  </div>
 </body>
</html>
