<?xml version="1.0" encoding="UTF-8"?>
<!DOCTYPE html PUBLIC "-//W3C//DTD XHTML 1.0 Transitional//EN"
    "http://www.w3.org/TR/xhtml1/DTD/xhtml1-transitional.dtd">
<html xmlns="http://www.w3.org/1999/xhtml" xml:lang="en" lang="en">
 <head>
  <title>
</title>
<meta http-equiv="Content-Type" content="text/html;charset=utf-8" />
  <meta name='ocr-system' content='tesseract 3.04.00' />
  <meta name='ocr-capabilities' content='ocr_page ocr_carea ocr_par ocr_line ocrx_word'/>
</head>
<body>
  <div class='ocr_page' id='page_1' title='image "./operaomniaaccura05auguuoft_0273.png"; bbox 0 0 1854 3219; ppageno 0'>
   <div class='ocr_carea' id='block_1_1' title="bbox 404 235 1486 287">
    <p class='ocr_par' dir='ltr' id='par_1_1' title="bbox 404 235 1486 287">
     <span class='ocr_line' id='line_1_1' title="bbox 404 235 1486 287; baseline -0.006 -7"><span class='ocrx_word' id='word_1_1' title='bbox 404 253 458 280; x_wconf 84' lang='lat' dir='ltr'>DE</span> <span class='ocrx_word' id='word_1_2' title='bbox 489 252 639 279; x_wconf 80' lang='lat' dir='ltr'><strong>GENESI</strong></span> <span class='ocrx_word' id='word_1_3' title='bbox 670 250 726 277; x_wconf 76' lang='lat' dir='ltr'>AD</span> <span class='ocrx_word' id='word_1_4' title='bbox 759 247 1003 287; x_wconf 59' lang='lat' dir='ltr'>mmmmm,</span> <span class='ocrx_word' id='word_1_5' title='bbox 1039 250 1121 275; x_wconf 75' lang='lat' dir='ltr'>Lm.</span> <span class='ocrx_word' id='word_1_6' title='bbox 1157 250 1223 275; x_wconf 86' lang='lat'>111.</span> <span class='ocrx_word' id='word_1_7' title='bbox 1408 235 1486 274; x_wconf 68' lang='lat'>‘251</span> 
     </span>
    </p>
   </div>
   <div class='ocr_carea' id='block_1_2' title="bbox 111 312 1507 2443">
    <p class='ocr_par' dir='ltr' id='par_1_2' title="bbox 111 312 1507 2443">
     <span class='ocr_line' id='line_1_2' title="bbox 116 312 1496 377; baseline -0.001 -18"><span class='ocrx_word' id='word_1_8' title='bbox 116 337 136 360; x_wconf 83' lang='lat'>»</span> <span class='ocrx_word' id='word_1_9' title='bbox 171 327 249 373; x_wconf 83' lang='lat' dir='ltr'>est,</span> <span class='ocrx_word' id='word_1_10' title='bbox 278 336 298 359; x_wconf 89' lang='lat'>»</span> <span class='ocrx_word' id='word_1_11' title='bbox 324 316 398 362; x_wconf 88' lang='lat' dir='ltr'>sed</span> <span class='ocrx_word' id='word_1_12' title='bbox 426 325 523 377; x_wconf 88' lang='lat' dir='ltr'>post</span> <span class='ocrx_word' id='word_1_13' title='bbox 544 316 768 360; x_wconf 89' lang='lat' dir='ltr'>hominem</span> <span class='ocrx_word' id='word_1_14' title='bbox 789 313 977 367; x_wconf 78' lang='lat' dir='ltr'>factum,</span> <span class='ocrx_word' id='word_1_15' title='bbox 999 314 1234 374; x_wconf 79' lang='lat' dir='ltr'>datamque</span> <span class='ocrx_word' id='word_1_16' title='bbox 1265 312 1327 358; x_wconf 90' lang='lat' dir='ltr'>illi</span> <span class='ocrx_word' id='word_1_17' title='bbox 1350 323 1496 373; x_wconf 85' lang='lat' dir='ltr'>potes-</span> 
     </span>
     <span class='ocr_line' id='line_1_3' title="bbox 112 385 1495 440; baseline -0.004 -6"><span class='ocrx_word' id='word_1_18' title='bbox 112 398 246 434; x_wconf 81' lang='lat' dir='ltr'>tatem</span> <span class='ocrx_word' id='word_1_19' title='bbox 268 389 338 434; x_wconf 91' lang='lat' dir='ltr'>vel</span> <span class='ocrx_word' id='word_1_20' title='bbox 357 387 610 433; x_wconf 82' lang='lat' dir='ltr'>dominandi</span> <span class='ocrx_word' id='word_1_21' title='bbox 638 385 708 431; x_wconf 83' lang='lat' dir='ltr'>vel</span> <span class='ocrx_word' id='word_1_22' title='bbox 730 385 909 440; x_wconf 78' lang='lat' dir='ltr'>edendi,</span> <span class='ocrx_word' id='word_1_23' title='bbox 931 385 1166 429; x_wconf 84' lang='lat' dir='ltr'>subintulit</span> <span class='ocrx_word' id='word_1_24' title='bbox 1193 386 1247 429; x_wconf 88' lang='lat' dir='ltr'>de</span> <span class='ocrx_word' id='word_1_25' title='bbox 1269 385 1495 439; x_wconf 76' lang='lat' dir='ltr'>omnibus,</span> 
     </span>
     <span class='ocr_line' id='line_1_4' title="bbox 117 455 1495 517; baseline -0.004 -14"><span class='ocrx_word' id='word_1_26' title='bbox 117 480 138 504; x_wconf 84' lang='lat'>«</span> <span class='ocrx_word' id='word_1_27' title='bbox 172 463 228 505; x_wconf 91' lang='lat' dir='ltr'>Et</span> <span class='ocrx_word' id='word_1_28' title='bbox 249 459 359 505; x_wconf 88' lang='lat' dir='ltr'>vidit</span> <span class='ocrx_word' id='word_1_29' title='bbox 380 462 494 503; x_wconf 83' lang='lat' dir='ltr'>Deus</span> <span class='ocrx_word' id='word_1_30' title='bbox 522 458 667 502; x_wconf 80' lang='lat' dir='ltr'>omnia</span> <span class='ocrx_word' id='word_1_31' title='bbox 701 472 800 517; x_wconf 83' lang='lat' dir='ltr'>quae</span> <span class='ocrx_word' id='word_1_32' title='bbox 822 456 947 511; x_wconf 82' lang='lat' dir='ltr'>fecit,</span> <span class='ocrx_word' id='word_1_33' title='bbox 974 465 1017 500; x_wconf 86' lang='lat' dir='ltr'>et</span> <span class='ocrx_word' id='word_1_34' title='bbox 1040 471 1140 500; x_wconf 89' lang='grc'><strong>0000</strong></span> <span class='ocrx_word' id='word_1_35' title='bbox 1160 456 1275 500; x_wconf 85' lang='lat' dir='ltr'>bona</span> <span class='ocrx_word' id='word_1_36' title='bbox 1296 455 1444 510; x_wconf 83' lang='lat' dir='ltr'>valde,</span> <span class='ocrx_word' id='word_1_37' title='bbox 1475 475 1495 497; x_wconf 91' lang='lat'>»</span> 
     </span>
     <span class='ocr_line' id='line_1_5' title="bbox 111 525 1500 591; baseline -0.004 -15"><span class='ocrx_word' id='word_1_38' title='bbox 111 533 267 576; x_wconf 88' lang='lat' dir='ltr'>merito</span> <span class='ocrx_word' id='word_1_39' title='bbox 283 530 421 591; x_wconf 84' lang='lat' dir='ltr'>quaeri</span> <span class='ocrx_word' id='word_1_40' title='bbox 441 538 597 590; x_wconf 85' lang='lat' dir='ltr'>potest.</span> <span class='ocrx_word' id='word_1_41' title='bbox 619 528 767 573; x_wconf 83' lang='lat' dir='ltr'>Potuit</span> <span class='ocrx_word' id='word_1_42' title='bbox 789 527 907 571; x_wconf 86' lang='lat' dir='ltr'>enim</span> <span class='ocrx_word' id='word_1_43' title='bbox 924 527 1065 587; x_wconf 86' lang='lat' dir='ltr'>primo</span> <span class='ocrx_word' id='word_1_44' title='bbox 1087 525 1211 572; x_wconf 86' lang='lat' dir='ltr'>reddi</span> <span class='ocrx_word' id='word_1_45' title='bbox 1227 527 1395 571; x_wconf 87' lang='lat' dir='ltr'>homini</span> <span class='ocrx_word' id='word_1_46' title='bbox 1415 528 1500 571; x_wconf 89' lang='lat' dir='ltr'>sin-</span> 
     </span>
     <span class='ocr_line' id='line_1_6' title="bbox 113 599 1501 663; baseline -0.003 -17"><span class='ocrx_word' id='word_1_47' title='bbox 113 602 317 662; x_wconf 84' lang='lat' dir='ltr'>gulatim,</span> <span class='ocrx_word' id='word_1_48' title='bbox 341 600 462 663; x_wconf 89' lang='lat' dir='ltr'>quod</span> <span class='ocrx_word' id='word_1_49' title='bbox 484 599 729 659; x_wconf 87' lang='lat' dir='ltr'>singulatim</span> <span class='ocrx_word' id='word_1_50' title='bbox 761 599 927 644; x_wconf 82' lang='lat' dir='ltr'>caeteris</span> <span class='ocrx_word' id='word_1_51' title='bbox 959 615 1058 659; x_wconf 84' lang='lat' dir='ltr'>quae</span> <span class='ocrx_word' id='word_1_52' title='bbox 1087 608 1213 643; x_wconf 83' lang='lat' dir='ltr'>antea</span> <span class='ocrx_word' id='word_1_53' title='bbox 1247 599 1363 642; x_wconf 84' lang='lat' dir='ltr'>facta</span> <span class='ocrx_word' id='word_1_54' title='bbox 1399 608 1501 643; x_wconf 85' lang='lat' dir='ltr'>sunt</span> 
     </span>
     <span class='ocr_line' id='line_1_7' title="bbox 113 670 1502 732; baseline -0.003 -13"><span class='ocrx_word' id='word_1_55' title='bbox 113 673 334 719; x_wconf 84' lang='lat' dir='ltr'>redditum</span> <span class='ocrx_word' id='word_1_56' title='bbox 367 683 452 730; x_wconf 83' lang='lat' dir='ltr'>est,</span> <span class='ocrx_word' id='word_1_57' title='bbox 489 683 580 717; x_wconf 82' lang='lat' dir='ltr'>tum</span> <span class='ocrx_word' id='word_1_58' title='bbox 612 671 791 716; x_wconf 86' lang='lat' dir='ltr'>demum</span> <span class='ocrx_word' id='word_1_59' title='bbox 823 671 877 716; x_wconf 89' lang='lat' dir='ltr'>de</span> <span class='ocrx_word' id='word_1_60' title='bbox 908 672 1111 716; x_wconf 85' lang='lat' dir='ltr'>omnibus</span> <span class='ocrx_word' id='word_1_61' title='bbox 1145 671 1232 716; x_wconf 89' lang='lat' dir='ltr'>dici</span> <span class='ocrx_word' id='word_1_62' title='bbox 1265 688 1364 732; x_wconf 85' lang='lat' dir='ltr'>quae</span> <span class='ocrx_word' id='word_1_63' title='bbox 1397 670 1502 716; x_wconf 86' lang='lat' dir='ltr'>fecit</span> 
     </span>
     <span class='ocr_line' id='line_1_8' title="bbox 112 742 1500 803; baseline -0.004 -12"><span class='ocrx_word' id='word_1_64' title='bbox 112 749 248 802; x_wconf 80' lang='lat' dir='ltr'>Deus,</span> <span class='ocrx_word' id='word_1_65' title='bbox 273 765 293 788; x_wconf 88' lang='lat'>«</span> <span class='ocrx_word' id='word_1_66' title='bbox 317 748 431 790; x_wconf 86' lang='lat' dir='ltr'>Ecce</span> <span class='ocrx_word' id='word_1_67' title='bbox 459 745 575 789; x_wconf 83' lang='lat' dir='ltr'>hona</span> <span class='ocrx_word' id='word_1_68' title='bbox 604 742 756 789; x_wconf 82' lang='lat' dir='ltr'>valde:</span> <span class='ocrx_word' id='word_1_69' title='bbox 789 762 809 784; x_wconf 89' lang='lat'>»</span> <span class='ocrx_word' id='word_1_70' title='bbox 835 759 924 788; x_wconf 88' lang='lat' dir='ltr'>non</span> <span class='ocrx_word' id='word_1_71' title='bbox 947 742 1195 802; x_wconf 79' lang='lat' dir='ltr'>singulatim</span> <span class='ocrx_word' id='word_1_72' title='bbox 1227 742 1282 787; x_wconf 88' lang='lat' dir='ltr'>de</span> <span class='ocrx_word' id='word_1_73' title='bbox 1305 743 1377 798; x_wconf 84' lang='lat' dir='ltr'>iis,</span> <span class='ocrx_word' id='word_1_74' title='bbox 1401 758 1500 803; x_wconf 85' lang='lat' dir='ltr'>quae</span> 
     </span>
     <span class='ocr_line' id='line_1_9' title="bbox 112 814 1502 878; baseline -0.001 -17"><span class='ocrx_word' id='word_1_75' title='bbox 112 818 206 878; x_wconf 87' lang='lat' dir='ltr'>ipso</span> <span class='ocrx_word' id='word_1_76' title='bbox 239 817 310 862; x_wconf 83' lang='lat' dir='ltr'>die</span> <span class='ocrx_word' id='word_1_77' title='bbox 336 816 448 863; x_wconf 86' lang='lat' dir='ltr'>faeta</span> <span class='ocrx_word' id='word_1_78' title='bbox 471 819 603 862; x_wconf 79' lang='lat' dir='ltr'>sunt?</span> <span class='ocrx_word' id='word_1_79' title='bbox 636 818 726 861; x_wconf 90' lang='lat' dir='ltr'>Cur</span> <span class='ocrx_word' id='word_1_80' title='bbox 747 831 850 875; x_wconf 89' lang='lat' dir='ltr'>ergo</span> <span class='ocrx_word' id='word_1_81' title='bbox 879 814 934 859; x_wconf 90' lang='lat' dir='ltr'>de</span> <span class='ocrx_word' id='word_1_82' title='bbox 962 815 1190 875; x_wconf 81' lang='lat' dir='ltr'>pecoribus</span> <span class='ocrx_word' id='word_1_83' title='bbox 1221 824 1266 859; x_wconf 88' lang='lat' dir='ltr'>et</span> <span class='ocrx_word' id='word_1_84' title='bbox 1287 814 1434 860; x_wconf 89' lang='lat' dir='ltr'>bestiis</span> <span class='ocrx_word' id='word_1_85' title='bbox 1457 824 1502 859; x_wconf 89' lang='lat' dir='ltr'>et</span> 
     </span>
     <span class='ocr_line' id='line_1_10' title="bbox 112 886 1503 948; baseline -0.002 -15"><span class='ocrx_word' id='word_1_86' title='bbox 112 888 340 948; x_wconf 82' lang='lat' dir='ltr'>reptilibus</span> <span class='ocrx_word' id='word_1_87' title='bbox 362 897 488 932; x_wconf 82' lang='lat' dir='ltr'>terrae</span> <span class='ocrx_word' id='word_1_88' title='bbox 503 887 669 932; x_wconf 88' lang='lat' dir='ltr'>dictum</span> <span class='ocrx_word' id='word_1_89' title='bbox 685 897 764 942; x_wconf 88' lang='lat' dir='ltr'>est,</span> <span class='ocrx_word' id='word_1_90' title='bbox 781 903 879 948; x_wconf 87' lang='lat' dir='ltr'>quae</span> <span class='ocrx_word' id='word_1_91' title='bbox 901 886 956 931; x_wconf 83' lang='lat' dir='ltr'>ad</span> <span class='ocrx_word' id='word_1_92' title='bbox 978 886 1183 931; x_wconf 90' lang='lat' dir='ltr'>eumdem</span> <span class='ocrx_word' id='word_1_93' title='bbox 1201 886 1315 931; x_wconf 91' lang='lat' dir='ltr'>diem</span> <span class='ocrx_word' id='word_1_94' title='bbox 1334 895 1503 931; x_wconf 87' lang='lat' dir='ltr'>sextum</span> 
     </span>
     <span class='ocr_line' id='line_1_11' title="bbox 111 956 1503 1020; baseline -0.002 -17"><span class='ocrx_word' id='word_1_95' title='bbox 111 959 361 1020; x_wconf 79' lang='lat' dir='ltr'>pertinent?</span> <span class='ocrx_word' id='word_1_96' title='bbox 388 959 469 1003; x_wconf 91' lang='lat' dir='ltr'>nisi</span> <span class='ocrx_word' id='word_1_97' title='bbox 500 956 612 1003; x_wconf 87' lang='lat' dir='ltr'>forte</span> <span class='ocrx_word' id='word_1_98' title='bbox 645 957 720 1002; x_wconf 87' lang='lat' dir='ltr'>illa</span> <span class='ocrx_word' id='word_1_99' title='bbox 754 967 797 1002; x_wconf 90' lang='lat' dir='ltr'>et</span> <span class='ocrx_word' id='word_1_100' title='bbox 821 956 1071 1017; x_wconf 81' lang='lat' dir='ltr'>singillatim</span> <span class='ocrx_word' id='word_1_101' title='bbox 1092 958 1139 1001; x_wconf 88' lang='lat' dir='ltr'>in</span> <span class='ocrx_word' id='word_1_102' title='bbox 1159 973 1237 1001; x_wconf 90' lang='lat' dir='ltr'>suo</span> <span class='ocrx_word' id='word_1_103' title='bbox 1261 972 1434 1016; x_wconf 82' lang='lat' dir='ltr'>genere,</span> <span class='ocrx_word' id='word_1_104' title='bbox 1459 967 1503 1001; x_wconf 86' lang='lat' dir='ltr'>et</span> 
     </span>
     <span class='ocr_line' id='line_1_12' title="bbox 112 1029 1502 1087; baseline -0.001 -12"><span class='ocrx_word' id='word_1_105' title='bbox 112 1046 212 1075; x_wconf 88' lang='lat' dir='ltr'>cum</span> <span class='ocrx_word' id='word_1_106' title='bbox 239 1030 404 1076; x_wconf 85' lang='lat' dir='ltr'>caeteris</span> <span class='ocrx_word' id='word_1_107' title='bbox 432 1029 734 1075; x_wconf 86' lang='lat' dir='ltr'>universaliter</span> <span class='ocrx_word' id='word_1_108' title='bbox 754 1029 840 1074; x_wconf 90' lang='lat' dir='ltr'>dici</span> <span class='ocrx_word' id='word_1_109' title='bbox 860 1030 977 1074; x_wconf 86' lang='lat' dir='ltr'>bona</span> <span class='ocrx_word' id='word_1_110' title='bbox 999 1038 1279 1087; x_wconf 78' lang='lat' dir='ltr'>meruerunt3</span> <span class='ocrx_word' id='word_1_111' title='bbox 1298 1038 1341 1073; x_wconf 89' lang='lat' dir='ltr'>et</span> <span class='ocrx_word' id='word_1_112' title='bbox 1367 1029 1502 1074; x_wconf 91' lang='lat' dir='ltr'>homo</span> 
     </span>
     <span class='ocr_line' id='line_1_13' title="bbox 111 1099 1503 1160; baseline -0.002 -14"><span class='ocrx_word' id='word_1_113' title='bbox 111 1100 252 1146; x_wconf 84' lang='lat' dir='ltr'>factus</span> <span class='ocrx_word' id='word_1_114' title='bbox 284 1101 340 1145; x_wconf 83' lang='lat' dir='ltr'>ad</span> <span class='ocrx_word' id='word_1_115' title='bbox 371 1101 603 1160; x_wconf 80' lang='lat' dir='ltr'>imaginem</span> <span class='ocrx_word' id='word_1_116' title='bbox 637 1100 736 1156; x_wconf 83' lang='lat' dir='ltr'>Dei,</span> <span class='ocrx_word' id='word_1_117' title='bbox 762 1100 933 1145; x_wconf 88' lang='lat' dir='ltr'>nonnisi</span> <span class='ocrx_word' id='word_1_118' title='bbox 966 1115 1067 1144; x_wconf 91' lang='lat' dir='ltr'>cum</span> <span class='ocrx_word' id='word_1_119' title='bbox 1100 1100 1266 1145; x_wconf 84' lang='lat' dir='ltr'>caeteris</span> <span class='ocrx_word' id='word_1_120' title='bbox 1300 1100 1383 1145; x_wconf 90' lang='grc'><strong>1100</strong></span> <span class='ocrx_word' id='word_1_121' title='bbox 1416 1099 1503 1144; x_wconf 89' lang='lat' dir='ltr'>dici</span> 
     </span>
     <span class='ocr_line' id='line_1_14' title="bbox 112 1170 1503 1233; baseline -0.001 -16"><span class='ocrx_word' id='word_1_122' title='bbox 112 1173 286 1217; x_wconf 86' lang='lat' dir='ltr'>meruit.</span> <span class='ocrx_word' id='word_1_123' title='bbox 316 1176 385 1217; x_wconf 85' lang='lat' dir='ltr'>An</span> <span class='ocrx_word' id='word_1_124' title='bbox 414 1172 516 1233; x_wconf 82' lang='lat' dir='ltr'>quia</span> <span class='ocrx_word' id='word_1_125' title='bbox 547 1171 765 1232; x_wconf 82' lang='lat' dir='ltr'>perfectus</span> <span class='ocrx_word' id='word_1_126' title='bbox 796 1172 996 1216; x_wconf 90' lang='lat' dir='ltr'>nondum</span> <span class='ocrx_word' id='word_1_127' title='bbox 1029 1182 1141 1227; x_wconf 79' lang='lat' dir='ltr'>erat,</span> <span class='ocrx_word' id='word_1_128' title='bbox 1167 1172 1271 1232; x_wconf 82' lang='lat' dir='ltr'>quia</span> <span class='ocrx_word' id='word_1_129' title='bbox 1303 1170 1503 1216; x_wconf 87' lang='lat' dir='ltr'>nondum</span> 
     </span>
     <span class='ocr_line' id='line_1_15' title="bbox 113 1242 1501 1304; baseline -0.003 -15"><span class='ocrx_word' id='word_1_130' title='bbox 113 1254 206 1289; x_wconf 84' lang='lat' dir='ltr'>erat</span> <span class='ocrx_word' id='word_1_131' title='bbox 226 1245 272 1288; x_wconf 90' lang='lat' dir='ltr'>in</span> <span class='ocrx_word' id='word_1_132' title='bbox 293 1245 492 1304; x_wconf 82' lang='lat' dir='ltr'>paradiso</span> <span class='ocrx_word' id='word_1_133' title='bbox 522 1244 818 1289; x_wconf 77' lang='lat' dir='ltr'>constitutus?</span> <span class='ocrx_word' id='word_1_134' title='bbox 847 1245 1094 1303; x_wconf 81' lang='lat' dir='ltr'>quasivero</span> <span class='ocrx_word' id='word_1_135' title='bbox 1127 1252 1410 1303; x_wconf 81' lang='lat' dir='ltr'>posteaquam</span> <span class='ocrx_word' id='word_1_136' title='bbox 1439 1242 1501 1286; x_wconf 91' lang='grc'><strong>1111</strong></span> 
     </span>
     <span class='ocr_line' id='line_1_16' title="bbox 113 1313 1468 1375; baseline -0.003 -14"><span class='ocrx_word' id='word_1_137' title='bbox 113 1316 376 1362; x_wconf 88' lang='lat' dir='ltr'>constitutus</span> <span class='ocrx_word' id='word_1_138' title='bbox 397 1324 481 1370; x_wconf 79' lang='grc'><strong>051,</strong></span> <span class='ocrx_word' id='word_1_139' title='bbox 508 1313 677 1359; x_wconf 88' lang='lat' dir='ltr'>dictum</span> <span class='ocrx_word' id='word_1_140' title='bbox 697 1315 766 1369; x_wconf 79' lang='lat' dir='ltr'>sit,</span> <span class='ocrx_word' id='word_1_141' title='bbox 793 1313 914 1375; x_wconf 84' lang='lat' dir='ltr'>quod</span> <span class='ocrx_word' id='word_1_142' title='bbox 938 1314 1006 1358; x_wconf 91' lang='lat' dir='ltr'>hic</span> <span class='ocrx_word' id='word_1_143' title='bbox 1029 1315 1369 1375; x_wconf 68' lang='lat' dir='ltr'>praetermissum</span> <span class='ocrx_word' id='word_1_144' title='bbox 1391 1323 1468 1357; x_wconf 86' lang='lat' dir='ltr'>est.</span> 
     </span>
     <span class='ocr_line' id='line_1_17' title="bbox 171 1383 1505 1445; baseline -0.002 -15"><span class='ocrx_word' id='word_1_145' title='bbox 171 1388 400 1430; x_wconf 84' lang='lat' dir='ltr'>XXXVII.</span> <span class='ocrx_word' id='word_1_146' title='bbox 438 1385 556 1439; x_wconf 85' lang='lat' dir='ltr'>Quid</span> <span class='ocrx_word' id='word_1_147' title='bbox 594 1401 697 1443; x_wconf 87' lang='lat' dir='ltr'>ergo</span> <span class='ocrx_word' id='word_1_148' title='bbox 734 1383 959 1429; x_wconf 78' lang='lat' dir='ltr'>dicemus?</span> <span class='ocrx_word' id='word_1_149' title='bbox 998 1388 1067 1428; x_wconf 86' lang='lat' dir='ltr'>An</span> <span class='ocrx_word' id='word_1_150' title='bbox 1108 1388 1211 1445; x_wconf 83' lang='lat' dir='ltr'>quia</span> <span class='ocrx_word' id='word_1_151' title='bbox 1248 1383 1505 1444; x_wconf 71' lang='lat' dir='ltr'>praesciebat</span> 
     </span>
     <span class='ocr_line' id='line_1_18' title="bbox 113 1456 1503 1517; baseline -0.003 -14"><span class='ocrx_word' id='word_1_152' title='bbox 113 1461 228 1504; x_wconf 88' lang='lat' dir='ltr'>Deus</span> <span class='ocrx_word' id='word_1_153' title='bbox 244 1457 468 1502; x_wconf 86' lang='lat' dir='ltr'>hominem</span> <span class='ocrx_word' id='word_1_154' title='bbox 489 1466 793 1517; x_wconf 82' lang='lat' dir='ltr'>peccaturum,</span> <span class='ocrx_word' id='word_1_155' title='bbox 821 1472 900 1501; x_wconf 88' lang='grc'><strong>1100</strong></span> <span class='ocrx_word' id='word_1_156' title='bbox 923 1457 969 1499; x_wconf 88' lang='grc'>111</span> <span class='ocrx_word' id='word_1_157' title='bbox 991 1472 1079 1500; x_wconf 73' lang='lat' dir='ltr'>suae</span> <span class='ocrx_word' id='word_1_158' title='bbox 1107 1456 1307 1515; x_wconf 78' lang='lat' dir='ltr'>imaginis</span> <span class='ocrx_word' id='word_1_159' title='bbox 1330 1456 1503 1516; x_wconf 86' lang='lat' dir='ltr'>perfec-</span> 
     </span>
     <span class='ocr_line' id='line_1_19' title="bbox 113 1527 1504 1586; baseline -0.002 -12"><span class='ocrx_word' id='word_1_160' title='bbox 113 1531 232 1574; x_wconf 89' lang='lat' dir='ltr'>tione</span> <span class='ocrx_word' id='word_1_161' title='bbox 256 1543 534 1583; x_wconf 83' lang='lat' dir='ltr'>mansurum,</span> <span class='ocrx_word' id='word_1_162' title='bbox 560 1544 650 1572; x_wconf 90' lang='lat' dir='ltr'>non</span> <span class='ocrx_word' id='word_1_163' title='bbox 671 1527 942 1586; x_wconf 76' lang='lat' dir='ltr'>singillatim,</span> <span class='ocrx_word' id='word_1_164' title='bbox 969 1527 1044 1572; x_wconf 82' lang='lat' dir='ltr'>sed</span> <span class='ocrx_word' id='word_1_165' title='bbox 1071 1543 1172 1572; x_wconf 91' lang='lat' dir='ltr'>cum</span> <span class='ocrx_word' id='word_1_166' title='bbox 1205 1528 1370 1572; x_wconf 81' lang='lat' dir='ltr'>caeteris</span> <span class='ocrx_word' id='word_1_167' title='bbox 1402 1543 1504 1571; x_wconf 87' lang='lat' dir='ltr'>eum</span> 
     </span>
     <span class='ocr_line' id='line_1_20' title="bbox 115 1597 1504 1659; baseline -0.001 -15"><span class='ocrx_word' id='word_1_168' title='bbox 115 1599 257 1645; x_wconf 82' lang='lat' dir='ltr'>dicere</span> <span class='ocrx_word' id='word_1_169' title='bbox 277 1598 418 1645; x_wconf 90' lang='lat' dir='ltr'>voluit</span> <span class='ocrx_word' id='word_1_170' title='bbox 434 1599 623 1654; x_wconf 86' lang='lat' dir='ltr'>bonum,</span> <span class='ocrx_word' id='word_1_171' title='bbox 646 1597 766 1643; x_wconf 88' lang='lat' dir='ltr'>velut</span> <span class='ocrx_word' id='word_1_172' title='bbox 786 1598 990 1643; x_wconf 87' lang='lat' dir='ltr'>intimans</span> <span class='ocrx_word' id='word_1_173' title='bbox 1012 1597 1120 1659; x_wconf 87' lang='lat' dir='ltr'>quid</span> <span class='ocrx_word' id='word_1_174' title='bbox 1142 1608 1252 1642; x_wconf 89' lang='lat' dir='ltr'>esset</span> <span class='ocrx_word' id='word_1_175' title='bbox 1274 1597 1504 1643; x_wconf 78' lang='lat' dir='ltr'>futurum?</span> 
     </span>
     <span class='ocr_line' id='line_1_21' title="bbox 115 1668 1505 1731; baseline -0.002 -16"><span class='ocrx_word' id='word_1_176' title='bbox 115 1671 226 1725; x_wconf 88' lang='lat' dir='ltr'>Quia</span> <span class='ocrx_word' id='word_1_177' title='bbox 244 1686 343 1715; x_wconf 90' lang='lat' dir='ltr'>cum</span> <span class='ocrx_word' id='word_1_178' title='bbox 361 1686 409 1714; x_wconf 86' lang='lat' dir='ltr'>ea</span> <span class='ocrx_word' id='word_1_179' title='bbox 430 1686 529 1731; x_wconf 60' lang='grc' dir='ltr'><strong>(111εο</strong></span> <span class='ocrx_word' id='word_1_180' title='bbox 548 1669 659 1714; x_wconf 82' lang='lat' dir='ltr'>facta</span> <span class='ocrx_word' id='word_1_181' title='bbox 682 1678 799 1724; x_wconf 78' lang='lat' dir='ltr'>sunt,</span> <span class='ocrx_word' id='word_1_182' title='bbox 815 1669 859 1713; x_wconf 89' lang='lat' dir='ltr'>in</span> <span class='ocrx_word' id='word_1_183' title='bbox 880 1684 931 1713; x_wconf 93' lang='lat' dir='ltr'>eo</span> <span class='ocrx_word' id='word_1_184' title='bbox 954 1668 1076 1730; x_wconf 89' lang='lat' dir='ltr'>quod</span> <span class='ocrx_word' id='word_1_185' title='bbox 1099 1668 1211 1713; x_wconf 79' lang='lat' dir='ltr'>faeta</span> <span class='ocrx_word' id='word_1_186' title='bbox 1235 1678 1352 1724; x_wconf 82' lang='lat' dir='ltr'>sunt,</span> <span class='ocrx_word' id='word_1_187' title='bbox 1367 1685 1505 1730; x_wconf 84' lang='lat' dir='ltr'>quan-</span> 
     </span>
     <span class='ocr_line' id='line_1_22' title="bbox 115 1739 1505 1801; baseline -0.001 -15"><span class='ocrx_word' id='word_1_188' title='bbox 115 1751 211 1786; x_wconf 88' lang='lat' dir='ltr'>tum</span> <span class='ocrx_word' id='word_1_189' title='bbox 234 1751 518 1801; x_wconf 79' lang='lat' dir='ltr'>acceperunt,</span> <span class='ocrx_word' id='word_1_190' title='bbox 545 1750 745 1796; x_wconf 76' lang='lat' dir='ltr'>manent,</span> <span class='ocrx_word' id='word_1_191' title='bbox 770 1740 881 1785; x_wconf 90' lang='lat' dir='ltr'>sicut</span> <span class='ocrx_word' id='word_1_192' title='bbox 900 1739 969 1784; x_wconf 86' lang='lat' dir='ltr'>vel</span> <span class='ocrx_word' id='word_1_193' title='bbox 998 1739 1072 1784; x_wconf 86' lang='lat' dir='ltr'>illa</span> <span class='ocrx_word' id='word_1_194' title='bbox 1106 1756 1205 1800; x_wconf 68' lang='grc' dir='ltr'><strong>(111εο</strong></span> <span class='ocrx_word' id='word_1_195' title='bbox 1236 1756 1326 1785; x_wconf 82' lang='grc'><strong>11011</strong></span> <span class='ocrx_word' id='word_1_196' title='bbox 1348 1756 1505 1801; x_wconf 77' lang='lat' dir='ltr'>pecca-</span> 
     </span>
     <span class='ocr_line' id='line_1_23' title="bbox 115 1811 1502 1871; baseline -0.001 -14"><span class='ocrx_word' id='word_1_197' title='bbox 115 1821 291 1867; x_wconf 81' lang='lat' dir='ltr'>verunt,</span> <span class='ocrx_word' id='word_1_198' title='bbox 305 1811 375 1856; x_wconf 86' lang='lat' dir='ltr'>vel</span> <span class='ocrx_word' id='word_1_199' title='bbox 390 1811 463 1856; x_wconf 84' lang='lat' dir='ltr'>illa</span> <span class='ocrx_word' id='word_1_200' title='bbox 480 1827 580 1871; x_wconf 82' lang='lat' dir='ltr'>quae</span> <span class='ocrx_word' id='word_1_201' title='bbox 596 1826 776 1871; x_wconf 83' lang='lat' dir='ltr'>peccare</span> <span class='ocrx_word' id='word_1_202' title='bbox 797 1827 887 1855; x_wconf 91' lang='lat' dir='ltr'>non</span> <span class='ocrx_word' id='word_1_203' title='bbox 903 1821 1105 1870; x_wconf 76' lang='lat' dir='ltr'>possunt3</span> <span class='ocrx_word' id='word_1_204' title='bbox 1122 1820 1164 1855; x_wconf 87' lang='grc'>01</span> <span class='ocrx_word' id='word_1_205' title='bbox 1182 1811 1351 1870; x_wconf 88' lang='lat' dir='ltr'>singula</span> <span class='ocrx_word' id='word_1_206' title='bbox 1370 1812 1502 1867; x_wconf 75' lang='lat' dir='ltr'>hona,</span> 
     </span>
     <span class='ocr_line' id='line_1_24' title="bbox 117 1880 1507 1927; baseline -0.001 0"><span class='ocrx_word' id='word_1_207' title='bbox 117 1892 159 1927; x_wconf 89' lang='lat' dir='ltr'>et</span> <span class='ocrx_word' id='word_1_208' title='bbox 180 1884 226 1926; x_wconf 91' lang='lat' dir='ltr'>in</span> <span class='ocrx_word' id='word_1_209' title='bbox 239 1883 444 1927; x_wconf 79' lang='lat' dir='ltr'>universo</span> <span class='ocrx_word' id='word_1_210' title='bbox 462 1882 577 1926; x_wconf 87' lang='lat' dir='ltr'>bona</span> <span class='ocrx_word' id='word_1_211' title='bbox 595 1880 721 1925; x_wconf 82' lang='lat' dir='ltr'>valde</span> <span class='ocrx_word' id='word_1_212' title='bbox 739 1890 855 1925; x_wconf 88' lang='lat' dir='ltr'>sunt.</span> <span class='ocrx_word' id='word_1_213' title='bbox 875 1884 974 1926; x_wconf 90' lang='lat' dir='ltr'>Non</span> <span class='ocrx_word' id='word_1_214' title='bbox 994 1882 1110 1925; x_wconf 87' lang='lat' dir='ltr'>enim</span> <span class='ocrx_word' id='word_1_215' title='bbox 1129 1880 1290 1925; x_wconf 80' lang='lat' dir='ltr'>frustra</span> <span class='ocrx_word' id='word_1_216' title='bbox 1307 1891 1369 1926; x_wconf 90' lang='lat' dir='ltr'>est</span> <span class='ocrx_word' id='word_1_217' title='bbox 1382 1880 1507 1926; x_wconf 81' lang='lat' dir='ltr'>addi-</span> 
     </span>
     <span class='ocr_line' id='line_1_25' title="bbox 118 1951 1506 2013; baseline 0 -16"><span class='ocrx_word' id='word_1_218' title='bbox 118 1963 231 2009; x_wconf 84' lang='lat' dir='ltr'>tum,</span> <span class='ocrx_word' id='word_1_219' title='bbox 256 1973 276 1996; x_wconf 67' lang='grc' dir='ltr'>(ι</span> <span class='ocrx_word' id='word_1_220' title='bbox 295 1951 445 2011; x_wconf 78' lang='lat' dir='ltr'>valde3</span> <span class='ocrx_word' id='word_1_221' title='bbox 469 1970 488 1993; x_wconf 90' lang='lat'>»</span> <span class='ocrx_word' id='word_1_222' title='bbox 512 1953 615 2013; x_wconf 85' lang='lat' dir='ltr'>quia</span> <span class='ocrx_word' id='word_1_223' title='bbox 633 1961 677 1996; x_wconf 83' lang='lat' dir='ltr'>et</span> <span class='ocrx_word' id='word_1_224' title='bbox 699 1952 889 2012; x_wconf 87' lang='lat' dir='ltr'>corporis</span> <span class='ocrx_word' id='word_1_225' title='bbox 910 1952 1106 1996; x_wconf 85' lang='lat' dir='ltr'>membra</span> <span class='ocrx_word' id='word_1_226' title='bbox 1126 1953 1159 1996; x_wconf 88' lang='lat' dir='ltr'>si</span> <span class='ocrx_word' id='word_1_227' title='bbox 1184 1952 1315 1996; x_wconf 83' lang='lat' dir='ltr'>etiam</span> <span class='ocrx_word' id='word_1_228' title='bbox 1336 1952 1506 2012; x_wconf 82' lang='lat' dir='ltr'>singula</span> 
     </span>
     <span class='ocr_line' id='line_1_26' title="bbox 117 2021 1504 2085; baseline 0 -16"><span class='ocrx_word' id='word_1_229' title='bbox 117 2021 301 2085; x_wconf 85' lang='lat' dir='ltr'>pulchra</span> <span class='ocrx_word' id='word_1_230' title='bbox 318 2033 435 2080; x_wconf 83' lang='lat' dir='ltr'>sunt,</span> <span class='ocrx_word' id='word_1_231' title='bbox 448 2023 591 2068; x_wconf 87' lang='lat' dir='ltr'>multo</span> <span class='ocrx_word' id='word_1_232' title='bbox 611 2032 713 2068; x_wconf 89' lang='lat' dir='ltr'>sunt</span> <span class='ocrx_word' id='word_1_233' title='bbox 735 2032 883 2067; x_wconf 84' lang='lat' dir='ltr'>tamen</span> <span class='ocrx_word' id='word_1_234' title='bbox 898 2023 944 2067; x_wconf 92' lang='lat' dir='ltr'>in</span> <span class='ocrx_word' id='word_1_235' title='bbox 961 2024 1150 2068; x_wconf 89' lang='lat' dir='ltr'>universi</span> <span class='ocrx_word' id='word_1_236' title='bbox 1167 2024 1358 2084; x_wconf 87' lang='lat' dir='ltr'>corporis</span> <span class='ocrx_word' id='word_1_237' title='bbox 1382 2040 1504 2069; x_wconf 89' lang='lat' dir='ltr'>com-</span> 
     </span>
     <span class='ocr_line' id='line_1_27' title="bbox 117 2092 1507 2156; baseline 0.001 -17"><span class='ocrx_word' id='word_1_238' title='bbox 117 2111 227 2156; x_wconf 84' lang='lat' dir='ltr'>page</span> <span class='ocrx_word' id='word_1_239' title='bbox 235 2095 378 2140; x_wconf 84' lang='lat' dir='ltr'>omnia</span> <span class='ocrx_word' id='word_1_240' title='bbox 393 2092 659 2155; x_wconf 81' lang='lat' dir='ltr'>pulchriora.</span> <span class='ocrx_word' id='word_1_241' title='bbox 672 2095 784 2148; x_wconf 84' lang='lat' dir='ltr'>Quia</span> <span class='ocrx_word' id='word_1_242' title='bbox 798 2094 974 2139; x_wconf 90' lang='lat' dir='ltr'>oculum</span> <span class='ocrx_word' id='word_1_243' title='bbox 983 2095 1121 2150; x_wconf 81' lang='lat' dir='ltr'>‚verbi</span> <span class='ocrx_word' id='word_1_244' title='bbox 1134 2096 1286 2155; x_wconf 77' lang='lat' dir='ltr'>gratia,</span> <span class='ocrx_word' id='word_1_245' title='bbox 1297 2095 1507 2156; x_wconf 85' lang='lat' dir='ltr'>placitum</span> 
     </span>
     <span class='ocr_line' id='line_1_28' title="bbox 118 2165 1503 2227; baseline 0.001 -17"><span class='ocrx_word' id='word_1_246' title='bbox 118 2175 249 2227; x_wconf 83' lang='lat' dir='ltr'>atque</span> <span class='ocrx_word' id='word_1_247' title='bbox 262 2165 506 2221; x_wconf 79' lang='lat' dir='ltr'>laudatum,</span> <span class='ocrx_word' id='word_1_248' title='bbox 522 2174 669 2209; x_wconf 87' lang='lat' dir='ltr'>tamen</span> <span class='ocrx_word' id='word_1_249' title='bbox 687 2166 721 2209; x_wconf 89' lang='lat' dir='ltr'>si</span> <span class='ocrx_word' id='word_1_250' title='bbox 738 2176 984 2225; x_wconf 84' lang='lat' dir='ltr'>separatum</span> <span class='ocrx_word' id='word_1_251' title='bbox 1006 2183 1029 2211; x_wconf 85' lang='lat' dir='ltr'>a</span> <span class='ocrx_word' id='word_1_252' title='bbox 1042 2182 1224 2227; x_wconf 82' lang='lat' dir='ltr'>corpore</span> <span class='ocrx_word' id='word_1_253' title='bbox 1239 2167 1503 2224; x_wconf 82' lang='lat' dir='ltr'>videremus,</span> 
     </span>
     <span class='ocr_line' id='line_1_29' title="bbox 117 2236 1506 2298; baseline 0 -15"><span class='ocrx_word' id='word_1_254' title='bbox 117 2253 208 2283; x_wconf 90' lang='lat' dir='ltr'>non</span> <span class='ocrx_word' id='word_1_255' title='bbox 236 2237 478 2282; x_wconf 85' lang='lat' dir='ltr'>diceremus</span> <span class='ocrx_word' id='word_1_256' title='bbox 507 2247 597 2281; x_wconf 87' lang='lat' dir='ltr'>tam</span> <span class='ocrx_word' id='word_1_257' title='bbox 622 2236 881 2296; x_wconf 77' lang='lat' dir='ltr'>pulchrum,</span> <span class='ocrx_word' id='word_1_258' title='bbox 903 2253 1035 2298; x_wconf 85' lang='lat' dir='ltr'>quam</span> <span class='ocrx_word' id='word_1_259' title='bbox 1061 2238 1107 2281; x_wconf 91' lang='lat' dir='ltr'>in</span> <span class='ocrx_word' id='word_1_260' title='bbox 1134 2237 1210 2296; x_wconf 60' lang='lat' dir='ltr'>illa</span> <span class='ocrx_word' id='word_1_261' title='bbox 1236 2240 1506 2284; x_wconf 80' lang='lat' dir='ltr'>connexione</span> 
     </span>
     <span class='ocr_line' id='line_1_30' title="bbox 117 2308 1506 2370; baseline 0.001 -18"><span class='ocrx_word' id='word_1_262' title='bbox 117 2309 417 2353; x_wconf 86' lang='lat' dir='ltr'>membrorum</span> <span class='ocrx_word' id='word_1_263' title='bbox 454 2323 555 2353; x_wconf 90' lang='lat' dir='ltr'>cum</span> <span class='ocrx_word' id='word_1_264' title='bbox 586 2308 683 2353; x_wconf 89' lang='lat' dir='ltr'>loco</span> <span class='ocrx_word' id='word_1_265' title='bbox 717 2323 795 2353; x_wconf 92' lang='lat' dir='ltr'>suo</span> <span class='ocrx_word' id='word_1_266' title='bbox 825 2309 992 2369; x_wconf 86' lang='lat' dir='ltr'>positus</span> <span class='ocrx_word' id='word_1_267' title='bbox 1025 2309 1071 2353; x_wconf 91' lang='lat' dir='ltr'>in</span> <span class='ocrx_word' id='word_1_268' title='bbox 1100 2310 1303 2355; x_wconf 86' lang='lat' dir='ltr'>universo</span> <span class='ocrx_word' id='word_1_269' title='bbox 1325 2327 1506 2370; x_wconf 86' lang='lat' dir='ltr'>corpore</span> 
     </span>
     <span class='ocr_line' id='line_1_31' title="bbox 120 2380 1506 2443; baseline 0.003 -20"><span class='ocrx_word' id='word_1_270' title='bbox 120 2389 383 2424; x_wconf 89' lang='lat' dir='ltr'>cerneretur.</span> <span class='ocrx_word' id='word_1_271' title='bbox 409 2382 472 2424; x_wconf 84' lang='lat' dir='ltr'>Ea</span> <span class='ocrx_word' id='word_1_272' title='bbox 503 2395 606 2424; x_wconf 87' lang='lat' dir='ltr'>vero</span> <span class='ocrx_word' id='word_1_273' title='bbox 643 2395 742 2439; x_wconf 83' lang='lat' dir='ltr'>quae</span> <span class='ocrx_word' id='word_1_274' title='bbox 764 2380 988 2439; x_wconf 84' lang='lat' dir='ltr'>peccando</span> <span class='ocrx_word' id='word_1_275' title='bbox 1019 2381 1226 2425; x_wconf 84' lang='lat' dir='ltr'>amittunt</span> <span class='ocrx_word' id='word_1_276' title='bbox 1247 2381 1379 2427; x_wconf 90' lang='lat' dir='ltr'>decus</span> <span class='ocrx_word' id='word_1_277' title='bbox 1402 2398 1506 2443; x_wconf 87' lang='lat' dir='ltr'>pro-</span> 
     </span>
    </p>
   </div>
   <div class='ocr_carea' id='block_1_3' title="bbox 47 2448 1507 2512">
    <p class='ocr_par' dir='ltr' id='par_1_3' title="bbox 47 2448 1507 2512">
     <span class='ocr_line' id='line_1_32' title="bbox 47 2448 1507 2512; baseline 0.001 -18"><span class='ocrx_word' id='word_1_278' title='bbox 47 2448 59 2464; x_wconf 86' lang='lat'><em>&#39;</em></span> <span class='ocrx_word' id='word_1_279' title='bbox 119 2450 286 2510; x_wconf 80' lang='lat' dir='ltr'>prium,</span> <span class='ocrx_word' id='word_1_280' title='bbox 317 2449 440 2494; x_wconf 91' lang='lat' dir='ltr'>nullo</span> <span class='ocrx_word' id='word_1_281' title='bbox 470 2459 618 2493; x_wconf 84' lang='lat' dir='ltr'>tamen</span> <span class='ocrx_word' id='word_1_282' title='bbox 641 2449 772 2493; x_wconf 90' lang='lat' dir='ltr'>modo</span> <span class='ocrx_word' id='word_1_283' title='bbox 807 2450 1026 2506; x_wconf 81' lang='lat' dir='ltr'>efficiunt,</span> <span class='ocrx_word' id='word_1_284' title='bbox 1056 2461 1105 2495; x_wconf 94' lang='lat' dir='ltr'>ut</span> <span class='ocrx_word' id='word_1_285' title='bbox 1135 2468 1225 2496; x_wconf 91' lang='lat' dir='ltr'>non</span> <span class='ocrx_word' id='word_1_286' title='bbox 1255 2453 1381 2497; x_wconf 78' lang='lat' dir='ltr'>etiam</span> <span class='ocrx_word' id='word_1_287' title='bbox 1417 2453 1507 2512; x_wconf 83' lang='lat' dir='ltr'>ipsa</span> 
     </span>
    </p>
   </div>
   <div class='ocr_carea' id='block_1_4' title="bbox 121 2519 1507 2651">
    <p class='ocr_par' dir='ltr' id='par_1_4' title="bbox 121 2519 1507 2651">
     <span class='ocr_line' id='line_1_33' title="bbox 121 2519 1507 2580; baseline 0.002 -16"><span class='ocrx_word' id='word_1_288' title='bbox 121 2530 237 2564; x_wconf 84' lang='lat' dir='ltr'>recte</span> <span class='ocrx_word' id='word_1_289' title='bbox 255 2519 468 2576; x_wconf 82' lang='lat' dir='ltr'>ordinata,</span> <span class='ocrx_word' id='word_1_290' title='bbox 489 2535 590 2564; x_wconf 91' lang='lat' dir='ltr'>cum</span> <span class='ocrx_word' id='word_1_291' title='bbox 611 2529 704 2565; x_wconf 89' lang='lat' dir='ltr'>toto</span> <span class='ocrx_word' id='word_1_292' title='bbox 727 2529 857 2580; x_wconf 84' lang='lat' dir='ltr'>atque</span> <span class='ocrx_word' id='word_1_293' title='bbox 879 2521 1080 2566; x_wconf 85' lang='lat' dir='ltr'>universo</span> <span class='ocrx_word' id='word_1_294' title='bbox 1102 2522 1218 2566; x_wconf 83' lang='lat' dir='ltr'>bona</span> <span class='ocrx_word' id='word_1_295' title='bbox 1237 2522 1337 2566; x_wconf 88' lang='lat' dir='ltr'>sint.</span> <span class='ocrx_word' id='word_1_296' title='bbox 1363 2525 1507 2567; x_wconf 83' lang='lat' dir='ltr'>Homo</span> 
     </span>
     <span class='ocr_line' id='line_1_34' title="bbox 121 2590 1503 2651; baseline 0.003 -18"><span class='ocrx_word' id='word_1_297' title='bbox 121 2590 254 2649; x_wconf 87' lang='lat' dir='ltr'>igitur</span> <span class='ocrx_word' id='word_1_298' title='bbox 276 2598 376 2634; x_wconf 79' lang='lat' dir='ltr'>ante</span> <span class='ocrx_word' id='word_1_299' title='bbox 398 2599 624 2650; x_wconf 82' lang='lat' dir='ltr'>peccatum</span> <span class='ocrx_word' id='word_1_300' title='bbox 645 2599 688 2634; x_wconf 84' lang='lat' dir='ltr'>et</span> <span class='ocrx_word' id='word_1_301' title='bbox 709 2591 754 2634; x_wconf 88' lang='lat' dir='ltr'>in</span> <span class='ocrx_word' id='word_1_302' title='bbox 776 2606 854 2634; x_wconf 89' lang='lat' dir='ltr'>suo</span> <span class='ocrx_word' id='word_1_303' title='bbox 871 2591 1024 2651; x_wconf 88' lang='lat' dir='ltr'>utique</span> <span class='ocrx_word' id='word_1_304' title='bbox 1048 2607 1204 2649; x_wconf 82' lang='lat' dir='ltr'>genere</span> <span class='ocrx_word' id='word_1_305' title='bbox 1227 2592 1368 2636; x_wconf 86' lang='lat' dir='ltr'>bonus</span> <span class='ocrx_word' id='word_1_306' title='bbox 1391 2602 1503 2637; x_wconf 83' lang='lat' dir='ltr'>erat:</span> 
     </span>
    </p>
   </div>
  </div>
 </body>
</html>
