1854 3219
364 193 419 230 96
797 198 830 225 s.
868 196 1099 226 Auecsmm
1133 199 1317 226 Emscol‘l

365 281 552 328 quorum
574 265 690 324 prior
712 263 783 307 ille
805 279 905 308 eum
928 264 1011 308 hoe
1038 273 1204 323 ageret,
1231 263 1290 307 ait
1311 263 1425 306 inter
1443 270 1596 306 caetera
1616 280 1624 306 :
1659 280 1680 304 «
1708 263 1751 308 Si

369 357 388 378 n
425 337 519 397 quis
552 333 760 395 pingendi
789 333 940 378 artifex
971 333 1143 379 vultum
1175 333 1353 394 alicujus
1389 343 1432 377 et
1463 333 1675 393 speeiem,
1709 342 1752 377 et

372 429 388 448 »
425 407 615 467 eorporis
634 405 887 466 qualitatem
908 405 1067 450 remulo
1090 406 1234 451 colore
1262 407 1470 464 signasset
1488 425 1498 462 3
1519 413 1562 447 et
1586 403 1753 462 signato

370 497 389 519 »
419 479 509 537 jam
540 486 929 537 consummatoque
951 476 1180 521 simulacro
1197 512 1207 532 ,
1234 491 1387 520 manus
1418 475 1526 519 alius
1549 472 1750 531 inferret,

371 567 391 589 »
427 558 477 593 ut
500 550 590 609 jam
622 547 804 592 formata
823 583 833 602 ‚
864 548 952 607 jam
982 548 1097 607 pieta
1126 547 1248 607 quasi
1270 547 1449 606 peritior
1472 545 1752 601 reformaret,

372 639 391 661 »
429 620 567 679 gravis
593 619 744 679 prioris
771 619 944 663 artificis
964 619 1118 678 injuria
1141 628 1183 662 et
1195 620 1310 678 justa
1334 617 1574 676 indignatio
1591 617 1757 663 videre-

371 710 391 732 »
431 701 514 734 tur.
545 693 608 733 Tu
632 699 674 734 te
696 689 908 733 existimas
930 689 1109 749 impune
1131 689 1316 733 laturam
1340 697 1426 732 tam
1448 689 1660 748 improbae
1690 698 1755 732 te-

373 780 392 802 »
428 761 632 804 meritatis
672 759 924 815 audaciam,
962 760 1039 803 Dei
1074 759 1247 804 artificis
1281 758 1520 803 offensam?
1554 761 1611 803 Ut
1641 758 1757 803 enim

374 850 394 872 »
430 830 649 890 impudica
666 830 778 875 circa
795 830 1014 885 homines,
1033 838 1076 873 et
1098 830 1259 873 incesta
1279 828 1388 873 sucis
1409 829 1759 874 lenocinantibus

375 920 394 942 »
431 918 520 946 non
538 902 613 957 sis,
635 902 848 960 corruptis
864 900 1122 961 violatisque
1136 917 1236 961 quae
1254 900 1331 945 Dei
1354 909 1475 956 sunt,
1497 901 1617 961 pejor
1632 899 1759 944 adul-

376 990 395 1012 »
433 982 521 1016 tera
545 971 764 1015 detineris.
786 971 913 1025 Quod
937 971 1079 1015 ornari
1104 980 1145 1014 te
1167 980 1293 1031 putas
1309 1006 1318 1026 ‚
1336 970 1457 1032 quod
1478 980 1604 1030 putas
1623 970 1758 1025 comi,

377 1060 396 1083 >›
432 1042 704 1102 impugnatio
727 1052 790 1086 est
813 1043 892 1087 ista
910 1041 1045 1087 divini
1069 1043 1209 1102 operis
1225 1078 1235 1097 ‚
1256 1042 1553 1102 praevaricatio
1570 1050 1633 1086 est
1654 1043 1763 1085 veri-

377 1131 396 1153 »
434 1114 545 1157 tatis.
583 1114 800 1158 Monentis
829 1113 1025 1173 Apostoli
1061 1129 1143 1157 vox
1182 1122 1270 1157 est:
1298 1112 1592 1175 Expurgate
1629 1120 1763 1156 vetus

377 1202 396 1224 »
418 1184 747 1245 fermentum,
789 1193 837 1227 ut
869 1184 970 1227 sitis
1001 1200 1124 1228 nova
1165 1184 1459 1243 conspersio,
1496 1184 1617 1227 sicut
1654 1183 1764 1227 estis

377 1272 396 1294 n
434 1255 605 1313 (tymi.
652 1253 851 1297 Etenim
887 1252 1090 1297 Pascha
1128 1263 1342 1297 nostr-mn
1383 1252 1656 1297 immolatus
1696 1261 1766 1297 esc

377 1343 397 1366 »
439 1322 672 1368 Clu-istus.
713 1322 892 1382 Itaque
908 1323 1053 1385 festa
1093 1323 1383 1369 celebremus
1398 1360 1413 1380 ,
1449 1340 1545 1369 non
1578 1325 1627 1368 in,
1649 1324 1765 1386 ser-

378 1414 398 1437 »
434 1404 594 1440 mento
617 1395 789 1443 veteri,
811 1410 962 1453 neque
986 1396 1046 1456 in¹
1047 1394 1293 1456 fermento
1311 1394 1509 1440 malilioe
1534 1404 1579 1439 et
1597 1395 1765 1453 nequi-

381 1485 400 1508 »
438 1468 542 1522 τίω,
567 1464 657 1511 secl
683 1465 731 1509 in
762 1467 944 1525 aqrtnis
977 1465 1268 1510 sinceritatis
1297 1475 1342 1510 et
1364 1467 1581 1510 veritatis
1598 1468 1627 1510 ¹.
1651 1469 1768 1511 Num

381 1556 400 1579 »
437 1538 656 1582 sinceritas
693 1546 938 1596 perseverat
972 1546 1014 1580 et
1048 1537 1225 1593 veritas,
1264 1538 1441 1598 quando
1471 1553 1570 1599 quae
1603 1538 1768 1582 sincera

381 1628 400 1651 >2
437 1619 538 1654 sunt
567 1609 842 1669 polluuntur,
869 1618 912 1652 et
939 1608 1136 1653 colorum
1165 1608 1413 1665 adulteriis,
1440 1619 1483 1653 et
1511 1607 1767 1654 medicami-

381 1700 401 1722 »
438 1697 544 1725 num
567 1679 676 1725 l'ueis
690 1681 734 1724 in
754 1680 1030 1724 mendacium
1053 1697 1153 1725 vera
1171 1681 1650 1725 mutanttirPDOmiims
1667 1690 1768 1725 tuus

381 1770 401 1792 »
438 1751 565 1796 dicit:
591 1750 709 1797 Non
727 1750 1054 1814 potesfacere
1077 1749 1308 1811 capillum
1330 1767 1475 1795 ιιηιιιη
1497 1749 1663 1796 album
1684 1760 1771 1796 aut

382 1842 401 1863 n
438 1824 651 1885 mgrzmffl
673 1843 682 1867 ε
701 1832 743 1866 et
765 1832 813 1866 tu
830 1823 885 1866 ad
903 1822 1163 1866 vincendam
1185 1822 1358 1867 Domini
1381 1823 1445 1867 tui
1470 1839 1623 1868 vocem
1642 1823 1706 1868 vis
1728 1832 1769 1868 te

383 1912 402 1934 »
438 1909 527 1937 esse
548 1893 779 1953 potiorem.
818 1892 984 1937 Audaci
1013 1902 1173 1938 conatu
1208 1902 1250 1937 et
1273 1892 1478 1952 sacrilego
1513 1903 1770 1954 contemptu

385 1986 401 2006 »
437 1965 575 2009 crines
607 1975 704 2009 tuos
732 1965 896 2019 inficis,
936 1963 1050 2008 malo
1083 1963 1293 2024 praesagio
1319 1963 1570 2010 futurorum
1593 1964 1770 2025 capillos
1808 1972 1810 1976 ’

383 2054 392 2075 )
434 2041 523 2091 Jam
546 2035 624 2079 tibi
648 2036 869 2079 flammeos
892 2035 1152 2095 auspicaris3
1180 2054 1219 2078 ».
1259 2038 1459 2095 Longum
1489 2046 1553 2082 est
1583 2037 1770 2081 inserere

381 2107 525 2150 omnia
548 2123 647 2167 quse
670 2116 928 2167 sequuntur.

441 2180 489 2220 L.
514 2176 591 2221 Ille
613 2193 715 2221 vero
740 2177 952 2237 posterior
973 2186 1022 2222 ut
1049 2178 1094 2221 in
1122 2177 1227 2222 tales
1253 2176 1419 2223 diceret
1443 2197 1450 2223 :
1476 2198 1496 2222 «
1522 2179 1634 2224 Hine
1664 2178 1738 2224 illa
1754 2214 1766 2236 ‚

385 2267 404 2289 »
440 2247 608 2308 inquit,
642 2257 881 2292 naseuntur
902 2248 1120 2293 incentiva
1140 2249 1344 2293 vitiorum
1364 2285 1374 2305 ‚
1397 2259 1447 2294 ut
1474 2250 1666 2310 quaesitis
1693 2268 1770 2296 eo-

385 2337 405 2360 »
440 2318 605 2363 loribus
628 2335 701 2363 ora
725 2319 964 2379 depingant
979 2355 989 2375 ,
1011 2319 1117 2363 dum
1139 2320 1238 2364 viris
1262 2319 1487 2380 displicere
1509 2319 1767 2378 formidant,
1792 2362 1797 2363 ⁷

386 2408 405 2430 »
441 2399 484 2434 et
505 2389 559 2433 de
583 2389 796 2434 adulterio
818 2390 966 2435 vultus
982 2389 1248 2435 meditentur
1263 2390 1528 2435 adulterium
1546 2393 1766 2438 eastitatis.

395 2054 402 2075 υ

431 2493 438 2510 ¹
461 2496 480 2519 2
502 2489 574 2520 Cor.
596 2499 628 2528 v,
650 2498 680 2530 7.
701 2505 742 2509 —
763 2493 775 2510 9-
794 2488 908 2520 Manli.
933 2499 966 2531 v,
991 2488 1044 2522 30.
1065 2506 1106 2512 -—
1127 2486 1140 2513 3
1161 2491 1205 2522 Ex
1222 2489 1376 2533 Cypriano
1396 2490 1429 2522 in
1452 2493 1593 2523 tractatu
1613 2491 1653 2524 de
1673 2490 1771 2524 disci-

384 2541 467 2584 plina
487 2549 517 2575 et
536 2542 649 2575 habitu
667 2543 840 2585 Virginum.
