1854 3219
396 179 476 218 498
828 188 862 217 s.
898 188 1128 218 Aucus‘rlm
1163 191 1343 218 Emseom

387 254 464 299 sed
495 268 645 299 omnes
673 252 857 312 intelligi
890 254 1065 310 volens,
1101 256 1297 315 superius
1320 254 1378 298 ait
1409 253 1464 298 de
1487 253 1657 298 Adam:
1687 273 1706 296 «
1733 257 1785 298 In

393 344 413 368 »
448 341 537 386 quo
559 340 710 370 omnes
727 335 1021 385 peccaverunt
1038 330 1049 352 ¹
1069 347 1079 384 3
1097 344 1117 367 n
1146 327 1266 371 unde
1283 326 1436 386 utique
1458 324 1679 369 infantum
1697 325 1788 370 ani-

389 413 478 441 mas
496 413 585 442 non
609 412 734 457 posse
750 397 936 453 secerni,
963 407 1008 442 et
1024 414 1075 444 eo
1097 397 1218 459 quod
1241 397 1409 442 dictum
1433 406 1522 452 est,
1543 412 1718 455 omnes,
1743 407 1787 442 et

387 484 439 513 eo
461 468 583 528 quod
600 469 659 513 eis
682 484 759 529 per
777 469 1043 530 baptismum
1066 470 1341 525 subvenitur,
1367 485 1458 515 non
1480 469 1671 514 absurde
1690 485 1786 514 cre-

389 538 528 595 dunt,
558 540 636 601 qui
669 541 832 585 animas
856 556 908 585 ex
929 542 1060 587 unius
1089 542 1269 587 traduce
1300 542 1499 602 sapiunt,
1527 541 1608 586 nisi
1639 540 1787 602 aliqua

386 609 614 655 manifesta
629 620 672 655 et
688 610 856 672 liquida
868 612 937 657 vel
955 613 1139 669 ratione,
1160 627 1261 673 quae
1277 611 1509 672 Scripturis
1521 612 1680 658 sanctis
1696 627 1787 657 non

389 690 630 742 repugnet,
661 682 732 727 vel
757 698 908 727 earum
942 683 1133 744 ipsarum
1165 683 1491 744 Scripturarum
1528 682 1786 729 auctoritate

391 752 729 813 redarguantur.

393 889 714 908 WWWUVWWWWW
1001 886 1787 908 mmmmewWWwwwmmmmvm

882 990 1102 1042 CAPUT
1158 993 1320 1041 XYH.

398 1110 744 1158 Testimonium
779 1130 842 1158 ea:
865 1112 940 1159 lzz‘s
974 1113 1241 1174 Sapientis&
1269 1111 1429 1158 verbis
1454 1129 1466 1157 .·
1491 1116 1605 1158 Puer
1641 1121 1788 1158 autem

422 1197 541 1227 eram
563 1184 825 1243 ingeniosus,
842 1194 931 1230 etc.
947 1185 995 1229 in
1018 1193 1272 1242 utramque
1289 1193 1484 1245 partem
1502 1192 1756 1229 tractatur.

453 1309 595 1352 XXX.
626 1311 717 1353 JAM
744 1309 892 1370 itaque
924 1309 1167 1365 videamus,
1204 1318 1423 1370 quantum
1451 1308 1637 1368 suscepti
1659 1308 1791 1368 hujus

390 1379 532 1439 operis
548 1380 777 1424 necessitas
799 1380 980 1439 patitur,
1005 1380 1136 1441 quale
1149 1380 1282 1424 etiam
1300 1379 1411 1424 illud
1425 1380 1495 1435 sit,
1520 1378 1642 1440 quod
1657 1377 1793 1438 paulo

391 1459 492 1495 ante
524 1450 788 1495 distulimus.
826 1451 1047 1511 Scriptum
1074 1460 1139 1496 est
1169 1451 1287 1495 enim
1309 1451 1356 1494 in
1383 1450 1498 1494 libro
1528 1449 1788 1509 Sapientiae:

397 1540 416 1561 «
454 1525 568 1565 Puer
589 1530 738 1566 autem
764 1537 883 1566 eram
904 1521 1154 1582 ingeniosus
1170 1556 1181 1578 ,
1210 1529 1253 1566 et
1279 1521 1455 1567 sortitus
1478 1536 1576 1565 sum
1601 1521 1793 1565 animam

396 1610 417 1633 »
454 1593 639 1647 bonam,
665 1602 709 1636 et
727 1607 831 1637 cum
846 1607 982 1637 essem
1000 1593 1136 1652 magis
1153 1593 1312 1648 bonus,
1338 1592 1439 1637 veni
1460 1591 1517 1637 ad
1539 1607 1697 1652 corpus
1718 1591 1791 1635 in·-

398 1681 418 1704 »
454 1663 788 1724 coinquinatum
803 1665 835 1708 ².
865 1682 886 1705 »
926 1665 1040 1710 Cum
1067 1664 1186 1708 enim
1216 1663 1416 1709 videatur
1453 1663 1550 1708 illos
1583 1662 1792 1724 adjuvare

394 1735 478 1779 hoc
502 1735 800 1779 testimonium
816 1770 828 1790 ,
859 1735 935 1795 qui
967 1750 1058 1780 non
1079 1750 1131 1779 ex
1152 1734 1407 1794 parentibus
1429 1734 1591 1790 creari,
1617 1732 1695 1778 sed
1715 1749 1794 1779 ve·-

393 1806 488 1849 nire
503 1804 559 1850 ad
571 1822 729 1866 corpus
745 1805 815 1851 vel
830 1805 1094 1850 descendere
1107 1810 1197 1851 Deo
1214 1806 1417 1850 mittente
1430 1805 1594 1850 animas
1609 1804 1789 1864 dicunt3

394 1893 542 1922 rursus
558 1877 643 1922 hoc
659 1877 844 1937 impedit
860 1886 1014 1922 eorum
1030 1877 1306 1932 sententiam,
1325 1876 1447 1938 quod
1461 1877 1544 1921 ait:
1565 1896 1587 1920 «
1606 1875 1792 1922 Sortitus

398 1966 420 1990 »
455 1964 553 1993 sum
576 1949 767 1993 animam
790 1949 979 2006 bonam,
1007 1967 1028 1990 »
1061 1963 1162 1993 cum
1184 1948 1340 2008 procul
1362 1947 1499 1993 dubio
1528 1947 1599 1993 vel
1619 1963 1672 1992 ex
1700 1962 1793 1991 uno

395 2018 518 2068 fonte
542 2036 717 2065 manare
747 2019 941 2082 quodam
970 2021 1103 2065 modo
1126 2029 1338 2081 tanquam
1367 2020 1556 2077 rivulos,
1592 2019 1664 2066 vel
1698 2019 1793 2080 pari

395 2100 550 2136 natura
573 2092 665 2137 fieri
689 2092 851 2136 animas
872 2090 1075 2147 credant,
1101 2107 1208 2152 quas
1226 2094 1341 2136 Deus
1360 2091 1495 2136 mittit
1515 2091 1563 2136 in
1585 2106 1791 2148 corpora3

393 2179 485 2208 non
517 2172 663 2208 autem
699 2162 802 2208 alias
836 2163 997 2216 bonas,
1031 2162 1101 2209 vel
1129 2163 1266 2222 magis
1300 2163 1460 2219 bonas,
1495 2172 1541 2207 et
1569 2161 1673 2207 alias
1701 2177 1792 2206 non

397 2236 534 2281 bonas
556 2235 625 2280 vel
642 2235 785 2280 minus
799 2236 950 2280 bonas.
973 2234 1099 2280 Unde
1117 2235 1233 2280 enim
1247 2235 1376 2279 bonae
1398 2243 1473 2278 aut
1489 2234 1625 2292 magis
1642 2233 1788 2289 bonae,

397 2324 474 2353 seu
495 2324 585 2353 non
618 2308 746 2353 bonae
773 2317 848 2353 aut
870 2308 1013 2352 minus
1036 2307 1165 2352 bonae
1187 2307 1342 2352 animae
1357 2340 1368 2362 ,
1393 2305 1474 2350 nisi
1504 2304 1575 2350 vel
1596 2305 1792 2350 moribus

397 2378 641 2425 secundum
667 2379 857 2424 liberum
883 2378 1120 2424 voluntatis
1156 2377 1409 2432 arbitrium,
1447 2375 1516 2421 vel
1543 2374 1791 2420 differentia

400 2461 706 2513 temperaturae
737 2466 997 2512 corporum,
1038 2449 1146 2495 dum
1184 2449 1278 2495 aliae
1312 2448 1480 2508 magis,
1517 2447 1614 2493 aliae
1644 2447 1790 2492 minus

448 2555 458 2573 ¹
479 2551 574 2590 Rom,
588 2560 620 2592 v,
643 2558 693 2583 12.
709 2565 752 2573 —-
772 2556 784 2573 ²
803 2551 880 2592 Sap.
902 2559 970 2591 vm,
993 2558 1047 2590 19,
1066 2556 1120 2581 20.
