1854 3219
409 226 462 252 DE
494 225 644 252 GENESI
677 223 731 251 Ao
764 222 1100 261 LITTERAM,L113.
1138 224 1166 248 1.
1414 211 1494 249 167

113 290 316 352 quaedam
347 305 618 350 supergressa
650 304 825 334 omnem
857 289 1141 348 temporalem
1175 287 1494 332 volubilitatem

112 363 158 406 in
180 361 439 422 amplissima
469 360 695 405 sanctitate
727 359 808 403 sub
840 362 953 403 Deo:
979 358 1183 420 quaedam
1209 374 1313 403 vero
1336 374 1494 403 secun-

112 433 221 477 dum
242 433 309 477 sui
329 432 535 492 temporis
562 430 738 486 modOS,
763 430 872 474 dum
899 445 977 490 per
998 430 1292 474 decessionem
1321 446 1494 476 succes-

111 503 366 564 sionemque
391 517 538 547 rerum
558 501 819 548 saeculorum
837 500 1121 561 pulchritudo
1143 502 1402 546 contexitur.

109 648 674 666 mmmmm
962 647 1499 666 mmmmm

632 769 851 820 CAPUT
888 772 974 818 IX.

107 927 316 974 Rursum
349 925 410 973 de
437 926 675 973 versiculo
707 935 749 973 3.
794 927 967 974 Utrum
1000 931 1050 974 in
1078 938 1292 990 tempore
1313 928 1495 976 dictam

417 1000 506 1056 sit,
530 1000 628 1045 Fiat
646 999 741 1058 lux,
761 1015 829 1045 an
849 1001 952 1045 sine
976 1009 1204 1061 tempore.

161 1136 259 1180 XV.
271 1137 399 1189 Qnon
420 1151 523 1194 ergo
542 1134 651 1180 dixit
670 1138 785 1180 Deus
803 1155 812 1181 :
827 1154 847 1178 >³
860 1135 1061 1192 Fiatlux,
1082 1146 1126 1181 et
1142 1135 1258 1182 facta
1273 1147 1337 1182 est
1353 1137 1444 1195 lux,
1467 1151 1489 1180 n

103 1206 149 1251 in
171 1205 318 1267 aliquo
335 1206 406 1251 die
427 1205 550 1262 dixit,
577 1223 632 1251 an
657 1216 758 1252 ante
779 1223 955 1252 omnem
977 1207 1124 1252 diem?
1148 1209 1191 1254 Si
1213 1209 1329 1253 enim
1345 1211 1494 1255 Verbo

101 1277 183 1322 sibi
211 1286 428 1322 coaeterno
460 1277 589 1333 dixit,
614 1278 699 1322 hoc
731 1278 886 1339 utique
923 1278 1270 1339 intemporaliter
1297 1280 1431 1326 dixit:
1456 1282 1492 1326 si

100 1363 203 1392 vero
226 1347 523 1408 temporaliter
545 1348 667 1404 dixit,
692 1365 782 1393 non
800 1349 947 1394 Verbo
969 1349 1053 1393 sihi
1075 1360 1309 1407 coaeterno,
1326 1350 1398 1396 sed
1411 1368 1492 1412 -per

101 1417 290 1480 aliquam
309 1418 417 1462 dixit
433 1429 677 1463 creaturam
700 1420 1001 1480 temporalem,
1027 1437 1076 1466 ac
1097 1437 1174 1481 per
1192 1423 1277 1467 hoc
1300 1438 1391 1467 non
1409 1425 1490 1469 erit

99 1491 238 1552 prima
258 1499 456 1535 creatura
473 1490 570 1546 lux,
591 1490 692 1551 quia
711 1492 801 1552 jam
825 1501 917 1536 erat
937 1507 1015 1551 per
1037 1509 1171 1553 quam
1192 1494 1490 1554 temporaliter

99 1562 331 1619 diceretur,
361 1582 382 1605 «
417 1563 515 1608 Fiat
543 1562 633 1607 lux.
674 1581 694 1604 »
730 1567 875 1624 Atque
903 1562 1014 1608 illud
1036 1574 1136 1609 ante
1167 1581 1341 1610 omnem
1372 1568 1489 1613 diem

98 1632 247 1679 fecisse
277 1633 556 1693 intelligitur,
582 1633 704 1695 quod
726 1633 892 1679 dictum
910 1645 995 1691 est,
1021 1655 1041 1678 «
1068 1639 1120 1680 In
1148 1637 1362 1697 principio
1384 1637 1489 1684 fecit

43 1761 48 1763 λ
99 1722 121 1746 n
156 1708 271 1750 Deus
290 1704 453 1749 coelum
473 1713 521 1749 e·t
536 1714 720 1750 terram:
760 1724 780 1746 »
818 1715 868 1750 ut
885 1705 988 1750 coeli
1009 1707 1188 1752 nomine
1214 1708 1485 1769 intelligatur

96 1775 299 1835 spiritalis
317 1777 408 1836 jam
431 1774 544 1820 facta
566 1785 609 1820 et
631 1775 816 1820 formata
839 1787 1058 1834 creatura,
1086 1787 1298 1839 tanquam
1320 1780 1484 1825 coelum

96 1847 198 1892 coeli
219 1848 371 1908 hujus,
398 1847 520 1908 quod
549 1848 596 1891 in
628 1849 885 1908 corporibus
917 1865 1137 1894 summum
1170 1860 1248 1895 est.
1284 1852 1485 1898 Secundo

96 1918 213 1961 enim
246 1916 316 1962 die
347 1916 512 1962 factum
542 1928 607 1962 est
639 1919 965 1967 firmamentum
996 1920 1117 1981 quod
1148 1937 1295 1966 rursus
1321 1922 1482 1967 coelum

96 1987 344 2048 appellavit.
379 1992 522 2033 Terrae
551 1998 698 2033 autem
726 1990 903 2034 nomine
933 1990 1156 2035 invisibilis
1189 2001 1234 2036 et
1254 1992 1484 2054 incompo-

94 2060 208 2115 sitae,
241 2076 290 2105 ac
321 2061 550 2105 tenebrosa
582 2061 763 2119 abysso,
794 2060 1068 2121 imperfectio
1108 2063 1342 2123 corporalis
1379 2065 1486 2109 sub-

93 2131 262 2176 stantiae
288 2132 527 2191 significata
548 2141 628 2188 est,
653 2131 772 2177 unde
795 2133 1049 2194 temporalia
1073 2134 1149 2179 illa
1170 2135 1346 2193 fierent,
1365 2153 1480 2198 quo-

94 2218 191 2247 rum
208 2204 346 2263 prima
366 2213 478 2248 esset
492 2203 584 2248 lux.

151 2276 272 2318 XVI.
299 2274 532 2328 Quomodo
555 2285 701 2320 autem
717 2291 794 2336 per
813 2286 1054 2322 creaturam
1068 2313 1078 2333 ,
1104 2293 1238 2340 quam
1253 2277 1360 2324 fecit
1381 2287 1481 2325 ante

93 2354 287 2404 tempora
301 2381 312 2401 ,
332 2345 419 2390 dici
446 2347 593 2406 potuit
614 2347 933 2407 temporaliter,
958 2366 978 2389 »
1001 2349 1098 2393 Fiat
1118 2349 1214 2405 lux,
1246 2370 1263 2392 »
1285 2351 1483 2397 invenire

93 2414 269 2459 difficile
299 2425 376 2460 est.
413 2419 528 2462 Sono
557 2418 672 2461 enim
703 2418 819 2462 vocis
850 2435 940 2463 non
969 2419 1254 2480 intelligimus
1282 2420 1476 2466 dictum:

92 2501 194 2530 nam
216 2486 433 2547 quidquid
454 2487 540 2532 tale
562 2497 648 2543 est,
673 2505 930 2549 corporeum
955 2499 1032 2534 est.
1060 2495 1129 2535 An
1147 2508 1199 2535 ex
1219 2491 1292 2536 illa
1315 2492 1478 2552 imper-

93 2556 283 2602 fectione
306 2558 558 2603 substantioe
593 2559 828 2618 corporalis
859 2559 960 2604 fecit
988 2561 1177 2621 aliquam
1206 2578 1357 2606 vocem
1381 2579 1477 2607 cor-
1522 2594 1546 2622 ἓ
