1854 3219
362 217 416 243 DE
447 215 598 244 anunm
630 212 686 242 AD
719 214 958 254 erriznAM,
993 218 1076 244 Lus.
1113 217 1174 244 1x,
1364 204 1450 245 459

68 280 246 337 taverit‚
272 281 417 326 omnia
446 281 563 340 cogit
591 289 747 325 nutare
780 296 879 341 quae
913 281 1152 337 credimus,
1186 281 1403 342 longeque
1426 298 1450 327 a

67 350 262 396 fidelium
281 352 500 396 mentibus
514 350 789 411 repellendus
811 361 888 397 est.
909 354 1021 397 Cum
1039 368 1142 412 ergo
1163 353 1374 413 quaeritur
1396 352 1453 398 ad

67 422 189 483 quod
221 422 486 483 adjutorium
519 421 659 468 factus
688 423 742 467 sit
775 421 849 467 ille
887 439 1011 468 sexus
1050 423 1165 479 viro,
1202 423 1450 483 diligenter,

37 551 41 553 ‚
66 504 282 555 quantum
296 493 442 550 valeo,
467 503 625 540 cuncta
647 494 955 551 consideranti,
980 495 1154 540 nonnisi
1171 510 1299 540 causa
1319 495 1454 555 prolis

67 567 254 611 occurrit
270 601 281 622 ‚
301 575 353 611 ut
373 582 451 626 per
467 582 620 612 eorum
635 566 814 626 stirpem
831 575 944 611 terra
965 567 1236 627 impleretur,
1267 567 1342 611 sed
1363 583 1454 612 non

67 652 118 682 eo
145 637 278 681 modo
309 646 601 698 procreatam,
637 652 726 698 quo
760 652 880 681 nunc
912 646 1198 697 procreantur
1224 638 1453 694 homines,
1517 677 1528 684 .

66 724 168 754 cum
187 708 300 753 inest
320 709 487 768 peccati
507 708 577 754 lex
593 709 644 753 -in
665 708 868 753 membris
886 724 1133 768 repugnans
1146 708 1233 768 legi
1249 709 1406 753 mentis
1419 711 1452 765 ¹,

66 779 232 823 etiamsi
248 795 325 839 per
347 782 425 825 Dei
449 781 630 838 gratiam
652 780 813 824 virtute
839 788 1068 839 superatur
1089 798 1098 824 :
1124 779 1209 824 hoc
1228 779 1344 824 enim
1366 794 1457 824 esse

65 865 156 895 non
175 853 367 911 potuisse
387 850 658 896 credendum
673 859 759 906 est,
783 849 866 894 nisi
877 848 924 894 in
942 865 1123 909 corpore
1140 850 1290 895 mortis
1307 851 1454 911 hujus,

65 921 188 981 quod
219 937 376 982 corpus
407 930 634 966 mortuum
665 930 729 965 est
754 929 934 980 propter
960 924 1229 980 peccatum2.
1264 924 1321 965 Et
1347 920 1457 981 quid

64 992 146 1037 hac
168 1007 300 1052 poena
317 992 476 1053 justius
491 1027 503 1048 ‚
525 1007 659 1053 quam
676 1001 726 1036 ut
742 1007 834 1036 non
855 991 912 1036 ad
933 1007 1108 1036 omnem
1127 1001 1286 1036 nutum
1300 992 1458 1036 serviat

65 1078 245 1123 corpus,
282 1064 328 1108 id
356 1071 435 1118 cst,
471 1078 574 1107 suus
603 1060 794 1106 famulus
824 1063 1002 1118 animae,
1028 1062 1139 1107 sicut
1167 1062 1354 1107 Domino
1377 1078 1456 1107 suo

66 1132 323 1178 detrectavit
360 1133 451 1193 ipsa
488 1132 673 1190 servire3
711 1133 798 1177 sive
838 1142 1076 1193 utrumque
1113 1149 1164 1177 ex
1201 1133 1456 1192 parentibus

66 1213 182 1248 creet
215 1208 352 1259 Deus,
382 1220 538 1264 corpus
567 1220 619 1248 ex
645 1220 846 1264 corpore,
878 1205 1063 1248 animam
1094 1221 1147 1248 ex
1175 1205 1343 1261 anima3
1368 1206 1456 1249 sive

66 1275 149 1320 alio
166 1276 300 1320 modo
316 1275 447 1320 faciat
463 1276 650 1320 animas:
675 1292 765 1320 non
785 1276 939 1336 utique
962 1275 1017 1320 ad
1038 1291 1147 1335 opus
1163 1275 1451 1335 impossibile,

66 1361 147 1391 nec
168 1347 367 1390 mercede
389 1362 546 1406 parva,
579 1355 629 1390 ut
659 1362 761 1391 cum
797 1346 941 1390 anima
971 1347 1131 1406 pietate
1162 1350 1252 1391 Deo
1281 1347 1456 1403 subdita

0 1422 1 1431 ¹
65 1417 206 1476 legem
226 1418 353 1462 istam
374 1418 564 1477 peccati,
589 1433 689 1478 quae
712 1427 775 1462 est
790 1418 835 1462 in
857 1418 1062 1462 membris
1085 1418 1276 1478 corporis
1303 1419 1455 1463 mortis

65 1488 219 1548 hujus,
242 1503 375 1548 quam
395 1487 561 1548 primus
582 1489 716 1533 homo
735 1489 900 1548 accepit
914 1488 959 1531 in
976 1504 1177 1548 poenam,
1192 1489 1342 1534 vicerit
1362 1490 1453 1548 ipsa

0 1585 1 1623 3
66 1574 144 1619 per
167 1559 347 1618 gratiam
363 1595 374 1615 ,
401 1559 633 1619 praemium
661 1558 837 1604 coeleste
864 1560 1076 1619 percipiat
1105 1562 1267 1621 majore
1286 1559 1421 1619 gloria
1438 1595 1450 1615 ‚

0 1641 1 1645 ’
63 1629 363 1674 demonstrans
403 1639 568 1691 quanta
611 1630 666 1674 sit
704 1630 798 1674 laus
832 1629 1094 1675 obedientiae
1108 1666 1124 1687 ,
1159 1646 1259 1692 quae
1302 1630 1454 1675 alienae

0 1717 1 1748 3
65 1700 373 1746 inobedientiae
393 1716 572 1761 poenam
596 1701 740 1761 potuit
755 1701 917 1747 virtute
934 1716 1152 1762 superare.

65 1861 107 1878 Μ
112 1859 1455 1877 ummmwwvwwvnmwmwwmnmmmmmmmmmmwummm

576 1967 791 2018 CAPUT
826 1969 942 2017 XII.

68 2113 326 2164 Animalia
339 2130 450 2160 vere
468 2112 685 2160 adducta
707 2130 807 2160 esse
824 2113 896 2160 ad
909 2114 1077 2161 Adam
1088 2151 1099 2173 ,
1122 2125 1172 2161 ut
1186 2116 1244 2161 iis
1255 2117 1453 2162 nomina

162 2189 425 2249 imponeret
444 2207 454 2233 :
479 2185 570 2233 sed
590 2185 685 2233 hac
708 2204 759 2233 re
776 2197 917 2251 gesta
933 2186 1124 2247 aliquid
1122 2190 1356 2252 figurari.

126 2326 227 2370 XX.
247 2326 330 2370 SED
342 2323 550 2386 quoniar‘n
563 2325 635 2370 cui
647 2323 861 2386 adjutorio
875 2324 1056 2371 foemina
1068 2324 1182 2371 facta
1197 2326 1252 2371 sit
1266 2327 1376 2382 viro⁷
1391 2341 1452 2371 sa-

67 2396 136 2453 tis,
150 2405 367 2457 quantum
381 2396 592 2452 existimo,
603 2396 862 2457 requisitum
875 2406 961 2454 est3
978 2396 1090 2441 illud
1101 2398 1194 2458 jam
1210 2396 1451 2453 videamus,

70 2482 205 2528 quare
220 2466 275 2512 sit
286 2464 467 2523 factum,
484 2466 606 2528 quod
627 2466 827 2514 adductae
841 2478 944 2515 sunt
959 2467 1015 2516 ad
1031 2468 1172 2515 Adam
1189 2483 1338 2515 omnes
1354 2467 1454 2513 bes-

120 2569 130 2586 ¹
152 2566 242 2597 Rom.
264 2573 320 2606 vn,
336 2563 390 2596 23.
406 2580 448 2586 -—-
467 2563 542 2596 21d.
565 2574 637 2606 vm,
659 2574 710 2597 10.
