1854 3219
404 151 487 190 496
806 160 840 189 s.
876 160 1108 190 Aucusnm
1142 163 1323 191 El‘iscom

403 237 541 273 morte
565 227 807 287 praeveniri.
836 228 1067 273 Occultum
1096 229 1245 289 itaque
1272 237 1360 283 est,
1392 237 1523 288 atque
1553 227 1606 272 ab
1637 228 1794 272 huma-

401 316 484 355 no,
517 299 585 343 vel
618 308 734 344 certe
763 299 818 343 ab
847 300 1018 357 ingenio
1057 316 1153 346 meo
1194 300 1554 355 remotissimum,
1584 315 1662 344 eur
1695 316 1795 344 nas-

402 380 525 415 catur
558 369 716 425 infans,
754 370 823 414 vel
851 371 1061 417 continuo
1090 371 1159 417 vel
1186 373 1273 417 cito
1302 371 1540 416 moriturus
1565 390 1573 415 :
1609 371 1685 415 sed
1712 372 1796 416 hoc

401 442 460 485 ita
494 439 718 485 occultum
744 450 835 496 est,
871 450 920 485 ut
942 452 1119 487 neutros
1153 442 1352 503 adjuvet,
1385 442 1440 486 de
1465 457 1652 503 quorum
1680 457 1798 486 nunc

402 512 626 556 sententiis
655 512 963 572 disceptamus.
991 513 1070 558 Illa
1093 514 1208 558 enim
1238 512 1411 573 explosa
1444 512 1674 573 opinione,
1713 528 1800 574 qua

404 593 617 644 putantur
639 584 794 628 animse
818 599 896 644 pro
920 594 1130 630 anteactae
1152 585 1252 629 vitae
1274 584 1438 628 meritis
1457 584 1500 628 in
1523 599 1703 644 corpora
1728 582 1800 628 de-

406 655 537 710 trudi,
564 665 613 699 ut
636 671 685 700 ea
708 655 833 700 citius
848 655 955 700 solvi
972 656 1180 700 meruisse
1196 654 1412 712 videatur,
1438 671 1537 716 quae
1560 671 1649 700 non
1664 655 1801 699 multa

403 736 682 786 peccaverat,
723 742 777 770 ne
805 727 1154 772 contradicamus
1189 726 1421 786 Apostolo,
1458 726 1568 771 nihil
1601 724 1800 770 nondum

403 807 528 842 natos
558 798 664 842 boni
698 797 767 842 vel
802 798 904 842 mali
933 799 1067 857 egisse
1093 798 1323 856 testanti13
1348 814 1429 842 nec
1457 797 1520 842 illi
1549 797 1624 858 qui
1647 797 1802 841 animae

411 868 632 913 traducem
661 869 880 913 assirmant
898 905 908 925 ,
934 878 1116 928 possunt
1139 885 1218 929 pro
1247 884 1291 913 se
1314 867 1562 924 ostendere,
1588 885 1665 912 cur
1692 868 1801 913 alio-

404 954 500 982 rum
535 955 649 983 mors
687 938 967 994 acceleretur,
996 938 1240 984 retardetur
1276 939 1482 995 aliorum,
1514 955 1594 983 nec
1623 939 1699 999 qui
1732 955 1802 984 eas

404 1011 499 1055 dari
522 1027 655 1055 novas
668 1011 823 1055 volunt
839 1010 1018 1069 singulis
1036 1010 1240 1069 Singulas.
1261 1010 1444 1056 Occulta
1462 1001 1662 1070 ergo'ista
1675 1026 1802 1054 eausa

405 1091 484 1137 est‚
503 1091 547 1126 ct
561 1082 757 1143 utrisque
772 1082 949 1142 pariter,
963 1091 1181 1143 quantum
1195 1082 1406 1138 existimo,
1419 1098 1499 1127 nec
1515 1083 1797 1142 sull'ragatur‚

406 1168 487 1198 nec
512 1152 780 1198 adversatur.

409 1288 510 1305 νινινι
517 1289 583 1305 tux
590 1289 727 1306 umwvt
733 1289 870 1306 νννινννι
877 1289 1014 1306 manvu
1020 1288 1228 1306 mmwwtm
1234 1288 1515 1307 mmmmm
1521 1286 1803 1306 x'vwvvvwnwww

912 1389 1131 1439 CAPUT
1177 1391 1290 1438 XVI
1301 1427 1310 1437 .

813 1512 890 1557 De
906 1512 1073 1558 eodem
1096 1523 1397 1575 argumento.

466 1637 677 1679 XXVIII.
706 1638 902 1680 Pnom-DE
921 1637 996 1696 qui
1020 1636 1073 1680 de
1095 1635 1331 1681 infantium
1353 1637 1568 1682 mortibus
1590 1638 1807 1696 urgeban-

411 1715 495 1760 tur,
516 1722 594 1749 cur
619 1706 823 1751 omnibus
844 1706 898 1751 sit
921 1707 1207 1751 necessarium
1231 1708 1436 1767 baptismi
1459 1718 1776 1753 sacramentum
1794 1744 1805 1764 ‚

408 1793 599 1837 quorum
621 1777 778 1821 animae
797 1794 885 1823 non
903 1794 953 1822 ex
972 1777 1045 1822 illa
1067 1778 1212 1823 ductae
1234 1788 1351 1834 sunt,
1371 1781 1493 1840 cujus
1514 1779 1809 1824 inobedientia

409 1858 657 1908 peccatores
691 1850 917 1894 constituti
946 1859 1049 1894 sunt
1070 1849 1246 1906 multi²‚
1273 1866 1374 1895 cum
1407 1850 1674 1911 respondent
1706 1846 1809 1912 pee-

409 1930 578 1966 catores
610 1921 790 1983 quidcm
819 1937 968 1967 omnes
994 1922 1219 1967 constituti
1252 1922 1495 1967 secundum
1518 1938 1720 1979 carnem,
1743 1938 1817 1968 se-.

409 1992 607 2037 cundum
638 1992 827 2037 animam
856 2009 956 2037 vero
991 1993 1164 2037 nonnisi
1189 2009 1260 2039 eos
1294 1994 1370 2055 qui
1405 2010 1456 2039 eo
1482 2004 1676 2055 tempore
1697 1993 1811 2040 male

408 2064 636 2120 vixerunt,
663 2080 752 2125 quo
776 2073 819 2108 et
844 2065 956 2109 bene
980 2065 1252 2124 potuissent3
1276 2081 1426 2110 omnes
1449 2075 1595 2111 autem
1618 2066 1781 2110 animas
1796 2101 1808 2122 ,

410 2135 493 2179 hoc
525 2145 614 2191 est,
643 2144 686 2180 et
708 2133 952 2191 infantum⁷
984 2135 1083 2180 ideo
1111 2136 1273 2181 habere
1295 2138 1585 2182 necessarium
1606 2137 1811 2197 baptismi

409 2216 729 2251 sacramentum
747 2242 758 2262 ‚
785 2206 879 2251 sine
918 2223 1007 2267 quo
1030 2223 1080 2251 ex
1115 2207 1197 2251 hae
1217 2208 1303 2253 vita
1338 2208 1467 2252 etiam
1498 2208 1543 2252 in
1571 2207 1646 2252 illa
1682 2217 1812 2252 aetate

411 2278 620 2336 emigrare
644 2293 735 2322 non
754 2277 945 2337 expedit,
967 2278 1069 2338 quia
1092 2278 1297 2338 contagio
1319 2278 1486 2339 peceati
1504 2294 1554 2322 ex
1571 2294 1699 2324 carne
1715 2294 1812 2339 pec-

410 2348 521 2404 eati,
556 2364 644 2409 qua
678 2348 882 2392 obruitur
916 2349 1076 2404 anima,
1113 2365 1214 2394 cum
1246 2349 1311 2394 his
1341 2350 1546 2394 inseritur
1576 2350 1811 2406 membris,

409 2419 550 2464 oberit
572 2419 610 2463 ei
633 2428 732 2479 post
753 2429 939 2465 mortem
955 2455 966 2475 ‚
987 2420 1066 2465 nisi
1091 2436 1192 2465 cum
1212 2419 1357 2465 adhuc
1374 2420 1420 2466 in
1445 2420 1537 2482 ipsa
1554 2436 1684 2466 earne
1717 2429 1782 2466 est
1797 2456 1809 2477 ‚

457 2524 465 2542 ¹
489 2519 580 2550 Rom.
597 2528 642 2560 ix,
661 2529 711 2550 11.
733 2535 774 2540 —
799 2518 880 2550 21d.
902 2529 935 2560 v,
954 2529 1003 2560 19.
