1854 3219
429 195 511 234 244
862 209 895 233 s.
933 206 1163 235 Atens'mm
1197 207 1378 235 Episcopi

428 292 448 315 »
486 276 542 317 Et
567 271 671 316 fecit
702 274 816 315 Deus
848 272 1068 317 hominem
1085 309 1096 329 ‚
1122 272 1177 318 ad
1205 274 1439 333 imaginem
1462 274 1537 317 Dei
1560 272 1663 318 feeit
1684 288 1810 320 eum:

424 364 444 386 »
480 343 721 388 masculum
743 352 786 387 et
808 343 1031 388 foeminam
1050 345 1154 390 feeit
1176 362 1262 391 eos.
1291 349 1347 390 Et
1364 344 1587 389 benedixit
1607 361 1679 390 eos
1699 348 1814 391 Deus

421 433 443 457 »
478 415 625 460 dicens
649 434 657 459 ε
683 415 872 460 Crescite
894 424 937 460 et
958 415 1335 477 multiplicamini,
1362 426 1405 461 et
1427 416 1604 476 implete
1628 425 1810 473 terram,

420 505 441 529 »
477 496 520 530 et
539 486 826 531 dominamini
850 487 941 547 ejus
956 523 966 543 ‚
993 497 1036 532 et
1058 488 1366 548 principamini
1390 487 1573 548 piscium
1595 488 1745 544 maris,
1771 497 1816 534 et

417 575 440 601 n
476 557 721 603 volatilium
743 556 843 602 coeli
858 593 868 613 ,
887 567 930 603 et
952 559 1147 603 omnium
1172 574 1380 619 pecorum
1398 593 1409 614 ‚
1436 567 1480 603 et
1497 559 1637 603 omnis
1658 568 1809 616 terrae,

418 648 439 673 >›
475 640 518 676 et
540 631 735 675 omnium
754 630 974 690 reptilium
998 632 1243 692 repentium
1266 647 1396 691 super
1423 640 1598 675 terram.
1624 634 1682 675 Et
1704 631 1812 676 dixit

416 720 438 745 »
474 705 615 747 Deus:
640 705 753 747 Ecce
776 702 878 747 dedi
899 703 1022 748 vobis
1044 719 1172 749 omne
1194 703 1409 763 pabulum
1432 702 1661 759 seminale,
1687 704 1811 748 semi-

415 792 435 816 »
471 790 579 818 nans
610 789 757 817 semen
779 774 900 834 quod
924 784 1137 834 estsuper
1167 789 1342 819 omnem
1375 783 1561 830 terram,
1599 783 1643 818 et
1677 790 1807 819 omne

409 863 433 888 1)
469 845 639 905 lignum
665 845 785 906 quod
818 845 952 890 habet
979 846 1024 890 in
1055 862 1099 891 se
1130 844 1324 891 fructum
1362 845 1535 890 seminis
1562 845 1802 902 seminalis,

410 934 434 960 1)
469 916 595 962 vobis
616 917 696 961 erit
724 916 779 961 ad
808 932 970 973 escam,
998 926 1041 962 et
1062 917 1267 962 omnibus
1298 917 1445 961 bestiis
1467 925 1617 972 terrae,
1644 926 1687 961 et
1708 932 1805 962 om-

411 1007 431 1031 »
467 988 596 1033 nibus
623 987 877 1033 volatilibus
909 988 1040 1040 coeli,
1075 998 1118 1033 et
1150 989 1270 1033 omni
1303 987 1448 1049 reptili
1476 988 1645 1048 repenti
1676 1003 1806 1048 super

409 1077 431 1103 >›
468 1070 648 1116 terram,
675 1058 796 1120 quod
818 1059 953 1104 habet
974 1060 1019 1104 in
1041 1076 1085 1105 se
1111 1060 1310 1120 spiritum
1338 1060 1461 1115 vitae,
1494 1069 1538 1104 et
1564 1074 1693 1104 omne
1724 1076 1805 1120 pa-

408 1149 431 1174 »
467 1131 625 1175 bulum
647 1129 785 1176 viride
807 1129 853 1174 in
868 1146 1024 1175 escam.
1042 1134 1099 1176 Et
1121 1130 1286 1176 sactum
1309 1140 1373 1176 est
1395 1130 1469 1175 sie.
1492 1133 1548 1175 Et
1564 1130 1674 1176 vidit
1692 1135 1806 1176 Deus

408 1220 430 1245 >›
465 1203 610 1247 omnia
632 1218 732 1263 quae
756 1200 858 1246 feeit
874 1237 884 1257 ‚
912 1211 955 1246 et
977 1217 1075 1246 eccc
1097 1201 1214 1246 bona
1236 1200 1378 1247 valde.
1404 1204 1462 1246 Et
1484 1199 1598 1246 saeta
1621 1211 1684 1247 est
1705 1218 1804 1247 ves-

407 1294 428 1318 »
464 1291 593 1335 pera,
627 1283 670 1318 et
692 1273 859 1318 sactum
895 1283 958 1317 est
987 1289 1114 1317 mane
1137 1273 1228 1318 dies
1257 1283 1415 1318 sextus.
1447 1291 1467 1315 »
1505 1274 1649 1318 Etiam
1673 1283 1804 1335 atquc

405 1346 537 1391 ctiam
561 1344 788 1389 denatura
811 1343 1000 1388 hominis
1023 1354 1121 1404 post
1140 1344 1220 1388 erit
1242 1344 1420 1389 uberior
1440 1343 1745 1389 considerandi
1761 1355 1805 1390 et

405 1415 657 1476 diligentius
687 1414 924 1460 disserendi
959 1415 1096 1460 locus.
1133 1418 1259 1461 Nunc
1297 1425 1444 1459 tamen
1476 1425 1526 1460 ut
1562 1431 1692 1476 opera
1732 1431 1803 1460 sex

402 1490 574 1534 dierum
606 1498 751 1534 nostra
776 1487 996 1548 inquisitio
1020 1488 1389 1548 pertractatioque
1424 1487 1684 1543 concludat,
1718 1488 1802 1533 hoe

399 1562 591 1622 primum
615 1560 804 1604 breviter
818 1558 1003 1603 dicimus
1017 1561 1046 1614 ¹,
1065 1575 1154 1604 non
1172 1558 1478 1603 indifferenter
1495 1559 1800 1619 accipiendum

400 1631 523 1692 quod
547 1631 592 1675 in
616 1630 707 1675 aliis
729 1629 934 1690 operibus
956 1629 1115 1674 dicitur
1145 1650 1152 1674 :
1185 1649 1204 1671 «
1230 1630 1345 1674 Dixit
1367 1633 1507 1674 Dens:
1536 1630 1659 1687 Fiat3
1688 1649 1707 1671 >›
1731 1630 1801 1675 hic

400 1713 572 1757 autem,
603 1722 622 1743 «
644 1701 758 1745 Dixit
781 1704 920 1745 Deus:
949 1701 1177 1745 Faciamus
1201 1701 1424 1745 hominem
1440 1701 1494 1745 ad
1511 1701 1743 1759 imaginem
1758 1711 1802 1747 et
1850 1747 1852 1755 k

402 1793 422 1816 ))
459 1772 790 1818 similitudinem
820 1780 1044 1815 nostram:
1078 1792 1095 1813 »
1123 1772 1179 1815 ad
1200 1772 1507 1816 insinuandam
1533 1772 1716 1828 scilieet,
1750 1781 1800 1817 ut
1848 1825 1851 1833 Δ

396 1846 455 1890 ita
478 1845 620 1889 dicam
639 1879 649 1899 7
684 1842 982 1903 pluralitatem
1011 1858 1293 1903 personarum
1323 1853 1501 1903 propter
1530 1847 1724 1898 Patrem,
1755 1853 1797 1888 et

398 1915 559 1960 Filium
578 1951 588 1971 7
614 1924 658 1958 et
678 1914 888 1973 Spiritum
911 1923 1125 1959 sanetum.
1164 1918 1307 1968 Quam
1327 1924 1474 1958 tamen
1497 1915 1675 1958 Deitatis
1700 1915 1796 1958 uni-

399 1997 534 2031 tatem
561 1984 890 2043 intelligendam
928 1985 1073 2028 statim
1109 1984 1316 2029 admonet
1349 1985 1521 2029 dicens:
1559 2005 1578 2027 «
1609 1988 1666 2029 Et
1695 1984 1797 2030 feeit

404 2078 423 2100 »
460 2057 814 2102 Deusliominem
838 2055 892 2100 ad
916 2056 1147 2114 imaginem
1162 2057 1266 2114 Dei3
1291 2075 1310 2098 »
1337 2072 1426 2101 11011
1448 2056 1569 2117 quasi
1592 2060 1719 2101 Pater
1741 2057 1795 2102 ad

396 2129 631 2187 imaginem
653 2126 778 2182 Filii,
813 2136 889 2171 aut
911 2126 1047 2171 Filius
1077 2126 1132 2170 ad
1153 2127 1385 2185 imaginem
1409 2128 1573 2186 Patris3
1600 2128 1794 2189 alioquin
1844 2166 1846 2186 ἶ

396 2217 487 2246 11011
514 2217 614 2245 vere
646 2200 815 2244 dictum
847 2208 934 2243 est:
971 2218 991 2241 (ε
1012 2198 1081 2243 Ad
1109 2198 1341 2257 imaginem
1373 2208 1565 2244 nostram
1584 2236 1594 2256 ,
1623 2218 1643 2242 »
1673 2200 1708 2244 si
1738 2199 1793 2244 ad

399 2272 536 2316 Patris
558 2270 689 2316 solius
704 2306 714 2326 ,
740 2279 815 2314 aut
838 2269 935 2314 Filii
965 2269 1096 2314 solius
1119 2270 1352 2328 imaginem
1377 2268 1517 2314 faetus
1542 2280 1605 2315 est
1627 2271 1789 2330 hom03
1841 2303 1844 2307 «

394 2342 546 2388 sedita
569 2342 733 2386 dictum
758 2350 851 2385 est:
883 2360 902 2382 «
930 2340 1052 2385 Fecit
1080 2343 1194 2385 Deus
1222 2340 1276 2384 ad
1306 2341 1540 2399 imaginem
1570 2341 1673 2399 Dei3
1698 2351 1792 2386 tan-

393 2430 526 2476 quam
551 2413 792 2469 dicerctur3
822 2432 842 2455 «
862 2412 984 2457 Fecit
1001 2415 1116 2456 Deus
1135 2411 1191 2456 ad
1212 2412 1445 2470 imaginem
1471 2428 1608 2457 suam.
1632 2432 1649 2453 »
1676 2415 1789 2458 Cum
1840 2444 1854 2457 „

393 2495 540 2532 autem
562 2501 680 2530 nune
702 2484 885 2529 dicitur:
909 2503 929 2526 «
955 2483 1277 2548 Ajjmagincm
1299 2484 1396 2540 Dei,
1421 2502 1441 2526 »
1468 2500 1569 2529 eum
1590 2484 1788 2545 superius
1838 2516 1854 2559 ,3

440 2578 450 2595 ¹
476 2583 489 2605 1
514 2572 602 2605 Sent.
619 2571 691 2604 dist.
711 2581 749 2612 11,
767 2581 835 2614 cap.
851 2570 1110 2612 P›·0p0namus,-
1130 2572 1164 2602 et
1180 2577 1199 2602 2
1218 2570 1308 2602 Sent.
1329 2568 1403 2601 dist.
1428 2579 1495 2611 xvi,
1515 2580 1588 2612 cap.
1613 2580 1643 2601 1.
