1854 3219
321 185 377 212 DE
408 186 560 213 GENESI
591 182 647 212 An
677 182 926 225 erTERAM,
960 188 1044 215 Lm.
1080 189 1177 215 v111.
1356 177 1443 216 415

53 249 232 294 nomina
267 251 360 311 ipsa
399 251 670 310 significent,
710 266 812 295 cum
848 260 893 295 et
927 252 1176 311 regionibus
1216 266 1296 313 per
1336 269 1444 315 quas

54 320 227 379 fluunt,
263 322 484 368 notissima
516 322 628 379 sint,
663 331 708 367 et
735 323 940 369 omnibus
961 324 1053 370 fere
1075 326 1278 386 gentibus
1315 324 1445 372 diffa-

53 395 202 438 mata?
229 393 437 448 Quinimo
465 410 518 439 ex
533 393 616 450 his,
637 393 846 455 quoniam
861 406 1031 442 constat
1051 412 1100 441 ea
1121 413 1297 457 prorsus
1319 399 1411 442 esse‘
1429 419 1442 456 3

52 465 179 523 (nam
199 464 373 510 duobus
393 481 546 511 eorum
573 466 755 511 nomina
780 475 972 512 vetustas
993 468 1202 524 mutavit,
1227 469 1336 513 sicut
1372 469 1445 513 Ti-

51 534 166 580 beris
199 535 358 582 dicitur
379 536 562 594 fluvius,
589 536 667 598 qui
690 537 810 597 prius
840 536 1001 584 Albula
1028 539 1295 599 vocabatur,
1321 540 1446 585 Geon

50 607 215 667 quippe
245 607 337 668 ipse
365 618 457 665 est,
491 608 569 669 qui
590 623 710 653 nunc
748 608 909 653 dicitur
928 608 1078 669 Nilus,
1113 610 1275 655 Phison
1296 620 1444 655 autem

49 676 124 722 ille
159 678 404 737 dicebatur,
440 695 575 741 quem
596 695 715 725 nunc
737 680 919 739 Gangen
941 681 1190 742 appellant,
1231 681 1320 727 duo
1339 697 1444 727 vero

50 757 207 794 caetera
232 748 370 810 Tigris
392 760 436 796 et
456 751 703 811 Euphrates
723 750 901 812 antiqua
927 752 1057 796 etiam
1085 752 1263 798 nomina
1285 762 1442 797 tenue-

51 823 184 879 runt)
210 837 289 867 nos
322 821 546 868 admoneri
572 831 744 883 oportet
769 832 924 867 caetera
958 839 1136 884 quoque
1163 825 1365 885 primitus
1387 824 1444 869 ad

49 891 361 952 proprietatem
381 892 538 937 litterae
561 894 779 954 accipere,
804 909 894 938 non
917 894 962 937 in
984 895 1043 939 eis
1066 896 1298 954 figuratam
1316 895 1443 940 locu-

48 960 214 1007 tionem
230 972 385 1024 putare
399 999 411 1020 ,
437 962 514 1009 sed
534 980 602 1010 res
618 965 730 1025 ipsas
747 981 848 1026 quae
869 965 929 1010 ita
943 976 1177 1011 narrantur
1199 977 1242 1012 et
1259 983 1349 1011 esse
1365 1003 1376 1023 ,
1399 977 1444 1011 et

42 1031 208 1094 aliquid
229 1035 361 1080 etiam
386 1036 589 1094 figurare.
611 1039 710 1082 Non
734 1038 838 1098 quia
858 1053 950 1082 non
972 1048 1118 1098 posset
1140 1038 1350 1098 parabola
1371 1037 1441 1083 lo-

43 1104 229 1150 cutionis
250 1121 468 1152 assumere
489 1106 658 1168 aliquid
680 1107 735 1152 de
765 1123 811 1151 re
828 1143 840 1164 ‚
865 1124 1000 1167 quam
1022 1124 1113 1154 non
1129 1109 1303 1169 proprie
1329 1125 1441 1169 quo-

39 1190 128 1236 que
157 1192 248 1222 esse
275 1187 518 1234 constaret,
555 1179 667 1223 sicut
699 1177 754 1223 de
775 1178 852 1223 illo
874 1179 1086 1224 Dominus
1123 1181 1336 1240 sequitur,
1363 1180 1440 1240 qui

40 1245 335 1295 descendebat
358 1249 413 1295 ab
433 1248 674 1295 Jerusalem
695 1250 744 1293 in
765 1250 942 1295 Jericho
957 1285 969 1305 ,
994 1259 1039 1294 et
1060 1249 1215 1295 incidit
1235 1252 1282 1295 in
1299 1249 1438 1295 latro-

38 1332 116 1362 nes
131 1318 173 1362 1:
197 1320 295 1380 quis
316 1319 433 1364 enim
453 1335 543 1365 non
562 1319 740 1375 sentiat,
766 1328 810 1363 et
830 1319 959 1379 plane
981 1320 1128 1365 videat
1145 1336 1236 1365 esse
1257 1321 1437 1381 parabo-

38 1387 152 1446 lam,
181 1388 539 1453 locutionemque
570 1390 690 1436 illam
721 1400 859 1436 totam
881 1407 970 1436 esse
991 1393 1248 1450 figuratam?
1270 1395 1436 1438 Verum

37 1458 139 1505 duae
163 1461 357 1507 civitates
372 1498 384 1520 ,
409 1479 509 1523 quae
529 1462 591 1507 ibi
613 1462 850 1507 nominatae
874 1472 978 1507 sunt
992 1499 1004 1518 ‚
1024 1462 1244 1525 hodieque
1265 1464 1312 1508 in
1328 1463 1435 1510 locis

37 1531 223 1592 propriis
250 1531 622 1578 demonstrantur.
660 1532 746 1578 Sed
779 1533 864 1577 hoe
896 1532 1032 1578 modo
1065 1535 1358 1594 acciperemus
1391 1544 1434 1579 et

37 1611 228 1662 quatuor
243 1603 338 1649 haec
360 1604 544 1649 flumina
561 1640 572 1660 ‚
596 1604 631 1648 si
653 1612 808 1648 caetera
828 1620 928 1664 quae
950 1603 1005 1647 de
1022 1605 1222 1664 paradiso
1248 1622 1431 1650 narran-

36 1680 131 1729 tur,
172 1689 264 1718 non
294 1675 470 1734 proprie
504 1673 581 1718 sed
613 1674 800 1733 figurate
836 1675 1030 1734 accipere
1068 1675 1159 1720 ulla
1201 1677 1432 1721 necessitas

36 1749 242 1804 cogeret:
270 1753 314 1789 at
332 1761 451 1790 nunc
471 1761 570 1789 cum
594 1745 794 1805 primitus
821 1746 995 1805 proprie
1028 1762 1094 1791 res
1125 1748 1237 1807 ipsas
1264 1747 1431 1794 intelli-

37 1830 136 1875 gere
166 1817 279 1861 ratio
311 1815 433 1861 nulla
454 1816 687 1876 prohibeat
703 1852 713 1872 ,
739 1831 816 1860 cur
846 1832 937 1861 non
960 1818 1103 1876 potius
1126 1819 1431 1863 auctoritatem

37 1886 273 1946 Scripturae
296 1885 547 1946 simpliciter
575 1885 799 1947 sequimur
830 1886 876 1929 in
898 1888 1146 1932 narratione
1167 1904 1314 1932 rerum
1336 1903 1431 1947 ges—

36 1963 203 2012 tarum,
234 1972 301 2001 res
329 1972 430 2002 vere
464 1965 600 2016 gestas
631 1956 749 2017 prius
770 1955 1087 2016 intelligentes,
1119 1967 1215 2002 tum
1249 1957 1428 2003 demum

34 2027 252 2089 quidquid
275 2028 395 2072 aliud
415 2028 661 2086 significant
681 2037 1023 2088 pelsciutantes.
1015 2031 1033 2061 t>

34 2095 44 2163 ‘3
91 2099 214 2142 XIV.
248 2100 318 2143 An
339 2114 391 2143 eo
413 2098 704 2154 movebimur,
735 2098 857 2159 quod
875 2098 930 2142 de
952 2098 1019 2143 his
1042 2099 1297 2145 fluminibus
1315 2100 1426 2146 dici-

34 2156 123 2236 1111,
143 2167 328 2213 aliorum
344 2184 433 2214 esse
455 2169 598 2213 fontes
614 2178 762 2225 notos,
783 2169 967 2215 aliorum
991 2180 1137 2215 autem
1159 2188 1334 2232 promus
1356 2173 1426 2217 in-

34 2240 257 2299 cognitos,
277 2249 322 2285 et
352 2239 451 2285 ideo
472 2257 563 2285 non
587 2256 709 2301 posse
738 2241 875 2302 accipi
898 2241 952 2286 ad
973 2242 1192 2299 litteram,
1227 2243 1351 2304 quod
1371 2260 1423 2289 ex

33 2325 124 2369 11110
148 2302 336 2391 paradisi
355 2311 538 2356 flumine
563 2311 846 2357 dividuntur?
868 2330 970 2358 cum
987 2315 1131 2375 potius
1154 2315 1423 2360 credendum

34 2373 89 2427 sit
109 2383 327 2443 quoniam
336 2382 485 2430 locus
475 2400 566 2445 lpse
586 2384 773 2444 paradisi
795 2402 818 2430 a
841 2385 1090 2445 cognitione
1111 2387 1340 2431 hominum
1359 2396 1423 2431 est

10 2504 11 2507 Ἰ
34 2453 365 2525 remotissimus,
390 2454 492 2501 inde
513 2464 704 2516 quatuor
722 2471 936 2517 aquarum
959 2466 1101 2518 partes
1122 2456 1288 2514 dividi,
1308 2458 1421 2502 sicut

39 2528 51 2531 Ἷ
81 2544 92 2562 ¹
106 2540 184 2575 Luc.
203 2550 238 2584 x,
258 2539 310 2576 30.
1207 2537 1211 2539 ⁵
