1854 3219
396 204 451 243 60
838 210 872 240 S.
911 212 1140 242 Accus’rnvi
1173 214 1358 242 Eptscom

397 299 416 319 »
454 279 607 322 nostris
631 292 707 337 per
733 278 939 337 Spiritum
969 288 1191 334 sanctum,
1218 279 1294 339 qui
1317 278 1445 323 datus
1466 286 1529 323 est
1551 277 1674 322 nobis
1692 279 1736 322 ¹?
1762 296 1782 318 »

395 351 473 394 Hie
497 351 526 394 si
563 350 682 409 quis,
714 359 763 393 ut
789 350 846 393 ita
870 350 1074 406 dixerim,
1101 352 1300 411 imperite
1328 351 1492 410 peritus
1510 386 1520 406 ,
1556 349 1658 393 artis
1692 348 1786 394 elo-

391 421 582 481 quentia¹
614 431 831 480 praecepta
853 421 1110 481 Apostolum
1141 431 1339 467 secutum
1368 420 1498 466 fuisse
1521 420 1783 475 contendat,

391 506 537 534 nonne
561 507 583 534 a
607 491 863 535 Christianis
896 492 1035 536 doctis
1058 493 1333 553 indoctisque
1366 491 1581 536 ridebitur
1593 494 1611 535 P
1638 494 1695 534 Et
1717 499 1786 534 ta-

392 576 490 605 men
513 562 760 619 agnoscitur
782 562 853 605 hic
877 563 1013 620 figura
1030 599 1040 617 ,
1064 579 1164 623 quse
1191 569 1304 615 κλίμαξ
1337 578 1502 621 graece,
1524 561 1658 605 latine
1682 576 1787 605 vero

389 650 412 676 a
435 634 698 692 quibusdam
723 643 787 677 est
809 633 1023 693 appellata
1047 633 1244 693 gradatio
1261 670 1271 688 ,
1300 634 1511 694 quoniam
1534 632 1694 677 scalam
1716 631 1786 675 di-

389 719 485 748 cere
510 704 774 759 noluerunt,
804 720 905 748 cum
932 706 1066 749 verba
1087 705 1157 749 vel
1185 721 1306 749 sensa
1330 713 1656 748 connectuntur
1674 702 1784 747 alte-

390 790 485 818 rum
508 791 559 818 ex
583 774 746 826 altero;
772 775 885 819 sicut
911 777 981 821 hic
999 812 1009 831 ,
1039 792 1089 820 ex
1111 775 1395 820 tribulatione
1423 775 1678 835 patientiam
1694 809 1705 829 ,
1733 790 1785 818 ex

387 846 594 905 patientia
627 846 959 905 probationem,
997 862 1049 889 ex
1079 847 1339 904 probatione
1381 861 1503 905 spem
1543 860 1786 890 connexam

385 916 600 961 videmus.
627 917 889 975 Agnoscitur
907 926 950 961 et
971 916 1090 961 aliud
1108 915 1262 970 decus,
1289 916 1498 976 quoniam
1521 924 1620 974 post
1640 915 1785 976 aliqua

386 987 756 1047 pronuntiationis
785 1003 891 1032 voce
925 986 1093 1045 singula
1117 986 1262 1041 finita,
1294 1002 1394 1046 quae
1424 986 1559 1030 nostri
1587 987 1786 1031 membra

385 1066 428 1102 ct
449 1073 573 1113 caesa,
600 1058 740 1102 Graeci
763 1067 910 1102 autem
932 1070 1019 1099 κῶλα
1041 1066 1085 1100 et
1101 1066 1251 1110 κόμματα
1269 1065 1453 1112 vocant,
1481 1056 1679 1117 sequitur
1697 1072 1785 1100 am-

384 1129 501 1173 bitus
541 1130 629 1173 sive
663 1130 892 1184 circuitus,
934 1144 1067 1189 quem
1101 1136 1243 1183 περίοδον
1270 1128 1336 1173 illi
1368 1127 1618 1189 appellant,
1660 1129 1785 1188 cujus

385 1199 579 1243 membra
602 1200 931 1259 suspenduntur
951 1215 1058 1245 voce
1080 1198 1285 1256 dicentis,
1309 1199 1450 1245 donec
1472 1199 1630 1243 ultimo
1654 1199 1783 1243 finia-

383 1281 470 1315 tur.
506 1274 618 1316 Nam
649 1287 801 1316 eorum
833 1288 930 1332 quae
955 1272 1216 1331 praecedunt
1237 1271 1495 1326 circuitum,
1531 1270 1783 1315 membrum

384 1340 493 1386 illud
516 1351 579 1385 est
606 1343 799 1402 primum
815 1378 825 1397 ,
856 1362 875 1385 «
902 1343 1121 1396 Quoniam
1149 1342 1375 1387 tribulatio
1396 1342 1651 1400 patientiam
1675 1356 1784 1400 ope-

385 1429 406 1453 »
442 1420 588 1457 ratur:
610 1431 630 1453 »
657 1411 923 1467 secundum,
954 1431 974 1454 κ
996 1413 1207 1456 Patientia
1231 1422 1378 1456 autem
1400 1412 1733 1471 probationem:
1759 1429 1780 1453 >›

385 1484 562 1527 tertium
579 1519 589 1539 ,
620 1503 640 1525 (ι
665 1483 870 1528 Probatio
893 1499 996 1527 vero
1019 1498 1155 1542 spem.
1174 1501 1194 1524 »
1216 1481 1383 1527 Deinde
1397 1483 1678 1543 subjungitur
1692 1483 1783 1543 ipse

383 1554 590 1598 circuitus
604 1589 614 1608 ,
641 1554 717 1614 qui
735 1555 875 1598 tribus
895 1554 1117 1613 peragitur
1135 1553 1341 1597 membris
1354 1589 1364 1608 ,
1382 1569 1572 1613 quorum
1592 1554 1782 1614 primum

384 1634 447 1668 est
460 1660 475 1680 ,
510 1643 529 1666 «
557 1627 661 1683 Spes
684 1633 831 1668 autem
859 1640 948 1668 non
979 1622 1235 1668 confundit:
1267 1641 1286 1664 >›
1312 1623 1556 1668 secundum
1573 1659 1584 1680 ,
1629 1624 1783 1678 «Quia

387 1713 407 1736 »
443 1695 630 1740 charitas
650 1695 728 1739 Dei
750 1695 910 1739 diffusa
933 1704 997 1739 est
1019 1695 1064 1738 in
1086 1693 1293 1739 cordibus
1317 1695 1500 1740 nostris:
1529 1712 1550 1736 »
1576 1696 1778 1751 tertium,

385 1784 405 1807 «
433 1769 515 1809 Per
542 1765 750 1824 Spiritum
786 1775 984 1809 sanetum
1018 1764 1095 1824 qui
1123 1764 1250 1808 datus
1279 1774 1343 1809 est
1366 1764 1509 1809 nobis.
1539 1783 1559 1806 »
1598 1768 1656 1810 At
1686 1766 1782 1810 haec

382 1844 514 1896 atque
545 1835 849 1896 hujuscemodi
885 1837 929 1880 in
966 1834 1225 1879 elocutionis
1256 1843 1347 1878 arte
1380 1834 1630 1879 traduntur.
1661 1837 1782 1881 Sicut

381 1921 482 1964 ergo
506 1906 765 1966 Apostolum
786 1915 1005 1965 praecepta
1028 1905 1292 1964 eloquentiae
1312 1915 1511 1950 secutum
1535 1905 1668 1951 fuisse
1690 1923 1780 1952 non

380 1976 563 2021 dicimus
581 2012 591 2031 ,
617 1978 675 2020 ita
696 1975 817 2037 quod
837 1976 929 2036 ejus
957 1975 1215 2035 sapientiam
1245 1985 1394 2021 secuta
1422 1976 1476 2021 sit
1498 1977 1775 2039 eloquentia,

380 2063 470 2092 non
492 2063 716 2106 negamus.

438 2120 542 2161 ΧΠ.
571 2118 772 2162 Scribens
791 2116 846 2161 ad
861 2118 1130 2173 Corinthios,
1150 2119 1195 2162 in
1212 2119 1403 2164 secunda
1421 2119 1617 2179 Epistola
1636 2121 1780 2165 redar-

380 2189 476 2248 guit
493 2188 721 2248 quosdam,
739 2189 815 2249 qui
833 2199 956 2233 erant
978 2205 1028 2233 ex
1050 2192 1074 2233 J
1080 2189 1213 2233 udaeis
1230 2190 1603 2252 pseudo-apostoli
1617 2227 1628 2246 ,
1650 2192 1778 2252 cique

379 2258 668 2303 detrahebant
687 2279 694 2303 ;
717 2268 760 2303 et
776 2259 986 2318 quoniam
1002 2275 1046 2304 se
1063 2260 1205 2319 ipsum
1223 2260 1461 2320 praedicare
1478 2261 1773 2321 compellitur,

380 2330 491 2373 hanc
509 2329 591 2373 sibi
609 2328 729 2373 velut
744 2330 1035 2389 insipientiam
1053 2331 1272 2386 tribuens,
1288 2347 1421 2391 quam
1438 2331 1655 2391 sapienter
1669 2331 1775 2377 dicit

378 2414 599 2459 quamque
617 2398 900 2460 eloquenter?
921 2400 1007 2445 Sed
1028 2416 1171 2445 comes
1185 2401 1427 2461 sapientiae,
1453 2400 1543 2445 dux
1560 2401 1773 2463 eloquen-

377 2471 475 2526 tiae,
503 2470 622 2515 illam
651 2486 858 2531 sequens,
893 2472 1018 2516 istam
1046 2472 1297 2532 praecedens
1327 2481 1371 2517 et
1398 2482 1653 2533 sequentem
1679 2489 1770 2519 non

427 2564 435 2579 ¹
458 2559 548 2590 Rom.
567 2569 601 2599 v,
623 2557 641 2590 3
659 2562 693 2590 et
711 2569 800 2601 seqq.
