1854 3219
347 203 424 241 164
766 214 799 238 s.
838 213 1067 239 ,trunsum
1102 212 1283 239 Emscom

337 289 401 324 cst
418 315 428 333 ‚
455 287 505 322 ut
527 286 808 322 convertatur
830 276 947 321 adid
970 293 1019 321 cx
1034 293 1122 338 quo
1146 286 1230 331 est,
1257 275 1379 336 quod
1401 273 1524 318 aliter
1545 273 1732 317 formata

337 365 385 394 ac
398 348 591 409 perfecta
605 363 694 391 esse
709 363 797 391 non
810 347 955 407 possit.
978 347 1171 409 Ideoque
1190 348 1480 405 interrogatus
1497 344 1594 405 quis
1607 353 1730 400 esset,

337 418 561 479 respondit
601 438 609 463 :
638 438 657 461 «
685 418 952 478 Principium
978 419 1079 480 quia
1107 428 1150 463 ct
1171 417 1330 479 loquor
1351 416 1515 462 vobis¹.
1560 434 1580 456 »

394 493 474 534 XI.
503 490 632 543 Quod
663 498 809 533 autem
846 488 980 535 Filius
1002 490 1219 551 loquitur,
1262 493 1390 533 Pater
1412 487 1608 548 loquitur
1632 486 1734 547 quia

338 566 463 607 Patre
490 560 698 622 loquente
721 560 880 605 dicitur
901 562 1096 606 Verbum
1132 560 1253 621 quod
1292 558 1425 604 Filius
1454 567 1543 613 est,
1570 567 1734 602 aeterno

338 649 458 678 more
475 633 508 677 si
532 648 652 677 more
677 631 915 676 dicendum
937 642 999 677 cst
1015 668 1025 688 ‚
1050 632 1260 693 loquente
1283 634 1372 675 Deo
1390 630 1586 674 Verbum
1618 645 1735 673 coae-

337 713 528 749 ternum.
555 706 702 748 111est·2
726 702 842 747 enim
866 706 956 748 Deo
981 704 1228 762 benignitas
1253 717 1444 756 sumnia,
1466 710 1509 745 et
1526 709 1674 745 sancta
1692 709 1736 744 et

331 776 448 836 justa
469 811 479 830 ‚
519 784 562 819 et
583 773 760 835 quidem
782 790 873 819 non
902 790 953 818 cx
981 773 1219 832 indigentia
1237 809 1247 829 ‚
1274 772 1351 817 scd
1370 788 1423 816 ex
1446 771 1734 816 beneficentia

336 846 513 890 veniens
538 861 659 890 amor
678 846 722 889 in
743 861 873 905 opera
897 861 988 889 sua.
1016 849 1249 905 Propterea
1274 844 1392 904 prius
1414 859 1546 904 quam
1569 842 1734 887 scribe-

336 927 471 973 retur,
495 937 514 959 «
532 917 648 962 Dixit
662 923 794 961 Deus:
818 916 1025 974 Fiatlux3
1047 935 1066 957 η
1089 916 1307 976 praecessit
1323 916 1543 974 Scriptura
1558 913 1730 959 dicens:

338 1007 358 1029 »
385 991 442 1033 Et
464 988 638 1048 spiritus
653 988 728 1033 Dei
743 987 1098 1047 superferebatur
1121 1002 1250 1047 super
1271 1001 1444 1046 aquam.
1470 1004 1490 1026 »
1513 985 1625 1038 Quia
1642 984 1730 1029 sive

335 1076 462 1121 aquae
482 1060 657 1104 nomine
673 1058 889 1120 appellare
902 1059 1043 1103 voluit
1058 1067 1191 1104 totam
1203 1057 1473 1118 corporalem
1488 1057 1731 1112 materiam,

335 1140 385 1175 ut
406 1147 458 1175 eo
480 1131 613 1175 modo
637 1131 876 1174 insinuaret
896 1130 1015 1174 unde
1036 1130 1149 1175 facta
1172 1139 1217 1174 et
1237 1128 1423 1174 formata
1445 1128 1530 1172 sint
1556 1127 1701 1172 omnia
1719 1163 1729 1183 ‚

334 1203 436 1262 quae
463 1202 509 1245 in
531 1201 618 1246 suis
639 1201 869 1260 generibus
893 1202 984 1261 jam
1013 1200 1267 1260 dignoscere
1294 1214 1546 1260 possumus,
1584 1197 1735 1258 appel-

333 1271 428 1316 lans
451 1288 634 1334 aquam,
670 1272 774 1332 quia
807 1288 857 1316 ex
886 1270 1067 1315 humida
1096 1280 1252 1316 natura
1285 1269 1486 1315 videmus
1521 1269 1667 1314 omnia
1688 1269 1735 1313 in

335 1352 446 1388 terra
479 1359 557 1404 per
583 1343 745 1403 specics
775 1343 915 1387 varias
950 1341 1129 1386 formari
1156 1352 1287 1404 atque
1315 1356 1614 1398 concrescere3
1646 1340 1735 1385 sive

335 1414 573 1475 spiritalem
587 1415 722 1459 vitam
740 1414 978 1475 quamdam
993 1423 1093 1458 ante
1109 1413 1294 1458 formam
1310 1412 1603 1458 conversionis
1615 1413 1736 1473 quasi

333 1487 578 1531 fluitantem
617 1506 626 1530 :
660 1486 1015 1546 superferebatur
1054 1486 1207 1546 utique
1248 1484 1431 1544 Spiritus
1465 1483 1543 1529 Dei
1582 1503 1590 1528 :
1630 1484 1734 1545 quia

332 1558 587 1620 subjacebat
621 1557 783 1602 scilicet
814 1552 943 1602 bonae
978 1556 1197 1601 voluntati
1231 1556 1471 1611 Creatoris‚
1515 1553 1734 1616 quidquid

331 1629 443 1674 illud
456 1639 548 1673 erat
564 1628 684 1689 quod
698 1627 977 1672 formandum
996 1623 1401 1688 perficiendumque
1419 1628 1702 1672 inchoaverat
1720 1645 1731 1673 ε

334 1710 384 1745 ut
405 1700 574 1744 (licente
590 1703 679 1743 Deo
695 1700 738 1742 in
763 1700 905 1744 Verbo
923 1716 1017 1755 suo,
1040 1720 1060 1741 «
1087 1699 1184 1743 Fiat
1200 1698 1298 1750 lux3
1316 1717 1336 1739 n
1363 1698 1408 1742 in
1431 1699 1549 1743 bona
1571 1697 1732 1743 volun-

332 1781 437 1827 tate,
463 1772 546 1815 hoc
564 1780 643 1825 est,
670 1770 714 1814 in
736 1769 1007 1830 heneplacito
1024 1771 1136 1830 ejus,
1162 1785 1242 1829 pro
1265 1768 1448 1814 modulo
1473 1770 1538 1813 sui
1562 1770 1732 1829 generis

330 1851 526 1887 maneret
547 1840 670 1901 quod
695 1840 859 1885 factum
877 1850 940 1884 est
960 1862 970 1898 3
996 1850 1040 1885 et
1062 1839 1161 1884 ideo
1185 1850 1353 1884 rectum
1377 1849 1463 1895 est,
1490 1840 1611 1901 quod
1634 1839 1732 1901 pla-

328 1914 467 1958 cuerit
486 1916 589 1967 Deo,
619 1912 841 1972 Scriptura
869 1910 1068 1956 dicente:
1100 1930 1120 1953 «
1146 1914 1204 1955 Et
1227 1909 1339 1956 facta
1363 1920 1428 1955 est
1441 1910 1541 1969 lux3
1562 1921 1606 1955 et
1623 1911 1731 1956 vidit

332 2002 354 2026 »
380 1987 494 2029 Deus
515 1982 659 2027 lucem
679 2018 690 2038 ‚
713 1983 815 2042 quia
836 1982 948 2026 bona
967 1990 1030 2026 est
1045 1983 1076 2025 3.
1102 2000 1122 2022 »

379 2088 388 2105 ¹
409 2083 501 2113 Joan.
521 2092 590 2123 viu,
609 2080 664 2113 25.
681 2097 723 2103 -—
743 2088 757 2104 ²
779 2083 853 2113 11:120
874 2080 1029 2112 translata
1047 2084 1122 2111 sunt
1139 2080 1169 2111 in
1187 2078 1244 2112 lib.
1265 2079 1306 2112 de
1330 2079 1350 2112 8
1369 2090 1422 2122 qq.
1446 2079 1573 2113 Dulcitii
1591 2081 1621 2113 in
1640 2092 1726 2125 resp.

334 2138 420 2182 adq.
441 2140 473 2171 8.
490 2154 531 2160 -
552 2136 565 2160 3
584 2138 667 2170 Gen.
684 2148 713 2179 ι,
741 2136 775 2179 4.
