1854 3219
357 202 442 242 386
799 213 834 240 s.
869 209 1101 241 Ancus-mm
1132 213 1314 242 muscom

349 279 452 338 agit,
471 287 515 322 et
534 291 612 338 per
632 278 727 323 haec
748 286 904 323 caetera
926 295 1026 340 quae
1041 279 1253 324 crassiora
1270 286 1373 324 sunt
1391 279 1599 339 corporis,
1617 278 1745 323 sicuti

347 350 507 394 humor
530 358 574 393 et
598 358 734 404 terra,
758 349 878 394 unde
905 351 1044 395 carnis
1070 351 1345 411 corpulentia
1375 350 1614 407 solidatur,
1644 366 1746 411 quae

348 421 485 480 magis
517 429 622 466 sunt
643 419 699 467 ad
719 419 979 482 patiendum
1005 421 1183 469 subdita
1197 458 1209 479 ,
1237 439 1371 485 quam
1391 421 1577 485 praedita
1597 420 1655 468 ad
1674 419 1745 468 fa-

351 492 576 539 ciendum.

353 650 854 669 ΜΜΜΜΜΜΜΜΜΜ

1356 652 1744 670 mmmmm

847 775 1064 826 CAPUT
1114 778 1248 826 XVl.

382 908 484 955 Car·
503 906 684 956 dictam
708 911 791 956 sit:
822 912 980 956 Factus
1011 919 1074 955 est
1102 910 1237 957 homo
1258 910 1306 955 in
1333 910 1526 955 animam
1549 910 1710 956 vivam.

407 1047 553 1091 XXII.
594 1048 690 1093 NON
724 1047 832 1091 mihi
865 1062 968 1107 ergo
1001 1046 1176 1092 videtur
1213 1046 1407 1091 dictum:
1449 1065 1471 1089 (ι
1502 1049 1660 1091 Factus
1683 1054 1748 1090 est

350 1135 371 1159 »
406 1117 539 1163 homo
564 1117 611 1163 in
644 1119 835 1164 animam
862 1119 1031 1165 vivam1
1047 1155 1058 1175 ,
1085 1138 1106 1162 a>
1134 1119 1215 1164 nisi
1233 1119 1336 1180 quia
1358 1117 1518 1164 sentire
1543 1117 1679 1178 coepit
1701 1117 1748 1161 in

349 1205 561 1250 corpore3
591 1190 714 1251 quod
744 1200 808 1235 est
841 1191 1044 1236 animatae
1077 1191 1350 1251 viventisque
1387 1190 1527 1235 carnis
1559 1188 1747 1234 certissi-

349 1276 472 1305 mum
504 1260 734 1306 indicium.
767 1264 877 1309 Nam
903 1272 1140 1308 moventur
1168 1272 1213 1307 et
1235 1262 1436 1318 arbusta,
1461 1277 1551 1307 non
1574 1269 1749 1306 tantum

348 1333 392 1377 vi
426 1332 692 1378 extrinsecus
726 1333 1004 1393 impellente,
1028 1333 1170 1379 veluti
1203 1349 1304 1379 cum
1333 1334 1474 1379 ventis
1506 1333 1745 1390 agitantur,

351 1402 429 1448 sed
440 1403 515 1448 illo
525 1413 650 1449 motu
661 1421 748 1465 quo
758 1405 1017 1450 intrinsecus
1031 1406 1188 1463 agitur,
1201 1404 1419 1465 quidquid
1431 1402 1487 1447 ad
1500 1403 1748 1447 incremen-

351 1484 447 1519 tum
470 1476 746 1536 speciemque
775 1477 942 1521 arboris
963 1477 1174 1535 pertinet,
1206 1491 1294 1535 quo
1323 1474 1498 1519 ducitur
1520 1490 1674 1519 succus
1703 1474 1750 1518 in

350 1547 562 1601 radicem,
586 1547 860 1606 vertiturque
890 1547 936 1590 in
958 1563 1007 1590 ea
1036 1546 1196 1607 quibus
1219 1555 1390 1590 constat
1422 1546 1569 1589 herbae
1592 1555 1749 1590 natura

348 1617 418 1662 vel
440 1617 575 1676 ligni:
602 1616 713 1660 nihil
741 1617 859 1661 enim
888 1617 1047 1661 horum
1078 1618 1168 1661 sine
1196 1618 1368 1662 interno
1397 1627 1536 1661 motu.
1564 1616 1649 1662 Sed
1670 1617 1749 1661 iste

349 1698 494 1732 motus
510 1704 599 1732 non
620 1698 683 1732 est
705 1698 986 1747 spontaneus,
1004 1687 1145 1749 qualis
1167 1687 1241 1731 ille
1263 1688 1340 1748 qui
1359 1688 1503 1731 sensui
1518 1687 1748 1748 copulatur

351 1759 405 1804 ad
429 1759 621 1819 (torporis
639 1759 1077 1814 administrationcm,
1094 1759 1205 1803 sicut
1222 1759 1266 1803 in
1282 1759 1480 1803 omnium
1496 1758 1748 1803 animalium

350 1846 529 1890 genere,
556 1845 690 1891 quani
719 1839 847 1874 vocat
880 1830 1103 1890 Scriptura
1132 1830 1321 1874 animam
1350 1830 1535 1875 vivam2.
1560 1832 1671 1874 Nam
1705 1838 1748 1873 et

349 1901 476 1946 nobis
498 1901 578 1945 nisi
606 1901 763 1946 inesset
785 1902 913 1946 etiam
943 1900 1015 1945 ille
1037 1911 1199 1957 motus,
1226 1917 1306 1946 nec
1329 1910 1571 1946 crescerent
1599 1909 1749 1946 nostra

347 1990 550 2033 corpora,
576 1988 656 2018 nec
678 1989 847 2033 ungues
870 1972 1137 2034 capillosque
1159 1972 1469 2033 producerent.
1500 1973 1585 2018 Sed
1607 1973 1641 2017 si
1662 1973 1746 2018 hoc

346 2044 490 2089 solum
513 2054 623 2090 esset
650 2045 697 2089 in
719 2045 845 2090 nobis
866 2045 957 2089 sine
983 2060 1114 2089 sensu
1136 2055 1349 2106 motuque
1371 2044 1448 2089 illo
1478 2053 1743 2105 spontaneo,

347 2131 438 2161 non
458 2115 680 2161 diceretur
700 2116 834 2162 homo
859 2135 881 2159 (ε
905 2118 1065 2162 Factus
1084 2115 1133 2160 in
1153 2116 1345 2162 animam
1367 2115 1530 2161 vivam.
1561 2133 1582 2157 »

400 2220 410 2236 ¹
432 2215 510 2247 Gen.
526 2225 562 2257 11,
586 2225 617 2256 7.
634 2230 678 2238 -
695 2214 816 2258 21d.1,
835 2222 890 2248 21.
