1854 3219
352 198 436 237 616
793 211 826 238 s.
863 211 1091 240 Aucusrim
1126 213 1305 241 Emscom

414 278 524 319 bxi.
548 278 702 336 Neque
724 276 839 320 enim
860 286 974 321 reete
999 278 1082 322 diei
1107 287 1269 337 potest,
1294 275 1363 322 vel
1384 275 1478 320 illas
1507 275 1633 321 falsas
1651 290 1740 320 esse

349 363 525 407 poenas,
550 347 619 392 vel
658 347 777 393 illam
799 348 953 393 salsam
988 350 1183 411 requiem
1215 359 1346 411 atque
1367 348 1563 395 laetitiam
1591 368 1600 394 :
1634 357 1742 393 tune

350 419 467 463 enim
486 419 582 463 lime
605 418 711 464 falsa
725 429 852 475 sunt,
873 420 1051 481 quando
1074 437 1150 481 per
1168 420 1428 482 opinationis
1451 434 1641 464 errorem
1661 418 1741 464 alia

348 506 427 550 pro
448 490 539 534 aliis
567 500 795 550 putantur.
833 495 942 538 Nam
966 496 1119 538 Petrus
1156 508 1246 538 non
1278 491 1419 536 solum
1452 507 1554 536 cum
1574 489 1743 535 discum

347 560 472 605 illum
498 560 702 617 videbat,
729 563 839 607 etin
861 579 912 608 eo
941 579 1031 609 non
1052 562 1358 617 similitudines
1379 578 1611 622 corporum
1626 597 1637 617 ‚
1668 560 1744 606 sed

346 648 529 693 corpora
553 634 774 693 putabat¹‚
811 635 858 678 in
875 636 959 680 hoe
982 636 1134 696 utique
1164 633 1400 678 fallebatur
1422 653 1430 678 :
1456 632 1745 678 verumetiam

345 720 447 749 cum
471 703 555 749 alio
574 714 770 764 tempore.
788 706 843 750 ab
867 706 1036 766 Angelo
1058 706 1225 751 solutus
1243 721 1265 749 c
1283 704 1467 750 vinculis
1485 704 1578 749 ibat
1589 703 1635 747 in
1648 720 1746 748 cor-

346 791 453 835 porc
487 775 773 833 ambulans²,
808 787 852 822 et
884 786 1169 838 praesentatus
1198 775 1497 836 corporalibus
1532 774 1682 820 formis
1703 784 1748 819 et

347 846 535 906 putabat
563 862 606 890 se
627 848 768 892 visum
787 847 935 893 videre
952 884 962 904 ‚
1001 847 1284 892 nihilominus
1305 845 1555 891 fallebatur.
1576 847 1687 890 Nam
1704 854 1748 890 et

346 917 434 961 illae
457 917 503 961 in
529 917 647 963 disco
676 930 801 965 erant
825 919 1037 980 spiritales
1058 920 1209 964 sormae
1242 918 1542 979 corporalibus
1561 918 1744 976 similes3

349 999 394 1033 et
415 989 495 1034 ista
514 991 751 1051 corporalis
772 993 988 1053 expressio
1009 992 1141 1038 soluti
1164 991 1218 1037 dc
1235 990 1422 1036 vinculis
1437 1027 1448 1046 ‚
1473 1000 1651 1051 propter
1671 990 1749 1034 mi-

347 1062 547 1106 raculum
565 1063 747 1123 spiritali
769 1065 919 1109 similis
941 1074 1048 1110 erat.
1088 1064 1343 1109 Fallebatur
1365 1074 1509 1108 autem
1538 1064 1681 1108 anima
1701 1063 1747 1107 in

345 1134 544 1194 utrisque
563 1169 573 1189 ,
600 1136 775 1180 nonnisi
788 1152 888 1180 cum
909 1135 990 1180 alia
1008 1152 1088 1196 pro
1110 1136 1201 1180 aliis
1225 1136 1501 1196 approbaret.
1540 1135 1747 1189 Quamvis

346 1219 448 1262 ergo
472 1200 564 1251 non
586 1207 671 1251 sint
688 1207 951 1267 corporalia,
973 1207 1049 1252 sed
1071 1206 1224 1252 similia
1244 1206 1566 1267 corporalibus,
1587 1206 1749 1267 quibus

347 1276 505 1322 animae
534 1279 793 1339 corporibus
816 1288 957 1323 exutae
977 1280 1250 1334 afficiuntur,
1277 1294 1353 1323 seu
1374 1279 1486 1322 bene
1509 1294 1586 1323 seu
1602 1277 1716 1322 male
1734 1313 1745 1335 ‚

347 1363 449 1392 curn
480 1358 524 1393 et
558 1351 662 1409 ipsae
701 1351 960 1410 corporibus
995 1351 1080 1394 suis
1104 1349 1264 1394 similes
1285 1350 1459 1394 sibimet
1481 1357 1747 1409 appareant3

345 1429 450 1463 sunt
463 1428 611 1464 tamen
624 1431 668 1464 et
679 1436 780 1464 vera
797 1420 945 1464 laetitia
958 1430 1002 1464 et
1018 1436 1119 1465 vera
1132 1420 1328 1465 molestia
1344 1419 1457 1464 facta
1475 1420 1530 1463 de
1543 1419 1750 1464 substan-

347 1491 403 1535 tia
422 1490 620 1551 spiritali.
636 1494 747 1537 Nam
761 1501 804 1536 ct
819 1492 1029 1548 insomnis
1047 1493 1195 1551 magni
1224 1492 1402 1536 interest
1416 1500 1565 1535 utrum
1579 1492 1625 1535 in
1639 1490 1750 1536 laetis

345 1578 402 1606 an
424 1563 470 1606 in
493 1563 691 1607 tristibus
715 1563 863 1607 simus.
902 1562 1028 1607 Unde
1061 1563 1243 1623 quidam
1277 1563 1323 1606 in
1347 1563 1476 1607 rebus
1504 1578 1612 1623 quas
1640 1578 1749 1607 con-

345 1633 602 1692 cupiverant
626 1633 875 1688 constituti,
902 1648 946 1677 se
968 1632 1188 1691 evigilasse
1225 1632 1491 1691 doluerunt3
1529 1642 1572 1677 et
1602 1649 1748 1678 rursus

346 1705 550 1763 gravibus
584 1705 823 1749 terroribus
847 1714 978 1765 atque
1007 1704 1271 1749 cruciatibus
1294 1705 1496 1763 exagitati
1518 1714 1652 1766 atque
1671 1721 1748 1750 ve-

346 1776 454 1831 xati,
482 1792 582 1820 cum
608 1774 898 1836 expergefacti
921 1786 1083 1831 essent,
1120 1775 1311 1821 dormire
1334 1777 1599 1833 timuerunt,
1626 1792 1680 1821 ne
1703 1777 1749 1822 in

345 1848 498 1892 cadem
517 1847 630 1891 mala
648 1857 970 1893 revocarentur.
990 1851 1046 1892 Et
1064 1848 1217 1908 utique
1235 1846 1533 1891 dubitandum
1552 1863 1640 1892 non
1664 1857 1744 1904 est,

345 1919 470 1981 quod
503 1920 766 1979 expressiora
800 1919 886 1963 sint
913 1918 987 1963 illa
1016 1935 1114 1979 qua:
1143 1917 1314 1963 inferna
1348 1918 1585 1974 dicuntur,
1614 1907 1747 1980 atquc

346 1991 403 2035 ob
421 1991 505 2034 hoc
524 1990 824 2035 vehementius
842 1990 1098 2034 sentiantur.
1121 1992 1230 2035 Nam
1253 1999 1296 2034 et
1313 1990 1389 2049 qui
1412 1990 1624 2034 subtracti
1646 2000 1749 2035 sunt

345 2063 542 2107 sensibus
559 2062 772 2122 corporis⁷
794 2062 939 2105 minus
961 2060 1141 2122 quidem
1160 2076 1292 2121 quam
1311 2061 1344 2105 si
1363 2061 1482 2105 omni
1502 2060 1635 2106 modo
1651 2077 1747 2106 mo-

346 2143 546 2177 rerentur
563 2169 573 2188 ‚
594 2132 670 2177 sed
691 2142 835 2177 tamen
853 2132 1040 2191 amplius
1065 2147 1197 2192 quam
1221 2131 1255 2175 si
1275 2132 1544 2187 dormirent,
1571 2148 1746 2191 expres-

343 2205 454 2250 siora
476 2220 520 2248 se
537 2203 692 2259 vidisse
715 2212 1016 2258 narraverunt,
1039 2218 1173 2263 quam
1193 2202 1226 2246 si
1244 2203 1410 2247 somnia
1433 2203 1741 2247 narravissent.

342 2279 422 2320 Est
438 2292 541 2335 crgo
565 2291 739 2336 prorsus
757 2274 999 2319 inferorum
1012 2274 1251 2318 substantia
1267 2309 1277 2329 ,
1298 2273 1374 2318 sed
1392 2288 1486 2318 eam
1502 2273 1741 2332 spiritalem

348 2348 534 2392 arbitror
557 2362 646 2391 esse
663 2382 673 2401 ,
701 2362 790 2390 uon
814 2345 1099 2405 corporalem.

399 2452 406 2467 ¹
430 2447 501 2477 Act.
523 2455 557 2485 x,
582 2455 609 2476 1.
631 2460 672 2466 —
697 2444 854 2485 21d.x11‚
880 2455 915 2485 ‘.)·

1852 1393 1854 1427 1
