1854 3219
332 236 385 262 DE
417 235 568 262 cnm-:51
600 233 654 260 AD
687 233 933 271 ernuAM,
969 235 1051 261 Lm.
1088 236 1135 261 11.
1339 226 1422 264 209

42 320 61 344 »
87 300 298 345 tenebras.
330 303 388 345 Et
418 299 527 346 vidit
562 303 676 345 Deus
707 300 810 361 quia
835 300 1005 344 bonum
1034 310 1111 345 est.
1138 303 1195 346 Et
1222 300 1334 346 sacta
1361 313 1425 347 est

38 389 60 413 »
83 387 287 431 vespera,
313 380 356 416 et
383 370 549 416 factum
586 380 650 415 θεῖ
677 386 805 415 mane
833 371 923 415 dies
957 381 1152 432 quartus.
1199 390 1219 413 ³>
1258 376 1309 416 ln
1340 374 1425 418 hoc

36 452 193 504 quarto
215 442 285 487 die
301 441 589 504 quaerendum
611 451 674 487 est
690 478 700 498 ,
726 442 835 503 quid
857 442 937 486 sibi
958 442 1063 487 velit
1077 444 1157 487 ista
1179 443 1396 489 ordinatio
1410 481 1421 501 ,

35 523 86 558 ut
106 514 225 574 prius
238 513 308 559 vel
319 515 494 570 fierent,
511 513 583 560 vel
597 522 926 558 secernerentur
943 530 1054 575 aqua
1069 524 1112 558 et
1128 523 1262 571 terra,
1279 516 1424 575 prius-

35 601 122 646 que
136 595 249 631 terra
271 586 552 645 germinaret,
576 601 710 647 quam
730 586 776 630 in
797 585 911 630 coelo
925 585 1062 631 sidera
1080 588 1249 630 fierent.
1275 589 1427 648 Neque

35 657 152 703 enim
173 673 400 718 possumus
417 657 561 702 dicere
577 657 713 702 electa
731 673 820 701 θεεθ
843 674 1031 718 quaeque
1046 657 1224 702 meliora
1239 693 1249 713 ,
1266 658 1427 718 quibus

36 728 207 774 dierum
229 728 356 773 series
371 728 432 773 ita
453 727 817 786 distingueretur,
843 737 892 771 ut
920 728 1017 773 finis
1039 739 1082 773 θῖ
1112 728 1307 773 medium
1330 745 1425 773 ma-

35 800 150 845 xime
171 801 363 845 ornatius
385 799 627 844 eminerent
652 819 660 844 :
687 808 853 859 septem
877 800 1040 861 quippe
1064 800 1233 844 dierum
1257 799 1428 845 medius

33 881 213 933 quartus
235 881 314 916 est.
341 871 542 916 Occurrit
561 869 811 915 enim‘illud
831 871 935 930 quia
958 871 1142 931 septimo
1161 870 1232 914 die
1255 887 1346 916 non
1364 881 1428 917 est

33 941 147 987 facta
169 942 258 986 ulla
280 951 492 986 creatura.
519 944 588 985 An
609 941 723 986 forte
746 941 821 985 lux
839 941 968 1001 primi
986 943 1073 986 diei
1094 945 1230 1002 magis
1245 959 1428 1003 respon-

34 1012 110 1057 det
143 1012 199 1057 ad
224 1013 416 1073 quietem
444 1011 530 1056 diei
565 1011 758 1072 septimi,
785 1021 835 1056 ut
865 1027 916 1056 eo
942 1013 1074 1057 modo
1098 1014 1430 1058 concinentibus

33 1083 194 1128 finibus
207 1084 286 1128 iste
302 1083 410 1129 ordo
433 1091 625 1138 texatur,
641 1083 936 1127 eminentibus
954 1082 1009 1127 de
1026 1083 1169 1128 medio
1187 1084 1430 1129 luminibus

33 1153 162 1199 coeli?
192 1153 277 1200 Sed
298 1154 332 1198 si
352 1154 518 1214 primus
541 1153 631 1197 dies
653 1153 835 1213 septimo
865 1153 1081 1209 concinit,
1107 1154 1240 1199 debet
1261 1171 1365 1215 ergo
1387 1165 1431 1200 ct

34 1223 250 1269 secundus
281 1233 400 1269 sexto
436 1224 680 1269 concinere.
712 1223 830 1276 Quid
859 1233 1005 1268 autem
1031 1224 1169 1268 simile
1191 1226 1325 1270 habet
1352 1228 1428 1270 fir-

34 1305 306 1340 mamentum
329 1295 431 1340 coeli
454 1311 553 1340 cum
571 1295 749 1339 homine
771 1294 885 1339 sacto
904 1295 959 1339 ad
976 1296 1211 1355 imaginem
1235 1298 1311 1341 Dei
1325 1299 1342 1341 Ρ
1358 1301 1428 1342 An

34 1368 135 1428 quia
153 1367 320 1413 coelum
341 1377 479 1412 totam
497 1367 764 1427 superiorem
787 1366 942 1411 mundi
964 1377 1132 1427 partem
1154 1378 1363 1429 occupat,
1387 1380 1439 1414 θῖ

33 1439 202 1483 homini
238 1439 285 1482 in
315 1447 453 1482 totam
474 1437 724 1481 inferiorem
757 1447 945 1497 potestas
977 1439 1233 1483 dominandi
1264 1441 1429 1487 tributa

34 1512 126 1555 est?
151 1509 236 1555 Sed
253 1509 362 1588 quid
381 1509 548 1569 agimus
562 1509 616 1552 de
633 1508 862 1568 pecoribus
877 1518 921 1553 et
939 1508 993 1552 de
1016 1510 1164 1554 bestiis
1176 1547 1186 1565 ,
1213 1527 1319 1571 quas
1337 1513 1429 1573 ipso

34 1581 104 1625 die
125 1589 245 1625 sexto
265 1580 312 1624 in
329 1596 407 1625 suo
422 1594 578 1638 genere
594 1589 708 1624 terra
725 1578 948 1639 produxit,
970 1579 1171 1641 quasillis
1192 1596 1293 1627 cum
1316 1584 1428 1631 coelo

33 1661 177 1712 potest
194 1667 284 1696 esse
307 1650 510 1697 collatio?

93 1725 280 1768 XXVII.
314 1726 384 1767 An
416 1721 562 1782 potius
596 1722 806 1782 quoniam
839 1723 980 1782 primo
1017 1723 1131 1768 facta
1169 1725 1429 1786 intelligitul

33 1794 143 1839 lucis
165 1793 342 1838 nomine
364 1792 564 1853 spiritalis
586 1802 796 1837 creaturae
816 1792 1034 1850 formatio,
1054 1811 1321 1857 consequens
1336 1808 1429 1844 erat

33 1874 86 1910 ut
97 1864 330 1925 corporalis
342 1879 519 1926 quoque
540 1873 750 1919 creatura,
777 1863 823 1908 id
838 1874 916 1919 est,
935 1865 1126 1910 mundus
1148 1868 1226 1911 iste
1247 1869 1426 1915 visibilis

34 1936 159 1980 fieret
186 1955 195 1981 :
220 1935 296 1996 qui
312 1934 455 1980 factus
478 1943 542 1979 est
563 1933 699 1979 biduo
721 1944 901 1994 propter
922 1935 1030 1980 duas
1054 1946 1196 1997 partes
1217 1955 1313 1984 suas
1332 1957 1426 1986 ma-

34 2006 189 2062 ximas,
215 2006 378 2067 quibus
405 2009 574 2051 constat
598 2005 825 2050 universus
843 2041 853 2061 ,
882 2006 1046 2052 coelum
1075 2008 1238 2054 scilicet
1271 2020 1314 2055 ct
1338 2021 1426 2056 ter-

36 2093 149 2133 ram,
186 2075 429 2122 secundum
461 2077 575 2121 hanc
604 2077 782 2121 rationis
813 2076 1116 2135 collationem,
1149 2097 1235 2141 qua
1259 2092 1302 2127 ct
1335 2084 1426 2144 ipsa

35 2148 237 2194 universa
270 2158 467 2194 creatura
498 2147 725 2208 spiritalis,
758 2158 801 2193 et
837 2151 1095 2209 corporalis,
1121 2167 1235 2212 saepe
1262 2154 1426 2201 coelum

36 2230 81 2266 θῖ
100 2229 216 2265 terra·
234 2221 486 2265 nominatur
517 2239 525 2265 :
550 2219 610 2264 ita
630 2229 681 2264 ut
707 2219 861 2280 globus
883 2237 1059 2282 quoque
1086 2223 1165 2267 iste
1189 2226 1425 2272 turbulen-

0 2356 1 2359 ,
35 2292 154 2336 tioris
167 2292 273 2336 aeris
294 2300 476 2336 terrenae
496 2293 609 2351 parti
622 2292 857 2351 deputetur
872 2328 882 2347 ,
900 2293 1247 2340 exhalationibus
1261 2299 1423 2359 quippe

36 2363 229 2407 humidis
250 2363 534 2423 corporascit3
554 2363 587 2406 si
610 2363 717 2423 quid
731 2379 832 2408 vero
855 2364 1079 2425 tranquilli
1102 2367 1209 2411 aeris
1232 2378 1315 2425 est,
1343 2371 1420 2415 ubi

37 2432 206 2477 ventosi
227 2442 358 2494 atque
378 2432 605 2493 procellosi
627 2442 770 2478 motus
798 2450 887 2479 non
916 2445 1100 2495 possunt
1131 2438 1333 2495 existeio,
1365 2441 1421 2486 ad

0 2500 3 2542 ἱ
37 2501 258 2547 coelestem
293 2513 461 2562 partem
497 2503 712 2563 pertineat
753 2523 762 2548 ι
807 2514 905 2564 post
943 2506 1055 2550 hanc
1096 2508 1268 2552 univers
1260 2510 1303 2553 11
1308 2520 1374 2554 1’1(,
1378 2527 1420 2555 m

1 2590 3 2608 1
39 2570 163 2617 molis
185 2587 406 2632 corporeae
435 2572 712 2629 fabricatam,
736 2590 834 2636 quse
864 2591 951 2619 nno
981 2575 1078 2620 loco
1103 2586 1190 2622 tota
1213 2588 1297 2633 cst,
1334 2597 1422 2641 quo

305 2648 1234 2687 CX11.14
