1854 3219
406 149 490 189 574
839 163 872 189 s.
909 160 1141 192 Aucusnm
1175 163 1358 191 Emscom

403 234 610 271 currunt:
635 239 775 269 unum
796 241 874 285 per
888 227 1036 272 oculos
1049 264 1060 284 ‚
1080 228 1241 289 quibus
1259 228 1362 289 ipsae
1381 226 1538 271 litterae
1554 225 1759 271 videntur
1777 246 1788 283 3
1846 271 1847 274 ,

402 296 588 341 alterum
620 311 697 356 per
724 297 924 356 spiritum
956 299 1165 355 hominis,
1205 315 1293 360 quo
1326 298 1545 360 proximus
1574 307 1617 342 et
1639 297 1792 342 absens

400 368 616 426 cogitatur
632 388 642 426 3
669 369 845 412 tertium
864 385 940 429 per
956 372 1203 415 contuitum
1218 372 1388 426 mentis,
1404 386 1492 431 quo
1507 370 1597 430 ipsa
1616 368 1792 413 dilectio

400 437 619 483 intellecta
642 439 923 499 conspicitur.
964 444 1014 485 In
1036 442 1102 486 his
1122 442 1261 485 tribus
1287 441 1540 500 generibus,
1567 438 1678 484 illud
1700 439 1793 499 pri-
1848 454 1849 457 ¹

397 524 520 554 mum
535 508 813 553 manifestum
833 519 897 554 est
914 512 1115 556 omnibus
1129 532 1137 557 :
1153 513 1197 555 in
1210 513 1293 556 hoc
1310 511 1427 555 enim
1441 510 1615 555 videtur
1628 508 1793 555 coelum

398 590 442 624 et
464 590 601 636 terra,
628 590 670 624 et
700 582 844 625 omnia
869 598 968 642 quse
990 582 1034 626 in
1057 583 1115 627 cis
1143 583 1376 642 conspicua
1400 591 1501 626 sunt
1524 581 1658 626 oculis
1691 595 1794 625 nos-

398 652 488 696 tris.
522 655 610 697 Nec
634 650 745 696 illud
768 652 953 697 alterum
969 689 979 709 9
1006 670 1096 715 quo
1120 654 1314 697 absentia
1335 653 1574 713 corporalia
1595 652 1794 711 cogitan-

401 731 484 777 tur,
519 722 738 766 insinuare
772 722 951 768 difficile
974 734 1037 768 est
1057 744 1065 769 :
1091 725 1234 783 ipsum
1257 724 1421 784 quippe
1453 722 1616 768 coelum
1637 731 1681 766 et
1702 731 1793 766 ter-

396 809 487 838 ram
502 830 512 849 ‚
534 803 577 838 et
600 810 648 837 ca
669 810 769 855 quae
795 795 840 838 in
861 795 920 839 eis
940 795 1089 840 videre
1112 810 1362 854 possumus7
1389 795 1517 838 etiam
1536 795 1582 837 in
1603 793 1794 838 tenebris

397 867 623 911 constituti
647 867 887 926 cogitamus
905 889 916 925 3
937 867 1013 911 ubi
1036 866 1147 911 nihil
1178 866 1378 912 videntes
1403 866 1540 911 oculis
1569 865 1761 926 corporis
1778 901 1790 921 ‚

396 937 543 982 animo
578 947 724 982 tamen
753 937 998 998 corporales
1022 938 1231 998 imagines
1265 939 1503 993 intuemur,
1540 954 1616 982 seu
1646 952 1790 992 veras,

397 1009 508 1054 sicut
541 1010 631 1070 ipsa
661 1025 841 1069 corpora
876 1009 1098 1064 videmus,
1134 1019 1178 1054 et
1207 1010 1414 1054 memoria
1437 1010 1693 1066 retinemus3
1717 1024 1795 1053 seu

397 1081 519 1125 fictas
536 1116 546 1136 ‚
577 1081 689 1126 sicut
712 1081 919 1140 cogitatio
942 1080 1129 1125 formare
1151 1081 1358 1141 potuerit.
1380 1081 1518 1125 Aliter
1541 1081 1655 1125 enim
1679 1080 1796 1139 cogi-

401 1160 539 1195 tamus
571 1152 881 1211 Carthaginem
914 1167 1047 1212 quam
1080 1152 1305 1207 novimus,
1332 1151 1456 1196 aliter
1487 1151 1795 1196 Alexandriam

397 1239 531 1283 quam
550 1239 640 1268 non
662 1224 878 1268 novimus.
907 1223 1101 1268 Tertium
1128 1239 1231 1268 vero
1255 1223 1388 1279 illud,
1413 1238 1503 1283 quo
1524 1222 1702 1267 dilectio
1724 1223 1794 1267 in·-

398 1293 572 1338 tellecta
601 1294 885 1354 conspicitur,
920 1309 991 1338 eas
1021 1310 1087 1338 res
1121 1294 1342 1350 continet,
1379 1310 1480 1354 quae
1508 1309 1598 1338 non
1630 1293 1795 1338 habent

397 1364 605 1424 imagines
627 1365 693 1410 sui
712 1364 894 1421 similes,
916 1381 1015 1426 quae
1033 1381 1122 1410 non
1135 1374 1237 1409 sunt
1254 1364 1373 1426 quod
1388 1366 1506 1425 ipsae.
1533 1367 1641 1411 Nam
1660 1366 1794 1410 homo

396 1434 467 1481 vel
490 1437 633 1492 arbor,
653 1435 723 1481 vel
745 1436 836 1491 sol,
863 1445 907 1480 et
927 1452 1219 1497 quaecumque
1241 1435 1322 1480 alia
1351 1452 1531 1496 corpora
1547 1472 1558 1492 ‚
1590 1436 1679 1480 sive
1700 1451 1794 1480 coe·-

396 1505 520 1551 lestia
540 1508 629 1552 sive
646 1507 886 1563 terrestria,
907 1516 951 1551 et
967 1507 1197 1567 praesentia
1217 1506 1422 1552 videntur
1442 1507 1489 1550 in
1511 1507 1597 1551 suis
1614 1507 1763 1551 formis
1777 1540 1790 1562 ,

398 1587 441 1622 et
465 1578 660 1623 absentia
682 1579 932 1637 cogitantur
952 1578 1214 1637 imaginibus
1232 1576 1378 1622 animo
1400 1578 1637 1638 impressis,
1663 1586 1707 1621 et
1727 1576 1794 1622 fa-

399 1650 521 1694 ciunt
550 1650 640 1694 duo
673 1665 829 1708 genera
862 1649 1079 1704 visorum,
1116 1664 1257 1692 unum
1284 1664 1361 1709 per
1392 1650 1584 1709 corporis
1616 1665 1790 1704 sensuS‚

399 1719 585 1764 alterum
608 1737 684 1780 per
706 1721 922 1780 spiritum,
947 1736 1035 1780 quo
1057 1714 1144 1763 illae
1166 1721 1374 1779 imagines
1398 1721 1694 1765 continentur.
1717 1720 1794 1765 Di-

397 1791 523 1836 lectio
545 1800 693 1836 autem
715 1790 934 1852 numquid
951 1790 1074 1834 aliter
1093 1790 1265 1835 videtur
1282 1807 1469 1851 praesens
1488 1792 1534 1836 in
1550 1791 1691 1852 specie
1706 1807 1794 1852 qua

399 1873 484 1919 est,
522 1874 565 1908 et
596 1863 720 1908 aliter
753 1864 906 1908 absens
940 1863 986 1907 in
1015 1862 1160 1923 aliqua
1194 1863 1382 1921 imagine
1410 1864 1475 1908 sui
1510 1858 1666 1908 simili?
1696 1866 1794 1908 Non

400 1935 580 1996 utique3
605 1934 682 1979 sed
703 1944 919 1994 quantum
943 1943 1089 1978 mente
1110 1935 1228 1979 cerni
1250 1944 1415 1994 potest,
1448 1935 1503 1979 ab
1524 1934 1609 1980 alio
1631 1934 1790 1993 magis,

400 2006 455 2050 ab
490 2005 574 2050 alio
600 2006 743 2049 minus
771 2005 863 2065 ipsa
883 2005 1076 2049 cernitur
1098 2025 1106 2050 z
1132 2005 1166 2049 si
1188 2014 1335 2050 autem
1358 2005 1523 2067 aliquid
1555 2003 1794 2066 corporalis

399 2077 598 2136 imaginis
614 2076 844 2135 cogitatur,
869 2092 959 2122 non
979 2076 1071 2137 ipsa
1092 2077 1300 2122 cernitur.
