1854 3219
349 242 403 269 m:
434 241 587 270 GENESI
617 238 673 268 An
704 237 939 276 LITTERAM‚
975 240 1057 266 Lm.
1095 241 1124 266 1.
1354 228 1432 265 171

54 308 239 370 posituri
269 323 417 353 sumus
447 310 588 352 Deum
619 305 699 350 ubi
731 305 772 348 ei
802 319 981 364 vespera
1013 305 1159 359 fieret,
1194 318 1295 348 cum
1317 303 1372 347 ab
1394 318 1443 347 ea

54 390 176 441 parte
198 380 243 423 in
266 379 396 424 aliam
427 386 596 438 partem
628 376 704 420 lux
732 373 1011 419 abscederet?
1038 377 1148 420 Nam
1182 383 1225 419 et
1256 374 1302 417 in
1331 374 1445 418 libro

54 452 130 512 qui
151 449 396 511 appellatur
424 447 718 502 Ecclesiastes,
740 446 799 490 ita
822 446 1032 505 scriptum
1055 455 1145 490 est:
1182 464 1201 486 »
1229 448 1286 490 Et
1309 445 1447 490 oritur

57 540 78 565 n
114 522 194 577 sol,
216 530 259 565 et
280 519 440 565 occidit
456 518 577 582 sol-et
593 519 638 563 in
655 519 802 563 locum
825 532 954 562 suum
976 517 1179 574 ducitur(
1188 518 1258 574 3):
1283 517 1368 561 hoc
1384 525 1448 561 est

57 611 78 635 »
114 593 160 637 in
182 608 283 636 eum
304 590 451 636 locum
475 589 594 635 unde
615 599 734 635 ortus
753 598 832 634 est.
862 588 1066 649 Sequitur
1088 588 1222 643 enim,
1243 597 1287 631 et
1313 586 1442 632 dicit:

58 684 77 708 ›>
112 667 210 724 Ipse
236 662 378 707 oriens
400 660 513 706 illud
532 660 654 707 vadit
683 659 738 705 ad
759 663 987 715 Austrum,
1009 669 1052 704 et
1069 659 1224 704 circuit
1241 658 1298 702 ad
1314 658 1445 719 aqui-

58 754 77 777 »
111 733 302 778 lonem¹.
328 753 347 775 »
372 731 583 777 Australis
600 747 704 791 ergo
725 747 824 792 pars
852 745 955 776 cum
982 730 1117 774 habet
1139 728 1296 785 solem,
1322 728 1447 773 nobis

53 803 144 850 dies
161 813 246 850 est:
267 812 369 849 cum
390 812 537 848 autem
555 801 609 850 ad
632 801 862 863 Aquilonis
881 810 1049 862 partem
1065 800 1323 845 circumiens
1345 807 1447 860 pei·-

52 874 194 930 venit,
224 874 352 919 nobis
381 889 469 918 nox
491 881 579 930 est3
612 888 703 917 non
730 881 878 916 tamen
913 872 958 915 in
993 870 1075 916 alia
1106 880 1230 930 parte
1262 886 1353 914 non
1385 878 1450 913 est

54 943 166 1000 dies,
191 945 270 989 ubi
291 944 521 1004 praesentia
549 942 654 987 solis
679 952 768 987 est:
794 942 874 986 nisi
897 942 1011 986 forte
1027 941 1207 1001 poeticis
1229 940 1448 1000 figmentis

53 1033 127 1062 cor
141 1015 444 1061 inclinandum
473 1024 552 1070 est,
577 1024 628 1059 ut
648 1014 874 1059 credamus
897 1013 1033 1058 solem
1059 1013 1170 1057 mari
1201 1028 1244 1056 se
1267 1013 1448 1056 immer-

55 1103 170 1147 gere,
188 1096 320 1148 atque
338 1085 441 1130 inde
464 1086 606 1130 lotum
622 1101 675 1130 ex
691 1085 774 1130 alia
790 1095 914 1145 parte
935 1100 1064 1129 mane
1086 1099 1278 1144 surgere.
1298 1086 1450 1137 Quan-

53 1173 187 1218 quam
209 1157 244 1202 si
265 1157 325 1201 ita
353 1165 484 1212 esset,
511 1157 692 1215 abyssus
720 1156 812 1216 ipsa
833 1156 1063 1216 praesentia
1089 1154 1189 1199 solis
1211 1153 1450 1198 illustrare-

53 1239 146 1285 tur,
172 1239 304 1290 atque
319 1229 381 1273 ibi
403 1238 513 1273 esset
535 1228 640 1273 dies.
663 1232 812 1272 Posset
828 1228 943 1271 enim
967 1237 1010 1271 et
1025 1243 1159 1287 aquas
1181 1225 1445 1281 illuminare,

53 1300 233 1362 quando
251 1301 306 1345 ab
322 1301 381 1344 eis
397 1317 488 1345 non
509 1309 654 1361 posset
675 1300 886 1359 extingui.
910 1299 995 1344 Sed
1016 1300 1100 1343 hoc
1122 1308 1447 1343 monstruosum

53 1381 118 1416 est
139 1372 362 1430 suspicari.
389 1371 506 1425 Quid
526 1372 647 1432 quod
670 1372 798 1415 etiam
824 1370 888 1415 sol
905 1369 1105 1415 nondum
1128 1371 1252 1414 erat?

99 1443 258 1486 XXII.
285 1443 563 1500 Quapropter
583 1442 618 1485 si
641 1441 843 1500 spiritalis
864 1442 941 1484 lux
962 1441 1103 1499 primo
1123 1441 1195 1485 die
1223 1439 1338 1484 facta
1360 1448 1446 1495 est,

54 1511 375 1573 numquidnam
399 1511 576 1567 occidit,
596 1520 648 1555 ut
664 1511 703 1555 ei
718 1510 970 1556 succederet
992 1513 1110 1555 nox?
1134 1512 1177 1556 Si
1192 1520 1339 1555 autem
1358 1526 1451 1555 cor-

54 1582 236 1644 poralis,
261 1598 466 1643 quaenam
496 1581 571 1626 illa
608 1581 686 1626 lux
707 1591 793 1638 est,
820 1597 952 1642 quam
983 1591 1082 1642 post
1115 1597 1318 1626 occasum
1350 1581 1451 1626 solis

0 1679 1 1683 =
53 1653 202 1700 videre
220 1670 310 1699 non
331 1654 590 1714 possumus?
611 1653 712 1714 quia
731 1668 812 1697 nec
833 1652 939 1698 luna
961 1663 1054 1698 erat
1075 1652 1242 1708 adhuc,
1264 1669 1345 1697 nec
1368 1653 1450 1697 ali-

0 1748 2 1767 ι
55 1741 154 1786 quae
176 1723 327 1769 stellae.
343 1727 432 1769 Aut
452 1724 486 1768 si
508 1740 679 1784 semper
699 1723 746 1767 in
766 1739 814 1768 ea
835 1733 960 1783 parte
977 1723 1077 1768 coeli
1096 1733 1175 1779 est,
1195 1724 1243 1767 in
1261 1740 1349 1784 qua
1367 1723 1447 1779 sol,

56 1807 108 1842 ut
125 1812 216 1841 non
237 1797 293 1840 sit
313 1795 412 1841 solis
441 1795 531 1851 lux,
556 1795 632 1840 sed
654 1795 776 1856 quasi
798 1811 942 1840 comes
965 1797 1078 1856 ejus,
1104 1796 1246 1840 eidem
1265 1796 1324 1840 ita
1345 1811 1452 1840 con-

51 1869 220 1930 juncta,
244 1876 296 1911 ut
326 1866 514 1911 discerni
546 1866 830 1927 dignoscique
861 1882 952 1911 non
986 1867 1142 1926 possit,
1167 1866 1221 1911 ad
1252 1866 1450 1910 eamdem

58 1938 227 1984 reditur
249 1936 555 1981 difficultatem
577 1936 799 1981 solvendae
826 1938 956 1998 hujus
977 1938 1228 1999 quaestionis
1248 1957 1257 1982 :
1283 1938 1386 1998 quia
1408 1946 1452 1982 et

59 2009 139 2054 ista
160 2008 236 2052 lux
269 2007 423 2052 eodem
455 2006 588 2051 modo
619 2000 817 2068 quo'sol,
843 2017 1053 2068 tanquam
1087 2023 1231 2053 comes
1257 2009 1368 2067 ejus,
1395 2008 1450 2051 ab

58 2095 214 2125 occasu
245 2079 291 2123 in
324 2083 469 2123 ortum
503 2078 761 2123 circumiens
792 2078 940 2136 redit3
977 2088 1021 2123 et
1050 2089 1115 2123 est
1147 2079 1192 2122 in
1225 2079 1306 2123 alia
1329 2088 1451 2139 parte

58 2151 236 2207 mundi,
261 2167 350 2212 quo
372 2160 569 2211 tempore
589 2166 688 2211 pars
708 2151 788 2195 ista
810 2151 858 2194 in
889 2167 975 2212 qua
1000 2167 1164 2207 sumus,
1189 2150 1452 2195 tenebrescit

58 2224 105 2267 in
126 2231 315 2267 noctem.
334 2225 401 2266 Ex
416 2238 505 2283 quo
523 2222 653 2280 cogit,
673 2222 795 2282 quod
817 2222 945 2278 absit,
967 2222 1013 2266 in
1031 2238 1118 2267 una
1134 2231 1257 2282 parte
1273 2222 1451 2266 credere

59 2296 200 2338 Deum
221 2292 374 2347 fuisse,
400 2308 533 2353 quam
555 2302 725 2352 partem
750 2292 827 2337 lux
858 2293 939 2338 ista
970 2293 1209 2349 desereret,
1237 2303 1288 2338 ut
1308 2303 1452 2353 posset

62 2364 102 2408 ei
122 2379 298 2423 vespera
330 2363 438 2407 fieri.
470 2366 539 2407 An
572 2362 685 2408 forte
721 2364 767 2407 in
799 2379 849 2408 ea
872 2373 994 2423 parte
1023 2363 1168 2409 lucem
1197 2363 1380 2419 fecerat,
1406 2365 1451 2408 in

64 2451 152 2495 qua
179 2434 372 2479 facturus
404 2444 496 2479 erat
526 2435 778 2493 hominem3
803 2445 846 2480 et
867 2435 967 2480 ideo
998 2452 1099 2480 cum
1131 2436 1185 2480 ab
1206 2437 1298 2496 ipsa
1330 2445 1451 2496 parte

3 2513 6 2532 ²
62 2505 137 2550 lux
158 2505 437 2563 discessisset,
462 2522 639 2567 vespera
666 2506 782 2552 facta
810 2506 991 2564 dicitur,
1017 2508 1147 2552 etiam
1175 2523 1276 2552 cum
1299 2508 1345 2552 in
1367 2507 1447 2551 alia

112 2597 121 2613 ¹
142 2589 322 2631 Eccli1,5.
