1854 3219
371 159 448 196 136
797 172 828 196 s.
869 171 1096 199 AUGUSTIM
1132 172 1311 199 Eriscori

363 320 432 336 ΜΜ
439 322 503 338 xm}
509 320 645 337 mmmmm
651 320 684 336 V!
689 320 717 336 W!
723 320 858 337 WUWWB'!
866 322 961 338 tvvm&
965 322 996 339 §1
1001 323 1066 339 vm
1073 323 1137 339 vm
1143 324 1208 339 §mx
1214 324 1279 339 mxx
1283 324 1350 339 Ννὶὶ
1357 322 1633 341 WU'WUSMMWV!
1638 325 1745 342 WWW

889 433 1107 483 CAPUT
1145 436 1231 482 XI.

478 579 780 625 Tractantur
797 579 1021 626 versiculi
1038 586 1117 637 111,
1153 585 1208 625 12
1233 590 1278 625 et
1299 586 1355 624 15
1384 580 1640 626 Geneseos.

422 716 628 759 XXXIV.
668 734 688 756 «
713 717 777 759 ET
799 714 906 760 dixit
927 719 1040 760 Deus
1058 735 1066 760 ε
1089 715 1314 760 Germinet
1335 725 1447 759 terra
1469 715 1651 759 herbam
1672 730 1753 774 pa-

366 803 386 826 »
422 785 540 840 buli,
568 784 779 830 ferentem
798 801 944 830 semen
968 786 1210 830 seeundum
1236 801 1371 843 genus
1389 801 1518 829 suum
1540 794 1584 829 et
1600 784 1747 829 simili-

366 875 385 898 »
425 857 644 913 tudinem,
671 866 714 901 et
735 856 903 916 lignum
920 856 1197 902 fructiferum
1214 856 1376 902 faciens
1400 857 1613 911 fructum,
1631 857 1755 917 cujus

366 946 386 968 »
423 944 571 973 semen
608 929 662 974 sit
686 929 730 972 in
752 945 796 973 sc
819 929 1061 974 secundum
1090 945 1212 973 suam
1254 928 1601 973 similitudinem.
1631 931 1755 972 Post-

363 1016 497 1060 quam
523 1000 635 1044 facta
663 1010 764 1044 sunt
788 1010 898 1044 terra
931 1010 973 1043 ct
1002 1015 1143 1054 mare,
1171 1009 1214 1043 et
1244 1009 1393 1044 vocata
1421 1008 1464 1043 et
1489 998 1750 1058 approbata,

362 1070 484 1131 quod
503 1087 617 1130 saepe
638 1070 823 1115 diximus
842 1087 931 1115 non
953 1087 1173 1115 morarum
1191 1070 1428 1115 intervallis
1451 1069 1755 1129 accipiendum

364 1158 474 1196 csse,
497 1157 551 1185 nc
574 1141 843 1185 ineffabilem
866 1142 1084 1201 operantis
1108 1142 1184 1186 Dei
1206 1141 1463 1185 facultatem
1487 1141 1664 1185 tarditas
1682 1139 1757 1183 ali—

362 1229 449 1273 qua
471 1221 785 1272 consequatur,
808 1228 898 1256 non
912 1213 1077 1267 statim7
1098 1213 1208 1256 sicut
1229 1212 1404 1256 duobus
1420 1211 1574 1255 diebus
1590 1226 1755 1271 praece-

366 1283 574 1327 dentibus
591 1318 602 1338 ‚
628 1283 883 1342 subjicitur,
914 1302 933 1324 «
960 1286 1091 1327 Facta
1114 1292 1176 1326 est
1197 1298 1375 1342 vespera
1395 1318 1405 1338 ‚
1432 1292 1474 1326 et
1497 1281 1663 1327 factum
1693 1290 1758 1326 est

366 1371 521 1400 »mane
553 1354 642 1398 dies
662 1354 813 1398 tertius
832 1374 840 1399 :
870 1372 890 1396 »
913 1354 988 1398 sed
1011 1354 1267 1415 adjungitur
1297 1355 1379 1399 alia
1401 1355 1595 1414 operatio
1613 1391 1623 1410 ,
1652 1374 1672 1397 «
1695 1357 1752 1399 Ut

367 1444 387 1467 »
425 1426 640 1484 germinet
668 1435 782 1469 terra
804 1426 986 1469 herbam
1017 1425 1165 1485 pabuli
1191 1426 1403 1470 ferentem
1421 1441 1568 1471 semen
1598 1441 1756 1471 secun-

368 1516 387 1537 »
423 1497 531 1540 dum
554 1512 687 1555 genus
713 1511 841 1540 suum
864 1505 907 1539 et
928 1495 1280 1552 similitudinem,
1302 1506 1345 1541 et
1361 1497 1532 1556 lignum
1555 1496 1756 1542 fructife-

368 1586 388 1609 »
425 1583 523 1611 rum
553 1566 712 1611 faciens
745 1566 938 1611 fructum
953 1601 963 1621 ‚
989 1568 1111 1636 cujus
1136 1582 1283 1611 semen
1305 1567 1359 1611 sit
1381 1567 1426 1611 in
1447 1583 1491 1612 se
1514 1567 1758 1612 secundum

369 1658 388 1679 »
425 1654 547 1683 suam
586 1637 929 1682 similitudinem.
966 1656 985 1678 »
1028 1638 1158 1690 Quod
1191 1637 1246 1681 de
1278 1636 1376 1683 luce
1413 1637 1508 1693 illa,
1542 1648 1586 1682 et
1616 1639 1759 1683 firma-

365 1718 537 1763 mento,
559 1718 601 1751 ct
619 1709 763 1769 aquis,
783 1717 826 1752 et
844 1707 962 1752 arida
979 1707 1146 1752 dietum
1165 1724 1253 1752 non
1277 1717 1362 1765 est3
1384 1724 1473 1752 non
1496 1709 1758 1754 enimhabet

363 1781 439 1824 lux
455 1780 735 1824 successionis
754 1780 1037 1839 propaginem
1055 1814 1065 1834 ,
1085 1788 1158 1823 aut
1176 1778 1340 1823 coelum
1363 1778 1416 1823 de
1433 1779 1518 1824 alio
1535 1779 1647 1824 eoelo
1662 1796 1758 1826 nas-

365 1853 478 1897 citur
493 1887 503 1907 ,
531 1861 606 1895 aut
627 1861 736 1895 terra
746 1860 821 1895 aut
838 1866 956 1894 mare
975 1850 1056 1894 alia
1074 1850 1208 1894 maria
1223 1860 1265 1894 et
1283 1850 1384 1894 alias
1404 1861 1537 1895 terras
1550 1851 1753 1910 gignunt,

363 1940 463 1984 quic
486 1924 734 1968 succedant.
762 1923 842 1967 Hic
866 1937 967 1980 ergo
990 1922 1225 1966 dicendum
1248 1922 1352 1977 suit,
1389 1942 1409 1965 «
1436 1926 1666 1968 Ferentem
1687 1940 1755 1969 se-

367 2013 387 2036 »
420 2010 521 2038 men
547 1993 790 2038 secundum
813 2008 947 2051 genus
970 2009 1097 2037 suum
1120 2002 1163 2036 et
1185 1992 1534 2050 similitudinem,
1567 2004 1611 2039 et
1633 1996 1757 2055 cujus

368 2085 387 2107 n
424 2081 571 2110 semen
589 2067 644 2110 sit
665 2066 709 2109 in
726 2081 769 2109 se
787 2065 1030 2110 secundum
1052 2081 1174 2109 suam
1189 2065 1519 2110 similitudinem
1533 2102 1543 2122 7
1564 2084 1584 2107 »
1606 2067 1685 2111 ubi
1700 2067 1756 2111 si-

364 2138 567 2182 militudo
590 2138 859 2182 nascentium
875 2138 1176 2197 praetereuntis
1198 2137 1529 2182 similitudinem
1543 2148 1700 2184 servat.

422 2211 604 2253 XXXV.
642 2212 745 2254 Haee
769 2219 914 2253 autem
944 2209 1089 2253 omnia
1111 2209 1170 2252 ita
1191 2225 1320 2268 supra
1346 2218 1506 2253 terram
1541 2220 1668 2266 sunt,
1705 2220 1754 2255 ut

366 2281 443 2339 ipsi
464 2289 589 2323 terrae
606 2280 812 2324 radicitus
830 2281 1098 2335 cohaereant,
1119 2289 1162 2324 et
1179 2281 1217 2323 ei
1239 2280 1574 2336 continuentur,
1602 2291 1645 2325 et
1661 2298 1753 2326 rur-

362 2368 457 2395 sum
469 2352 659 2412 quodam
674 2352 803 2396 modo
817 2361 1084 2411 separentur:
1105 2361 1331 2412 propterea
1344 2353 1472 2412 hujus
1483 2362 1651 2397 naturae
1664 2354 1753 2414 sig-

362 2423 657 2467 nificationem
694 2423 739 2466 in
762 2423 840 2467 ista
883 2424 1127 2467 narratione
1156 2432 1367 2468 servatam
1396 2424 1606 2482 arbitror3
1652 2425 1751 2486 quia

363 2503 403 2536 ct
429 2493 579 2537 codem
605 2495 675 2536 (lic
704 2493 811 2537 sacta
836 2503 938 2553 sunst
957 2530 966 2541 ,
1007 2510 1094 2554 quo
1121 2503 1228 2537 terra
1270 2495 1467 2553 apparuit
1496 2511 1504 2534 τ
1537 2505 1580 2538 ct
1608 2504 1752 2538 tamen
