1854 3219
334 197 388 224 DE
421 195 631 225 nocrnnvA
663 193 915 225 CHRISTIANA
946 196 1029 224 Lm.
1066 197 1132 222 111.
1370 186 1424 223 19

41 277 224 325 persona
244 276 415 322 magnae
433 262 662 322 cujusdam
683 262 743 305 rei
765 261 938 320 signum
956 269 1034 305 est.
1061 260 1158 304 Alia
1180 268 1244 303 est
1264 260 1428 320 quippe

40 335 88 378 in
105 333 285 394 perditis
305 333 500 378 moribus
517 367 528 388 ,
554 332 637 376 alia
656 332 702 376 in
719 333 841 376 Oseae
865 332 1091 391 prophetae
1119 330 1427 375 vaticinatione

41 404 292 466 conjunctio
308 403 544 448 meretricis
560 405 573 429 1
602 422 611 447 ε
631 418 711 446 1100
732 402 767 447 si
786 402 998 461 flagitiose
1017 402 1062 445 in
1079 400 1271 446 convivis
1289 409 1431 445 temu-

41 474 261 521 lentorum
287 483 332 519 et
351 474 611 519 lascivorum
638 472 863 518 nudantur
889 488 1071 533 corpora
1086 507 1097 529 ,
1133 480 1362 533 propterea
1384 472 1430 516 in

42 545 211 591 balneis
230 544 401 590 nudum
423 560 512 589 0550
527 579 538 600 ,
564 544 779 604 flagitium
794 553 873 588 est.

101 619 224 661 XIX.
249 615 522 675 Quid-igitur
537 614 642 660 locis
665 624 708 659 et
732 614 1000 674 temporibus
1023 614 1305 675 personisque
1322 628 1430 658 con-

44 688 189 733 veniat
217 687 449 747 diligenter
470 686 786 731 attendendum
808 695 893 741 est,
919 702 975 730 ne
991 695 1153 730 temere
1176 685 1337 744 flagitia
1359 701 1432 729 re-

45 757 382 820 prehendamus,
419 758 533 803 Fieri
573 757 690 801 enim
722 766 892 818 potest,
930 766 979 801 ut
1013 757 1104 801 sine
1141 756 1288 818 aliquo
1326 756 1434 802 vitio

47 829 244 891 cupediae
259 829 329 875 vel
346 830 591 874 voracitatis
613 829 918 889 pretiosissimo
946 829 1045 874 cibo
1068 830 1235 889 sapiens
1256 838 1431 888 utatur,

46 902 255 962 incipiens
277 910 424 946 autem
445 900 685 946 foedissima
703 901 817 960 gulae
832 900 1006 945 flamma
1023 901 1070 944 in
1088 899 1344 945 vilissimum
1367 917 1436 946 ar—

50 975 210 1019 descat.
222 975 280 1018 Et
291 988 419 1018 sanus
431 972 617 1033 quisque
629 971 830 1016 maluerit
840 987 960 1017 more
972 971 1145 1017 Domini
1158 973 1274 1032 pisce
1284 973 1435 1028 vesci2,

51 1060 183 1107 quam
203 1045 411 1090 lenticula
427 1060 548 1089 more
568 1045 683 1089 Esaii
700 1045 869 1104 nepotis
884 1045 1128 1089 Abraham³
1141 1080 1152 1100 ,
1174 1054 1250 1089 aut
1269 1045 1437 1089 hordeo

51 1131 172 1161 more
198 1117 515 1176 jumentorum.
548 1117 648 1161 Non
675 1115 792 1159 enim
827 1124 1058 1175 propterea
1095 1115 1434 1161 continentiores

52 1187 179 1232 nobis
195 1196 297 1232 sunt
312 1187 535 1247 pleraeque
551 1186 702 1244 bestiae
714 1222 724 1242 ,
747 1185 849 1247 quia
869 1185 1097 1231 vilioribus
1121 1187 1298 1232 aluntur
1318 1188 1436 1233 escis.

52 1259 162 1304 Nam
178 1258 225 1301 in
239 1257 444 1303 omnibus
460 1256 766 1317 hujuscemodi
784 1256 930 1311 rebus,
953 1272 1044 1301 non
1057 1272 1109 1301 ex
1131 1274 1281 1302 earum
1296 1273 1443 1302 rerum

53 1337 225 1384 natura,
250 1328 411 1389 quibus
434 1328 600 1371 utimur
616 1363 626 1383 ,
652 1326 728 1371 sed
749 1344 801 1371 ex
821 1343 950 1372 causa
965 1328 1121 1372 utendi
1146 1338 1188 1373 et
1207 1329 1340 1374 modo
1362 1345 1442 1389 ap-

54 1398 233 1460 petendi
253 1398 324 1444 vel
343 1397 624 1459 probandum
656 1406 720 1442 est
747 1397 818 1442 vel
849 1397 1192 1458 improbandum
1223 1400 1344 1460 quod
1374 1399 1442 1445 sa-

56 1470 207 1515 cimus.

113 1543 213 1586 XX.
231 1543 383 1600 Regno
403 1550 584 1586 terreno
611 1548 778 1585 veteres
801 1540 905 1600 justi
927 1539 1102 1585 coeleste
1125 1555 1309 1600 regnum
1331 1542 1443 1587 ima-

59 1613 349 1673 ginabantur,
375 1622 417 1657 et
448 1612 819 1673 praenuntiabant.
850 1612 1127 1657 Sufficiendae
1156 1614 1288 1674 prolis
1317 1630 1448 1660 causa

59 1693 151 1730 erat
168 1699 356 1730 uxorum
381 1683 575 1744 plurium
596 1682 725 1729 simul
752 1683 829 1728 uni
850 1683 944 1728 viro
970 1684 1275 1730 habendarum
1298 1685 1444 1730 incul-

59 1755 215 1817 pabilis
242 1754 537 1813 consuetudo,
561 1764 606 1799 et
637 1753 735 1799 ideo
757 1770 892 1800 unam
910 1753 1139 1800 foeminam
1162 1757 1339 1801 maritos
1369 1757 1447 1802 ha-

61 1827 165 1871 bere
185 1825 395 1887 plurimos
415 1826 649 1871 honestum
667 1842 757 1871 non
779 1836 871 1871 erat
885 1827 900 1852 ⁴
934 1845 942 1871 z
962 1842 1054 1871 non
1076 1827 1192 1871 enim
1214 1827 1370 1872 mulier
1397 1844 1449 1873 00

63 1907 127 1943 est
147 1897 444 1955 foecundior⁵,
482 1898 559 1943 sed
574 1898 820 1943 meretricia
841 1899 986 1958 potius
1011 1898 1239 1959 turpitudo
1266 1909 1355 1956 est,
1380 1899 1453 1945 vel

63 1980 282 2033 quaestum
325 1969 396 2015 vel
428 1969 589 2015 liberos
628 1969 763 2029 vulgo
804 1985 1016 2031 quaerere.
1059 1973 1111 2014 In
1147 1971 1452 2031 hujuscemodi

64 2042 258 2087 moribus
279 2040 499 2103 quidquid
515 2040 692 2086 illorum
706 2050 951 2101 temporum
964 2041 1099 2086 sancti
1114 2057 1203 2085 non
1219 2041 1453 2088 libidinose

65 2112 285 2158 faciebant
301 2147 312 2168 ,
333 2111 530 2172 quamvis
552 2127 600 2156 ea
623 2110 819 2156 facerent
835 2128 935 2173 quae
955 2112 1039 2156 1100
1059 2121 1256 2172 tempore
1278 2113 1360 2157 nisi
1376 2129 1455 2174 per

65 2183 296 2229 libidinem
325 2183 420 2227 fieri
447 2199 538 2228 non
570 2192 774 2243 possunt,
815 2199 906 2228 non
940 2182 1089 2243 culpat
1123 2183 1359 2244 Scriptura.
1397 2188 1456 2229 Et

69 2253 283 2316 quidquid
297 2254 361 2298 ibi
377 2253 463 2299 tale
476 2262 692 2310 narratur,
712 2269 805 2299 non
817 2253 961 2299 solum
976 2254 1180 2300 historice
1195 2271 1243 2300 ac
1260 2256 1451 2316 proprie,

70 2323 146 2371 sed
167 2325 296 2371 etiam
312 2325 498 2385 figurate
517 2340 566 2370 ac
588 2325 844 2385 prophetice
876 2334 1104 2386 acceptum
1125 2361 1136 2382 ,
1160 2326 1456 2387 interpretan-

71 2395 179 2442 dum
199 2405 264 2442 est
295 2412 434 2458 usque
458 2397 504 2442 in
531 2395 665 2441 finem
689 2395 815 2441 illum
841 2397 1062 2443 charitatis
1077 2432 1089 2454 ,
1122 2397 1210 2443 sive
1238 2398 1339 2455 Dei,
1370 2398 1458 2443 sive

119 2500 130 2518 ¹
146 2493 240 2529 oseae
261 2504 285 2536 1,
303 2503 336 2527 2.
352 2511 394 2518 -—
420 2501 434 2518 ²
452 2495 530 2528 Luc.
552 2492 721 2537 xxiv,43.
742 2511 784 2518 —
800 2493 813 2519 3
834 2497 914 2529 Gen.
934 2505 1019 2538 xxv,
1037 2494 1091 2538 34.
1112 2511 1154 2519 -
1178 2494 1259 2530 41d.
1279 2507 1353 2538 xvi,
1374 2497 1407 2540 3,
1426 2499 1461 2530 et

75 2560 150 2593 xxv,
171 2562 201 2584 ι.
217 2567 253 2575 -
275 2549 325 2584 ⁵2
342 2553 420 2594 Reg.
440 2562 476 2593 v,
499 2550 551 2584 13.

1204 2606 1242 2645 Ξ.
