<?xml version="1.0" encoding="UTF-8"?>
<!DOCTYPE html PUBLIC "-//W3C//DTD XHTML 1.0 Transitional//EN"
    "http://www.w3.org/TR/xhtml1/DTD/xhtml1-transitional.dtd">
<html xmlns="http://www.w3.org/1999/xhtml" xml:lang="en" lang="en">
 <head>
  <title>
</title>
<meta http-equiv="Content-Type" content="text/html;charset=utf-8" />
  <meta name='ocr-system' content='tesseract 3.04.00' />
  <meta name='ocr-capabilities' content='ocr_page ocr_carea ocr_par ocr_line ocrx_word'/>
</head>
<body>
  <div class='ocr_page' id='page_1' title='image "./operaomniaaccura05auguuoft_0015.png"; bbox 0 0 1854 3219; ppageno 0'>
   <div class='ocr_carea' id='block_1_1' title="bbox 343 139 1445 192">
    <p class='ocr_par' dir='ltr' id='par_1_1' title="bbox 343 139 1445 192">
     <span class='ocr_line' id='line_1_1' title="bbox 343 139 1445 192; baseline -0.006 -6"><span class='ocrx_word' id='word_1_1' title='bbox 343 159 397 186; x_wconf 86' lang='lat' dir='ltr'>DE</span> <span class='ocrx_word' id='word_1_2' title='bbox 430 156 639 186; x_wconf 67' lang='lat' dir='ltr'>Doc&#39;rMNA</span> <span class='ocrx_word' id='word_1_3' title='bbox 671 153 940 192; x_wconf 75' lang='lat' dir='ltr'>CHRISTIANA,</span> <span class='ocrx_word' id='word_1_4' title='bbox 978 155 1059 182; x_wconf 78' lang='lat' dir='ltr'>Lm.</span> <span class='ocrx_word' id='word_1_5' title='bbox 1096 155 1161 180; x_wconf 90' lang='lat'>111.</span> <span class='ocrx_word' id='word_1_6' title='bbox 1421 139 1445 179; x_wconf 85' lang='lat'>5</span> 
     </span>
    </p>
   </div>
   <div class='ocr_carea' id='block_1_2' title="bbox 0 218 1456 2479">
    <p class='ocr_par' dir='ltr' id='par_1_2' title="bbox 59 218 1446 495">
     <span class='ocr_line' id='line_1_2' title="bbox 62 218 1442 283; baseline -0.004 -16"><span class='ocrx_word' id='word_1_7' title='bbox 62 223 278 283; x_wconf 87' lang='lat' dir='ltr'>partibus,</span> <span class='ocrx_word' id='word_1_8' title='bbox 309 239 408 283; x_wconf 84' lang='lat' dir='ltr'>quae</span> <span class='ocrx_word' id='word_1_9' title='bbox 440 221 767 281; x_wconf 78' lang='lat' dir='ltr'>ambiguitatem</span> <span class='ocrx_word' id='word_1_10' title='bbox 790 219 910 264; x_wconf 89' lang='lat' dir='ltr'>illam</span> <span class='ocrx_word' id='word_1_11' title='bbox 931 219 978 262; x_wconf 86' lang='lat' dir='ltr'>in</span> <span class='ocrx_word' id='word_1_12' title='bbox 998 218 1142 263; x_wconf 87' lang='lat' dir='ltr'>medio</span> <span class='ocrx_word' id='word_1_13' title='bbox 1179 225 1442 278; x_wconf 87' lang='lat' dir='ltr'>posuerunt,</span> 
     </span>
     <span class='ocr_line' id='line_1_3' title="bbox 61 288 1445 347; baseline -0.005 -9"><span class='ocrx_word' id='word_1_14' title='bbox 61 302 194 338; x_wconf 86' lang='lat' dir='ltr'>restat</span> <span class='ocrx_word' id='word_1_15' title='bbox 224 292 538 347; x_wconf 87' lang='lat' dir='ltr'>consulendus,</span> <span class='ocrx_word' id='word_1_16' title='bbox 569 300 619 336; x_wconf 89' lang='lat' dir='ltr'>ut</span> <span class='ocrx_word' id='word_1_17' title='bbox 651 291 873 336; x_wconf 86' lang='lat' dir='ltr'>videamus</span> <span class='ocrx_word' id='word_1_18' title='bbox 905 290 1078 334; x_wconf 89' lang='lat' dir='ltr'>cuinam</span> <span class='ocrx_word' id='word_1_19' title='bbox 1109 288 1361 343; x_wconf 76' lang='lat' dir='ltr'>sententiae,</span> <span class='ocrx_word' id='word_1_20' title='bbox 1389 288 1445 332; x_wconf 88' lang='lat' dir='ltr'>de</span> 
     </span>
     <span class='ocr_line' id='line_1_4' title="bbox 61 360 1446 426; baseline -0.004 -17"><span class='ocrx_word' id='word_1_21' title='bbox 61 363 261 425; x_wconf 90' lang='lat' dir='ltr'>pluribus</span> <span class='ocrx_word' id='word_1_22' title='bbox 299 380 398 426; x_wconf 74' lang='lat' dir='ltr'>quae</span> <span class='ocrx_word' id='word_1_23' title='bbox 431 379 474 408; x_wconf 91' lang='lat' dir='ltr'>se</span> <span class='ocrx_word' id='word_1_24' title='bbox 507 362 765 419; x_wconf 77' lang='lat' dir='ltr'>ostendimt,</span> <span class='ocrx_word' id='word_1_25' title='bbox 801 361 911 406; x_wconf 86' lang='lat' dir='ltr'>ferat</span> <span class='ocrx_word' id='word_1_26' title='bbox 946 360 1223 421; x_wconf 79' lang='lat' dir='ltr'>suffragium,</span> <span class='ocrx_word' id='word_1_27' title='bbox 1260 374 1446 420; x_wconf 88' lang='lat' dir='ltr'>eamque</span> 
     </span>
     <span class='ocr_line' id='line_1_5' title="bbox 59 435 554 495; baseline -0.006 -14"><span class='ocrx_word' id='word_1_28' title='bbox 59 435 142 481; x_wconf 81' lang='lat' dir='ltr'>sibi</span> <span class='ocrx_word' id='word_1_29' title='bbox 159 435 330 480; x_wconf 84' lang='lat' dir='ltr'>contexi</span> <span class='ocrx_word' id='word_1_30' title='bbox 351 435 554 495; x_wconf 88' lang='lat' dir='ltr'>patiatur.</span> 
     </span>
    </p>

    <p class='ocr_par' dir='ltr' id='par_1_3' title="bbox 0 502 1451 1065">
     <span class='ocr_line' id='line_1_6' title="bbox 0 502 1449 567; baseline -0.004 -14"><span class='ocrx_word' id='word_1_31' title='bbox 0 557 2 564; x_wconf 60' lang='grc'><strong>,</strong></span> <span class='ocrx_word' id='word_1_32' title='bbox 118 510 200 552; x_wconf 90' lang='grc' dir='ltr'><strong>ΙΙΙ.</strong></span> <span class='ocrx_word' id='word_1_33' title='bbox 222 510 247 552; x_wconf 88' lang='lat' dir='ltr'>J</span> <span class='ocrx_word' id='word_1_34' title='bbox 250 523 320 552; x_wconf 90' lang='lat' dir='ltr'>am</span> <span class='ocrx_word' id='word_1_35' title='bbox 337 523 456 552; x_wconf 90' lang='lat' dir='ltr'>nunc</span> <span class='ocrx_word' id='word_1_36' title='bbox 475 507 673 567; x_wconf 83' lang='lat' dir='ltr'>exempla</span> <span class='ocrx_word' id='word_1_37' title='bbox 695 504 935 551; x_wconf 84' lang='lat' dir='ltr'>considera.</span> <span class='ocrx_word' id='word_1_38' title='bbox 956 503 1036 549; x_wconf 87' lang='lat' dir='ltr'>Illa</span> <span class='ocrx_word' id='word_1_39' title='bbox 1049 503 1254 548; x_wconf 85' lang='lat' dir='ltr'>haeretica</span> <span class='ocrx_word' id='word_1_40' title='bbox 1267 502 1449 547; x_wconf 88' lang='lat' dir='ltr'>distinc-</span> 
     </span>
     <span class='ocr_line' id='line_1_7' title="bbox 0 567 1450 639; baseline -0.005 -16"><span class='ocrx_word' id='word_1_41' title='bbox 0 567 2 597; x_wconf 56' lang='lat'><em>³</em></span> <span class='ocrx_word' id='word_1_42' title='bbox 61 579 148 634; x_wconf 85' lang='lat' dir='ltr'>tio,</span> <span class='ocrx_word' id='word_1_43' title='bbox 186 597 206 621; x_wconf 92' lang='lat'>«</span> <span class='ocrx_word' id='word_1_44' title='bbox 233 581 285 623; x_wconf 92' lang='lat' dir='ltr'>In</span> <span class='ocrx_word' id='word_1_45' title='bbox 305 578 519 639; x_wconf 85' lang='lat' dir='ltr'>principio</span> <span class='ocrx_word' id='word_1_46' title='bbox 552 587 644 622; x_wconf 90' lang='lat' dir='ltr'>erat</span> <span class='ocrx_word' id='word_1_47' title='bbox 676 577 873 622; x_wconf 85' lang='lat' dir='ltr'><strong>Verbum</strong></span> <span class='ocrx_word' id='word_1_48' title='bbox 889 611 900 631; x_wconf 95' lang='lat'>,</span> <span class='ocrx_word' id='word_1_49' title='bbox 927 584 970 619; x_wconf 90' lang='lat' dir='ltr'>et</span> <span class='ocrx_word' id='word_1_50' title='bbox 991 575 1187 619; x_wconf 82' lang='lat' dir='ltr'>Verbum</span> <span class='ocrx_word' id='word_1_51' title='bbox 1210 583 1302 618; x_wconf 88' lang='lat' dir='ltr'>erat</span> <span class='ocrx_word' id='word_1_52' title='bbox 1330 571 1450 633; x_wconf 88' lang='lat' dir='ltr'>apud</span> 
     </span>
     <span class='ocr_line' id='line_1_8' title="bbox 0 643 1450 704; baseline -0.003 -14"><span class='ocrx_word' id='word_1_53' title='bbox 0 667 2 678; x_wconf 44' lang='grc' dir='ltr'>ι</span> <span class='ocrx_word' id='word_1_54' title='bbox 61 665 83 690; x_wconf 66' lang='grc'>1)</span> <span class='ocrx_word' id='word_1_55' title='bbox 108 651 271 704; x_wconf 91' lang='lat' dir='ltr'>Deum,</span> <span class='ocrx_word' id='word_1_56' title='bbox 297 658 341 693; x_wconf 92' lang='lat' dir='ltr'>et</span> <span class='ocrx_word' id='word_1_57' title='bbox 362 652 476 694; x_wconf 90' lang='lat' dir='ltr'>Deus</span> <span class='ocrx_word' id='word_1_58' title='bbox 499 651 613 693; x_wconf 86' lang='lat' dir='ltr'>erat1</span> <span class='ocrx_word' id='word_1_59' title='bbox 630 683 641 703; x_wconf 87' lang='lat'>,</span> <span class='ocrx_word' id='word_1_60' title='bbox 672 666 692 690; x_wconf 72' lang='lat' dir='ltr'>n</span> <span class='ocrx_word' id='word_1_61' title='bbox 713 657 763 692; x_wconf 92' lang='lat' dir='ltr'>ut</span> <span class='ocrx_word' id='word_1_62' title='bbox 785 647 893 692; x_wconf 89' lang='lat' dir='ltr'>alius</span> <span class='ocrx_word' id='word_1_63' title='bbox 917 661 1063 691; x_wconf 88' lang='lat' dir='ltr'>sensus</span> <span class='ocrx_word' id='word_1_64' title='bbox 1086 645 1140 690; x_wconf 91' lang='lat' dir='ltr'>sit</span> <span class='ocrx_word' id='word_1_65' title='bbox 1156 680 1167 701; x_wconf 92' lang='lat'>,</span> <span class='ocrx_word' id='word_1_66' title='bbox 1207 664 1228 688; x_wconf 92' lang='lat'>«</span> <span class='ocrx_word' id='word_1_67' title='bbox 1250 643 1450 688; x_wconf 81' lang='lat' dir='ltr'>Verbum</span> 
     </span>
     <span class='ocr_line' id='line_1_9' title="bbox 61 714 1449 780; baseline -0.003 -18"><span class='ocrx_word' id='word_1_68' title='bbox 61 737 83 762; x_wconf 88' lang='lat'>»</span> <span class='ocrx_word' id='word_1_69' title='bbox 107 720 192 765; x_wconf 88' lang='lat' dir='ltr'>hoc</span> <span class='ocrx_word' id='word_1_70' title='bbox 222 728 314 764; x_wconf 84' lang='lat' dir='ltr'>erat</span> <span class='ocrx_word' id='word_1_71' title='bbox 335 719 381 764; x_wconf 92' lang='lat' dir='ltr'>in</span> <span class='ocrx_word' id='word_1_72' title='bbox 403 719 617 780; x_wconf 89' lang='lat' dir='ltr'>principio</span> <span class='ocrx_word' id='word_1_73' title='bbox 639 718 756 779; x_wconf 83' lang='lat' dir='ltr'>apud</span> <span class='ocrx_word' id='word_1_74' title='bbox 778 722 941 774; x_wconf 89' lang='lat' dir='ltr'>Deum,</span> <span class='ocrx_word' id='word_1_75' title='bbox 970 736 991 759; x_wconf 85' lang='lat'>»</span> <span class='ocrx_word' id='word_1_76' title='bbox 1016 733 1107 762; x_wconf 92' lang='lat' dir='ltr'>non</span> <span class='ocrx_word' id='word_1_77' title='bbox 1126 715 1225 761; x_wconf 88' lang='lat' dir='ltr'>vult</span> <span class='ocrx_word' id='word_1_78' title='bbox 1251 714 1449 759; x_wconf 84' lang='lat' dir='ltr'>Verbum</span> 
     </span>
     <span class='ocr_line' id='line_1_10' title="bbox 44 787 1449 850; baseline -0.003 -14"><span class='ocrx_word' id='word_1_79' title='bbox 44 793 197 850; x_wconf 16' lang='lat' dir='ltr'>uDeum</span> <span class='ocrx_word' id='word_1_80' title='bbox 213 792 426 836; x_wconf 82' lang='lat' dir='ltr'>confiteri.</span> <span class='ocrx_word' id='word_1_81' title='bbox 454 790 539 836; x_wconf 88' lang='lat' dir='ltr'>Sed</span> <span class='ocrx_word' id='word_1_82' title='bbox 556 792 639 836; x_wconf 88' lang='lat' dir='ltr'>hoc</span> <span class='ocrx_word' id='word_1_83' title='bbox 658 790 803 849; x_wconf 83' lang='lat' dir='ltr'>regula</span> <span class='ocrx_word' id='word_1_84' title='bbox 822 789 924 834; x_wconf 91' lang='lat' dir='ltr'>fidei</span> <span class='ocrx_word' id='word_1_85' title='bbox 946 787 1239 833; x_wconf 89' lang='lat' dir='ltr'>refellendum</span> <span class='ocrx_word' id='word_1_86' title='bbox 1257 796 1342 842; x_wconf 91' lang='lat' dir='ltr'>est,</span> <span class='ocrx_word' id='word_1_87' title='bbox 1362 801 1449 847; x_wconf 82' lang='lat' dir='ltr'>qua</span> 
     </span>
     <span class='ocr_line' id='line_1_11' title="bbox 56 858 1446 923; baseline -0.004 -16"><span class='ocrx_word' id='word_1_88' title='bbox 56 862 183 908; x_wconf 88' lang='lat' dir='ltr'>nobis</span> <span class='ocrx_word' id='word_1_89' title='bbox 206 862 260 907; x_wconf 89' lang='lat' dir='ltr'>de</span> <span class='ocrx_word' id='word_1_90' title='bbox 285 862 505 907; x_wconf 82' lang='lat' dir='ltr'>Trinitatis</span> <span class='ocrx_word' id='word_1_91' title='bbox 533 862 784 923; x_wconf 77' lang='lat' dir='ltr'>aequalitate</span> <span class='ocrx_word' id='word_1_92' title='bbox 804 861 1122 922; x_wconf 71' lang='lat' dir='ltr'>praescribitur,</span> <span class='ocrx_word' id='word_1_93' title='bbox 1155 869 1207 904; x_wconf 89' lang='lat' dir='ltr'>ut</span> <span class='ocrx_word' id='word_1_94' title='bbox 1229 858 1446 912; x_wconf 86' lang='lat' dir='ltr'>dicamus,</span> 
     </span>
     <span class='ocr_line' id='line_1_12' title="bbox 61 933 1451 994; baseline -0.002 -17"><span class='ocrx_word' id='word_1_95' title='bbox 61 953 82 977; x_wconf 76' lang='grc' dir='ltr'>κ</span> <span class='ocrx_word' id='word_1_96' title='bbox 104 937 161 979; x_wconf 91' lang='lat' dir='ltr'>Et</span> <span class='ocrx_word' id='word_1_97' title='bbox 184 937 299 980; x_wconf 90' lang='lat' dir='ltr'>Deus</span> <span class='ocrx_word' id='word_1_98' title='bbox 321 943 412 979; x_wconf 90' lang='lat' dir='ltr'>crat</span> <span class='ocrx_word' id='word_1_99' title='bbox 437 934 634 979; x_wconf 89' lang='lat' dir='ltr'>Verbum</span> <span class='ocrx_word' id='word_1_100' title='bbox 674 954 682 980; x_wconf 91' lang='lat'>:</span> <span class='ocrx_word' id='word_1_101' title='bbox 711 953 731 976; x_wconf 90' lang='lat'>»</span> <span class='ocrx_word' id='word_1_102' title='bbox 764 933 922 978; x_wconf 87' lang='lat' dir='ltr'>deinde</span> <span class='ocrx_word' id='word_1_103' title='bbox 943 933 1280 994; x_wconf 80' lang='lat' dir='ltr'>subjungamus,</span> <span class='ocrx_word' id='word_1_104' title='bbox 1310 949 1330 973; x_wconf 87' lang='lat'>«</span> <span class='ocrx_word' id='word_1_105' title='bbox 1356 933 1451 975; x_wconf 84' lang='lat' dir='ltr'>Hoc</span> 
     </span>
     <span class='ocr_line' id='line_1_13' title="bbox 59 1005 858 1065; baseline -0.003 -17"><span class='ocrx_word' id='word_1_106' title='bbox 59 1020 81 1048; x_wconf 90' lang='lat'>»</span> <span class='ocrx_word' id='word_1_107' title='bbox 107 1015 200 1050; x_wconf 87' lang='lat' dir='ltr'>erat</span> <span class='ocrx_word' id='word_1_108' title='bbox 215 1006 260 1050; x_wconf 90' lang='lat' dir='ltr'>in</span> <span class='ocrx_word' id='word_1_109' title='bbox 280 1005 495 1065; x_wconf 89' lang='lat' dir='ltr'>principio</span> <span class='ocrx_word' id='word_1_110' title='bbox 518 1005 636 1065; x_wconf 86' lang='lat' dir='ltr'>apud</span> <span class='ocrx_word' id='word_1_111' title='bbox 654 1008 808 1050; x_wconf 89' lang='lat' dir='ltr'>Deum.</span> <span class='ocrx_word' id='word_1_112' title='bbox 837 1023 858 1047; x_wconf 77' lang='lat'>&gt;›</span> 
     </span>
    </p>

    <p class='ocr_par' dir='ltr' id='par_1_4' title="bbox 57 1075 1456 2479">
     <span class='ocr_line' id='line_1_14' title="bbox 117 1075 1450 1137; baseline -0.003 -16"><span class='ocrx_word' id='word_1_113' title='bbox 117 1079 192 1121; x_wconf 89' lang='lat' dir='ltr'>IV.</span> <span class='ocrx_word' id='word_1_114' title='bbox 220 1076 300 1120; x_wconf 92' lang='lat' dir='ltr'>Illa</span> <span class='ocrx_word' id='word_1_115' title='bbox 319 1092 423 1122; x_wconf 90' lang='lat' dir='ltr'>vero</span> <span class='ocrx_word' id='word_1_116' title='bbox 446 1075 733 1137; x_wconf 77' lang='lat' dir='ltr'>distinctionis</span> <span class='ocrx_word' id='word_1_117' title='bbox 763 1075 1022 1135; x_wconf 80' lang='lat' dir='ltr'>ambiguitas</span> <span class='ocrx_word' id='word_1_118' title='bbox 1054 1084 1208 1119; x_wconf 88' lang='lat' dir='ltr'>neutra</span> <span class='ocrx_word' id='word_1_119' title='bbox 1233 1083 1356 1134; x_wconf 86' lang='lat' dir='ltr'>parte</span> <span class='ocrx_word' id='word_1_120' title='bbox 1378 1088 1450 1118; x_wconf 68' lang='lat' dir='ltr'>rc-</span> 
     </span>
     <span class='ocr_line' id='line_1_15' title="bbox 57 1145 1444 1207; baseline -0.002 -15"><span class='ocrx_word' id='word_1_121' title='bbox 57 1147 166 1192; x_wconf 87' lang='lat' dir='ltr'>sistit</span> <span class='ocrx_word' id='word_1_122' title='bbox 187 1146 311 1203; x_wconf 80' lang='lat' dir='ltr'>fidei,</span> <span class='ocrx_word' id='word_1_123' title='bbox 347 1156 389 1191; x_wconf 89' lang='lat' dir='ltr'>et</span> <span class='ocrx_word' id='word_1_124' title='bbox 410 1146 510 1192; x_wconf 87' lang='lat' dir='ltr'>ideo</span> <span class='ocrx_word' id='word_1_125' title='bbox 541 1156 663 1192; x_wconf 84' lang='lat' dir='ltr'>textu</span> <span class='ocrx_word' id='word_1_126' title='bbox 689 1148 782 1207; x_wconf 89' lang='lat' dir='ltr'>ipso</span> <span class='ocrx_word' id='word_1_127' title='bbox 803 1147 1011 1192; x_wconf 90' lang='lat' dir='ltr'>sermonis</span> <span class='ocrx_word' id='word_1_128' title='bbox 1043 1145 1324 1207; x_wconf 80' lang='lat' dir='ltr'>dijudicanda</span> <span class='ocrx_word' id='word_1_129' title='bbox 1357 1155 1444 1202; x_wconf 87' lang='lat' dir='ltr'>est,</span> 
     </span>
     <span class='ocr_line' id='line_1_16' title="bbox 57 1215 1451 1278; baseline -0.001 -16"><span class='ocrx_word' id='word_1_130' title='bbox 57 1217 135 1262; x_wconf 88' lang='lat' dir='ltr'>ubi</span> <span class='ocrx_word' id='word_1_131' title='bbox 157 1217 216 1261; x_wconf 88' lang='lat' dir='ltr'>ait</span> <span class='ocrx_word' id='word_1_132' title='bbox 250 1216 505 1276; x_wconf 79' lang='lat' dir='ltr'>Apostolus,</span> <span class='ocrx_word' id='word_1_133' title='bbox 537 1237 558 1260; x_wconf 91' lang='lat'>«</span> <span class='ocrx_word' id='word_1_134' title='bbox 583 1221 640 1262; x_wconf 90' lang='lat' dir='ltr'>Et</span> <span class='ocrx_word' id='word_1_135' title='bbox 672 1217 781 1278; x_wconf 85' lang='lat' dir='ltr'>quid</span> <span class='ocrx_word' id='word_1_136' title='bbox 803 1218 958 1276; x_wconf 81' lang='lat' dir='ltr'>eligam</span> <span class='ocrx_word' id='word_1_137' title='bbox 989 1218 1142 1276; x_wconf 82' lang='lat' dir='ltr'>ignoro</span> <span class='ocrx_word' id='word_1_138' title='bbox 1169 1237 1178 1261; x_wconf 72' lang='grc' dir='ltr'>ε</span> <span class='ocrx_word' id='word_1_139' title='bbox 1209 1215 1451 1276; x_wconf 85' lang='lat' dir='ltr'>compellor</span> 
     </span>
     <span class='ocr_line' id='line_1_17' title="bbox 59 1286 1452 1346; baseline -0.001 -15"><span class='ocrx_word' id='word_1_140' title='bbox 59 1304 82 1331; x_wconf 85' lang='lat'>)›</span> <span class='ocrx_word' id='word_1_141' title='bbox 107 1295 253 1332; x_wconf 89' lang='lat' dir='ltr'>autem</span> <span class='ocrx_word' id='word_1_142' title='bbox 277 1302 329 1330; x_wconf 86' lang='lat' dir='ltr'>ex</span> <span class='ocrx_word' id='word_1_143' title='bbox 350 1287 547 1345; x_wconf 75' lang='lat' dir='ltr'>duobus,</span> <span class='ocrx_word' id='word_1_144' title='bbox 572 1288 967 1346; x_wconf 84' lang='lat' dir='ltr'>concupiscentiam</span> <span class='ocrx_word' id='word_1_145' title='bbox 995 1287 1161 1331; x_wconf 89' lang='lat' dir='ltr'>habens</span> <span class='ocrx_word' id='word_1_146' title='bbox 1183 1286 1380 1341; x_wconf 87' lang='lat' dir='ltr'>dissolvi,</span> <span class='ocrx_word' id='word_1_147' title='bbox 1408 1296 1452 1330; x_wconf 90' lang='lat' dir='ltr'>et</span> 
     </span>
     <span class='ocr_line' id='line_1_18' title="bbox 60 1357 1452 1418; baseline 0.001 -18"><span class='ocrx_word' id='word_1_148' title='bbox 60 1376 82 1401; x_wconf 83' lang='lat'>&gt;›</span> <span class='ocrx_word' id='word_1_149' title='bbox 108 1374 198 1403; x_wconf 88' lang='lat' dir='ltr'>esse</span> <span class='ocrx_word' id='word_1_150' title='bbox 216 1373 318 1403; x_wconf 87' lang='lat' dir='ltr'>cum</span> <span class='ocrx_word' id='word_1_151' title='bbox 340 1358 537 1416; x_wconf 75' lang='lat' dir='ltr'>Christo,</span> <span class='ocrx_word' id='word_1_152' title='bbox 557 1357 699 1402; x_wconf 86' lang='lat' dir='ltr'>multo</span> <span class='ocrx_word' id='word_1_153' title='bbox 718 1359 834 1401; x_wconf 88' lang='lat' dir='ltr'>enim</span> <span class='ocrx_word' id='word_1_154' title='bbox 846 1358 983 1417; x_wconf 84' lang='lat' dir='ltr'>inagis</span> <span class='ocrx_word' id='word_1_155' title='bbox 1006 1359 1222 1418; x_wconf 90' lang='lat' dir='ltr'>optimum</span> <span class='ocrx_word' id='word_1_156' title='bbox 1245 1377 1253 1403; x_wconf 82' lang='lat'>2</span> <span class='ocrx_word' id='word_1_157' title='bbox 1274 1372 1452 1402; x_wconf 87' lang='lat' dir='ltr'>manere</span> 
     </span>
     <span class='ocr_line' id='line_1_19' title="bbox 61 1428 1451 1488; baseline 0.001 -17"><span class='ocrx_word' id='word_1_158' title='bbox 61 1429 153 1473; x_wconf 92' lang='lat' dir='ltr'>»in</span> <span class='ocrx_word' id='word_1_159' title='bbox 186 1443 315 1472; x_wconf 87' lang='lat' dir='ltr'>carne</span> <span class='ocrx_word' id='word_1_160' title='bbox 347 1428 636 1472; x_wconf 87' lang='lat' dir='ltr'>necessarium</span> <span class='ocrx_word' id='word_1_161' title='bbox 656 1438 834 1488; x_wconf 88' lang='lat' dir='ltr'>propter</span> <span class='ocrx_word' id='word_1_162' title='bbox 854 1430 976 1473; x_wconf 80' lang='lat' dir='ltr'>vos2.</span> <span class='ocrx_word' id='word_1_163' title='bbox 1016 1447 1036 1470; x_wconf 86' lang='lat'>»</span> <span class='ocrx_word' id='word_1_164' title='bbox 1077 1430 1300 1473; x_wconf 81' lang='lat' dir='ltr'>Incertum</span> <span class='ocrx_word' id='word_1_165' title='bbox 1335 1429 1451 1472; x_wconf 91' lang='lat' dir='ltr'>enim</span> 
     </span>
     <span class='ocr_line' id='line_1_20' title="bbox 59 1498 1452 1559; baseline 0 -16"><span class='ocrx_word' id='word_1_166' title='bbox 59 1508 144 1555; x_wconf 90' lang='lat' dir='ltr'>cst,</span> <span class='ocrx_word' id='word_1_167' title='bbox 175 1508 326 1543; x_wconf 89' lang='lat' dir='ltr'>utrum</span> <span class='ocrx_word' id='word_1_168' title='bbox 362 1518 383 1542; x_wconf 76' lang='lat'>‹(</span> <span class='ocrx_word' id='word_1_169' title='bbox 424 1501 490 1543; x_wconf 84' lang='lat' dir='ltr'>Ex</span> <span class='ocrx_word' id='word_1_170' title='bbox 528 1498 702 1543; x_wconf 88' lang='lat' dir='ltr'>duobus</span> <span class='ocrx_word' id='word_1_171' title='bbox 739 1499 1139 1559; x_wconf 86' lang='lat' dir='ltr'>concupiscentiam</span> <span class='ocrx_word' id='word_1_172' title='bbox 1162 1499 1351 1555; x_wconf 87' lang='lat' dir='ltr'>habens,</span> <span class='ocrx_word' id='word_1_173' title='bbox 1384 1515 1452 1543; x_wconf 73' lang='lat' dir='ltr'>an</span> 
     </span>
     <span class='ocr_line' id='line_1_21' title="bbox 61 1568 1448 1631; baseline -0.001 -17"><span class='ocrx_word' id='word_1_174' title='bbox 61 1587 82 1614; x_wconf 88' lang='lat'>&gt;›</span> <span class='ocrx_word' id='word_1_175' title='bbox 108 1569 349 1631; x_wconf 89' lang='lat' dir='ltr'>compellor</span> <span class='ocrx_word' id='word_1_176' title='bbox 382 1579 529 1614; x_wconf 86' lang='lat' dir='ltr'>autem</span> <span class='ocrx_word' id='word_1_177' title='bbox 558 1585 610 1614; x_wconf 87' lang='lat' dir='ltr'>ex</span> <span class='ocrx_word' id='word_1_178' title='bbox 637 1568 832 1625; x_wconf 86' lang='lat' dir='ltr'>duobus,</span> <span class='ocrx_word' id='word_1_179' title='bbox 870 1588 890 1610; x_wconf 70' lang='lat' dir='ltr'>n</span> <span class='ocrx_word' id='word_1_180' title='bbox 932 1579 982 1614; x_wconf 92' lang='lat' dir='ltr'>ut</span> <span class='ocrx_word' id='word_1_181' title='bbox 1017 1568 1129 1614; x_wconf 89' lang='lat' dir='ltr'>illud</span> <span class='ocrx_word' id='word_1_182' title='bbox 1163 1569 1448 1631; x_wconf 85' lang='lat' dir='ltr'>adjungatur,</span> 
     </span>
     <span class='ocr_line' id='line_1_22' title="bbox 65 1640 1449 1701; baseline 0 -18"><span class='ocrx_word' id='word_1_183' title='bbox 65 1660 84 1684; x_wconf 87' lang='lat'>«</span> <span class='ocrx_word' id='word_1_184' title='bbox 108 1641 520 1701; x_wconf 88' lang='lat' dir='ltr'>Concupiscentiam</span> <span class='ocrx_word' id='word_1_185' title='bbox 537 1640 704 1685; x_wconf 87' lang='lat' dir='ltr'>habens</span> <span class='ocrx_word' id='word_1_186' title='bbox 723 1640 914 1696; x_wconf 83' lang='lat' dir='ltr'>dissolvi,</span> <span class='ocrx_word' id='word_1_187' title='bbox 932 1650 974 1685; x_wconf 89' lang='lat' dir='ltr'>et</span> <span class='ocrx_word' id='word_1_188' title='bbox 997 1656 1086 1686; x_wconf 88' lang='lat' dir='ltr'>esse</span> <span class='ocrx_word' id='word_1_189' title='bbox 1103 1657 1204 1686; x_wconf 90' lang='lat' dir='ltr'>cum</span> <span class='ocrx_word' id='word_1_190' title='bbox 1216 1642 1403 1686; x_wconf 85' lang='lat' dir='ltr'>Christo.</span> <span class='ocrx_word' id='word_1_191' title='bbox 1427 1659 1449 1683; x_wconf 86' lang='lat'>»</span> 
     </span>
     <span class='ocr_line' id='line_1_23' title="bbox 61 1710 1446 1773; baseline -0.003 -16"><span class='ocrx_word' id='word_1_192' title='bbox 61 1711 145 1758; x_wconf 82' lang='lat' dir='ltr'>Sed</span> <span class='ocrx_word' id='word_1_193' title='bbox 158 1712 366 1772; x_wconf 88' lang='lat' dir='ltr'>quoniam</span> <span class='ocrx_word' id='word_1_194' title='bbox 382 1712 442 1756; x_wconf 89' lang='lat' dir='ltr'>ita</span> <span class='ocrx_word' id='word_1_195' title='bbox 455 1711 668 1772; x_wconf 87' lang='lat' dir='ltr'>sequitur,</span> <span class='ocrx_word' id='word_1_196' title='bbox 691 1731 712 1754; x_wconf 88' lang='lat'>«</span> <span class='ocrx_word' id='word_1_197' title='bbox 727 1710 869 1757; x_wconf 87' lang='lat' dir='ltr'>Multo</span> <span class='ocrx_word' id='word_1_198' title='bbox 885 1713 1001 1756; x_wconf 90' lang='lat' dir='ltr'>enim</span> <span class='ocrx_word' id='word_1_199' title='bbox 1018 1713 1154 1772; x_wconf 87' lang='lat' dir='ltr'>magis</span> <span class='ocrx_word' id='word_1_200' title='bbox 1167 1713 1399 1773; x_wconf 88' lang='lat' dir='ltr'>optimum,</span> <span class='ocrx_word' id='word_1_201' title='bbox 1425 1731 1446 1754; x_wconf 84' lang='lat'>»</span> 
     </span>
     <span class='ocr_line' id='line_1_24' title="bbox 60 1781 1446 1843; baseline 0.001 -17"><span class='ocrx_word' id='word_1_202' title='bbox 60 1791 238 1842; x_wconf 84' lang='lat' dir='ltr'>apparet</span> <span class='ocrx_word' id='word_1_203' title='bbox 252 1797 354 1826; x_wconf 91' lang='lat' dir='ltr'>eum</span> <span class='ocrx_word' id='word_1_204' title='bbox 371 1782 460 1842; x_wconf 83' lang='lat' dir='ltr'>ejus</span> <span class='ocrx_word' id='word_1_205' title='bbox 474 1781 625 1841; x_wconf 91' lang='lat' dir='ltr'>optimi</span> <span class='ocrx_word' id='word_1_206' title='bbox 640 1781 785 1826; x_wconf 87' lang='lat' dir='ltr'>dicere</span> <span class='ocrx_word' id='word_1_207' title='bbox 797 1797 841 1826; x_wconf 88' lang='lat' dir='ltr'>se</span> <span class='ocrx_word' id='word_1_208' title='bbox 854 1782 1018 1826; x_wconf 86' lang='lat' dir='ltr'>habere</span> <span class='ocrx_word' id='word_1_209' title='bbox 1030 1783 1446 1843; x_wconf 86' lang='lat' dir='ltr'>concupiscentiam,</span> 
     </span>
     <span class='ocr_line' id='line_1_25' title="bbox 59 1852 1452 1912; baseline 0.001 -14"><span class='ocrx_word' id='word_1_210' title='bbox 59 1864 110 1899; x_wconf 88' lang='lat' dir='ltr'>ut</span> <span class='ocrx_word' id='word_1_211' title='bbox 121 1869 221 1899; x_wconf 88' lang='lat' dir='ltr'>cum</span> <span class='ocrx_word' id='word_1_212' title='bbox 239 1869 289 1898; x_wconf 84' lang='lat' dir='ltr'>ex</span> <span class='ocrx_word' id='word_1_213' title='bbox 308 1853 482 1898; x_wconf 83' lang='lat' dir='ltr'>duobus</span> <span class='ocrx_word' id='word_1_214' title='bbox 500 1852 805 1912; x_wconf 86' lang='lat' dir='ltr'>compellatur,</span> <span class='ocrx_word' id='word_1_215' title='bbox 823 1852 998 1898; x_wconf 87' lang='lat' dir='ltr'>alterius</span> <span class='ocrx_word' id='word_1_216' title='bbox 1016 1864 1162 1899; x_wconf 87' lang='lat' dir='ltr'>tamen</span> <span class='ocrx_word' id='word_1_217' title='bbox 1174 1855 1336 1900; x_wconf 88' lang='lat' dir='ltr'>habeat</span> <span class='ocrx_word' id='word_1_218' title='bbox 1350 1871 1452 1900; x_wconf 90' lang='lat' dir='ltr'>con-</span> 
     </span>
     <span class='ocr_line' id='line_1_26' title="bbox 61 1922 1452 1985; baseline -0.001 -15"><span class='ocrx_word' id='word_1_219' title='bbox 61 1924 396 1985; x_wconf 76' lang='lat' dir='ltr'>cupiscentiam,</span> <span class='ocrx_word' id='word_1_220' title='bbox 437 1922 614 1967; x_wconf 88' lang='lat' dir='ltr'>alterius</span> <span class='ocrx_word' id='word_1_221' title='bbox 654 1924 978 1983; x_wconf 77' lang='lat' dir='ltr'>necessitatem,</span> <span class='ocrx_word' id='word_1_222' title='bbox 1024 1925 1419 1985; x_wconf 85' lang='lat' dir='ltr'>concupiscentiam</span> <span class='ocrx_word' id='word_1_223' title='bbox 1439 1962 1452 1982; x_wconf 92' lang='lat'>,</span> 
     </span>
     <span class='ocr_line' id='line_1_27' title="bbox 59 1994 1442 2051; baseline 0.001 -11"><span class='ocrx_word' id='word_1_224' title='bbox 59 1994 219 2040; x_wconf 88' lang='lat' dir='ltr'>scilicet</span> <span class='ocrx_word' id='word_1_225' title='bbox 239 2010 328 2039; x_wconf 89' lang='lat' dir='ltr'>esse</span> <span class='ocrx_word' id='word_1_226' title='bbox 350 2010 452 2039; x_wconf 90' lang='lat' dir='ltr'>cum</span> <span class='ocrx_word' id='word_1_227' title='bbox 469 1994 663 2045; x_wconf 82' lang='lat' dir='ltr'>Christ03</span> <span class='ocrx_word' id='word_1_228' title='bbox 687 1995 1003 2051; x_wconf 85' lang='lat' dir='ltr'>necessitatem,</span> <span class='ocrx_word' id='word_1_229' title='bbox 1029 2012 1206 2040; x_wconf 90' lang='lat' dir='ltr'>manere</span> <span class='ocrx_word' id='word_1_230' title='bbox 1229 1997 1274 2040; x_wconf 90' lang='lat' dir='ltr'>in</span> <span class='ocrx_word' id='word_1_231' title='bbox 1298 2013 1442 2042; x_wconf 84' lang='lat' dir='ltr'>carne.</span> 
     </span>
     <span class='ocr_line' id='line_1_28' title="bbox 61 2066 1451 2128; baseline 0.001 -17"><span class='ocrx_word' id='word_1_232' title='bbox 61 2070 170 2121; x_wconf 78' lang='lat' dir='ltr'>Quae</span> <span class='ocrx_word' id='word_1_233' title='bbox 211 2066 470 2125; x_wconf 83' lang='lat' dir='ltr'>ambiguitas</span> <span class='ocrx_word' id='word_1_234' title='bbox 509 2081 600 2109; x_wconf 92' lang='lat' dir='ltr'>uno</span> <span class='ocrx_word' id='word_1_235' title='bbox 642 2066 928 2127; x_wconf 76' lang='lat' dir='ltr'>consequenti</span> <span class='ocrx_word' id='word_1_236' title='bbox 970 2066 1107 2111; x_wconf 83' lang='lat' dir='ltr'>verbo</span> <span class='ocrx_word' id='word_1_237' title='bbox 1152 2066 1419 2128; x_wconf 80' lang='lat' dir='ltr'>dijudicatur</span> <span class='ocrx_word' id='word_1_238' title='bbox 1440 2104 1451 2124; x_wconf 98' lang='lat'>,</span> 
     </span>
     <span class='ocr_line' id='line_1_29' title="bbox 62 2136 1454 2199; baseline 0.001 -17"><span class='ocrx_word' id='word_1_239' title='bbox 62 2136 182 2199; x_wconf 86' lang='lat' dir='ltr'>quod</span> <span class='ocrx_word' id='word_1_240' title='bbox 206 2137 397 2197; x_wconf 88' lang='lat' dir='ltr'>positum</span> <span class='ocrx_word' id='word_1_241' title='bbox 419 2145 508 2191; x_wconf 88' lang='lat' dir='ltr'>est,</span> <span class='ocrx_word' id='word_1_242' title='bbox 531 2137 656 2180; x_wconf 79' lang='lat' dir='ltr'>enim</span> <span class='ocrx_word' id='word_1_243' title='bbox 683 2155 692 2180; x_wconf 77' lang='lat' dir='ltr'>z</span> <span class='ocrx_word' id='word_1_244' title='bbox 721 2152 853 2197; x_wconf 87' lang='lat' dir='ltr'>quam</span> <span class='ocrx_word' id='word_1_245' title='bbox 882 2136 1142 2196; x_wconf 83' lang='lat' dir='ltr'>particulam</span> <span class='ocrx_word' id='word_1_246' title='bbox 1159 2138 1236 2198; x_wconf 87' lang='lat' dir='ltr'>qui</span> <span class='ocrx_word' id='word_1_247' title='bbox 1259 2138 1454 2183; x_wconf 85' lang='lat' dir='ltr'>abstule-</span> 
     </span>
     <span class='ocr_line' id='line_1_30' title="bbox 62 2206 1456 2267; baseline 0.001 -15"><span class='ocrx_word' id='word_1_248' title='bbox 62 2217 165 2252; x_wconf 87' lang='lat' dir='ltr'>runt</span> <span class='ocrx_word' id='word_1_249' title='bbox 185 2208 441 2267; x_wconf 85' lang='lat' dir='ltr'>interpretes</span> <span class='ocrx_word' id='word_1_250' title='bbox 455 2242 465 2262; x_wconf 96' lang='lat'>,</span> <span class='ocrx_word' id='word_1_251' title='bbox 492 2206 565 2250; x_wconf 87' lang='lat' dir='ltr'>illa</span> <span class='ocrx_word' id='word_1_252' title='bbox 588 2207 734 2266; x_wconf 85' lang='lat' dir='ltr'>potius</span> <span class='ocrx_word' id='word_1_253' title='bbox 757 2207 971 2251; x_wconf 85' lang='lat' dir='ltr'>sententia</span> <span class='ocrx_word' id='word_1_254' title='bbox 994 2207 1115 2252; x_wconf 87' lang='lat' dir='ltr'>ducti</span> <span class='ocrx_word' id='word_1_255' title='bbox 1137 2218 1261 2263; x_wconf 90' lang='lat' dir='ltr'>sunt,</span> <span class='ocrx_word' id='word_1_256' title='bbox 1289 2218 1337 2252; x_wconf 87' lang='lat' dir='ltr'>ut</span> <span class='ocrx_word' id='word_1_257' title='bbox 1366 2226 1456 2255; x_wconf 89' lang='lat' dir='ltr'>non</span> 
     </span>
     <span class='ocr_line' id='line_1_31' title="bbox 63 2277 1456 2337; baseline 0.002 -15"><span class='ocrx_word' id='word_1_258' title='bbox 63 2278 203 2323; x_wconf 91' lang='lat' dir='ltr'>solum</span> <span class='ocrx_word' id='word_1_259' title='bbox 238 2277 444 2337; x_wconf 88' lang='lat' dir='ltr'>compelli</span> <span class='ocrx_word' id='word_1_260' title='bbox 479 2293 529 2321; x_wconf 84' lang='lat' dir='ltr'>ex</span> <span class='ocrx_word' id='word_1_261' title='bbox 563 2277 763 2334; x_wconf 87' lang='lat' dir='ltr'>duobus,</span> <span class='ocrx_word' id='word_1_262' title='bbox 807 2277 883 2322; x_wconf 88' lang='lat' dir='ltr'>sed</span> <span class='ocrx_word' id='word_1_263' title='bbox 915 2279 1045 2323; x_wconf 88' lang='lat' dir='ltr'>etiam</span> <span class='ocrx_word' id='word_1_264' title='bbox 1075 2279 1265 2323; x_wconf 88' lang='lat' dir='ltr'>duorum</span> <span class='ocrx_word' id='word_1_265' title='bbox 1293 2280 1456 2325; x_wconf 86' lang='lat' dir='ltr'>habere</span> 
     </span>
     <span class='ocr_line' id='line_1_32' title="bbox 64 2347 1453 2408; baseline 0.001 -16"><span class='ocrx_word' id='word_1_266' title='bbox 64 2348 458 2408; x_wconf 86' lang='lat' dir='ltr'>concupiscentiam</span> <span class='ocrx_word' id='word_1_267' title='bbox 481 2347 716 2392; x_wconf 79' lang='lat' dir='ltr'>videretur.</span> <span class='ocrx_word' id='word_1_268' title='bbox 753 2348 820 2393; x_wconf 89' lang='lat' dir='ltr'>Sic</span> <span class='ocrx_word' id='word_1_269' title='bbox 842 2363 942 2407; x_wconf 81' lang='lat' dir='ltr'>ergo</span> <span class='ocrx_word' id='word_1_270' title='bbox 976 2349 1336 2408; x_wconf 83' lang='lat' dir='ltr'>distinguendum</span> <span class='ocrx_word' id='word_1_271' title='bbox 1360 2360 1422 2394; x_wconf 89' lang='lat' dir='ltr'>est</span> <span class='ocrx_word' id='word_1_272' title='bbox 1445 2371 1453 2395; x_wconf 91' lang='lat'><strong>:</strong></span> 
     </span>
     <span class='ocr_line' id='line_1_33' title="bbox 70 2417 1449 2479; baseline 0 -18"><span class='ocrx_word' id='word_1_273' title='bbox 70 2438 90 2462; x_wconf 86' lang='lat'>«</span> <span class='ocrx_word' id='word_1_274' title='bbox 113 2422 171 2463; x_wconf 87' lang='lat' dir='ltr'>Et</span> <span class='ocrx_word' id='word_1_275' title='bbox 192 2417 299 2479; x_wconf 83' lang='lat' dir='ltr'>quid</span> <span class='ocrx_word' id='word_1_276' title='bbox 313 2418 468 2476; x_wconf 87' lang='lat' dir='ltr'>eligam</span> <span class='ocrx_word' id='word_1_277' title='bbox 496 2417 649 2476; x_wconf 87' lang='lat' dir='ltr'>ignoro</span> <span class='ocrx_word' id='word_1_278' title='bbox 677 2438 685 2462; x_wconf 94' lang='lat'>:</span> <span class='ocrx_word' id='word_1_279' title='bbox 711 2419 950 2479; x_wconf 86' lang='lat' dir='ltr'>compellor</span> <span class='ocrx_word' id='word_1_280' title='bbox 968 2430 1114 2464; x_wconf 89' lang='lat' dir='ltr'>autem</span> <span class='ocrx_word' id='word_1_281' title='bbox 1136 2436 1187 2464; x_wconf 74' lang='lat' dir='ltr'>ex</span> <span class='ocrx_word' id='word_1_282' title='bbox 1204 2420 1401 2478; x_wconf 65' lang='lat' dir='ltr'>duobus,</span> <span class='ocrx_word' id='word_1_283' title='bbox 1429 2439 1449 2462; x_wconf 75' lang='lat' dir='ltr'>n</span> 
     </span>
    </p>
   </div>
   <div class='ocr_carea' id='block_1_3' title="bbox 111 2516 694 2559">
    <p class='ocr_par' dir='ltr' id='par_1_5' title="bbox 111 2516 694 2559">
     <span class='ocr_line' id='line_1_34' title="bbox 111 2516 694 2559; baseline -0.002 -10"><span class='ocrx_word' id='word_1_284' title='bbox 111 2518 283 2559; x_wconf 77' lang='lat' dir='ltr'>&#39;Joan.1,</span> <span class='ocrx_word' id='word_1_285' title='bbox 307 2527 333 2548; x_wconf 92' lang='lat'>1.</span> <span class='ocrx_word' id='word_1_286' title='bbox 357 2534 398 2539; x_wconf 93' lang='lat'><strong>—</strong></span> <span class='ocrx_word' id='word_1_287' title='bbox 425 2516 562 2559; x_wconf 68' lang='lat' dir='ltr'>2P1111ip.</span> <span class='ocrx_word' id='word_1_288' title='bbox 589 2528 619 2555; x_wconf 84' lang='lat'>1,</span> <span class='ocrx_word' id='word_1_289' title='bbox 642 2516 694 2548; x_wconf 80' lang='lat'>23.</span> 
     </span>
    </p>
   </div>
  </div>
 </body>
</html>
