<?xml version="1.0" encoding="UTF-8"?>
<!DOCTYPE html PUBLIC "-//W3C//DTD XHTML 1.0 Transitional//EN"
    "http://www.w3.org/TR/xhtml1/DTD/xhtml1-transitional.dtd">
<html xmlns="http://www.w3.org/1999/xhtml" xml:lang="en" lang="en">
 <head>
  <title>
</title>
<meta http-equiv="Content-Type" content="text/html;charset=utf-8" />
  <meta name='ocr-system' content='tesseract 3.04.00' />
  <meta name='ocr-capabilities' content='ocr_page ocr_carea ocr_par ocr_line ocrx_word'/>
</head>
<body>
  <div class='ocr_page' id='page_1' title='image "./operaomniaaccura05auguuoft_0642.png"; bbox 0 0 1854 3219; ppageno 0'>
   <div class='ocr_carea' id='block_1_1' title="bbox 376 166 1321 203">
    <p class='ocr_par' dir='ltr' id='par_1_1' title="bbox 376 166 1321 203">
     <span class='ocr_line' id='line_1_1' title="bbox 376 166 1321 203; baseline -0.003 -1"><span class='ocrx_word' id='word_1_1' title='bbox 376 166 460 203; x_wconf 78' lang='lat'>(510</span> <span class='ocrx_word' id='word_1_2' title='bbox 806 170 838 199; x_wconf 87' lang='lat' dir='ltr'>s.</span> <span class='ocrx_word' id='word_1_3' title='bbox 876 170 1107 201; x_wconf 69' lang='lat' dir='ltr'>Aucus‘rnvr</span> <span class='ocrx_word' id='word_1_4' title='bbox 1140 173 1321 201; x_wconf 71' lang='lat' dir='ltr'>131&gt;1scom</span> 
     </span>
    </p>
   </div>
   <div class='ocr_carea' id='block_1_2' title="bbox 339 235 1761 2225">
    <p class='ocr_par' dir='ltr' id='par_1_2' title="bbox 339 235 1761 2225">
     <span class='ocr_line' id='line_1_2' title="bbox 371 235 1761 297; baseline -0.001 -12"><span class='ocrx_word' id='word_1_5' title='bbox 371 249 518 285; x_wconf 86' lang='lat' dir='ltr'>secuta</span> <span class='ocrx_word' id='word_1_6' title='bbox 545 237 765 297; x_wconf 80' lang='lat' dir='ltr'>Scriptura</span> <span class='ocrx_word' id='word_1_7' title='bbox 786 237 871 281; x_wconf 86' lang='lat' dir='ltr'>hoc</span> <span class='ocrx_word' id='word_1_8' title='bbox 895 237 1025 281; x_wconf 83' lang='lat' dir='ltr'>etiam</span> <span class='ocrx_word' id='word_1_9' title='bbox 1047 238 1328 297; x_wconf 76' lang='lat' dir='ltr'>corporaliter</span> <span class='ocrx_word' id='word_1_10' title='bbox 1360 235 1525 281; x_wconf 84' lang='lat' dir='ltr'>factum</span> <span class='ocrx_word' id='word_1_11' title='bbox 1549 252 1638 281; x_wconf 88' lang='lat' dir='ltr'>csse</span> <span class='ocrx_word' id='word_1_12' title='bbox 1660 253 1761 283; x_wconf 84' lang='lat' dir='ltr'>nar-</span> 
     </span>
     <span class='ocr_line' id='line_1_3' title="bbox 370 307 1760 369; baseline -0.001 -15"><span class='ocrx_word' id='word_1_13' title='bbox 370 311 502 364; x_wconf 82' lang='lat' dir='ltr'>ravit,</span> <span class='ocrx_word' id='word_1_14' title='bbox 527 309 714 369; x_wconf 87' lang='lat' dir='ltr'>satisque</span> <span class='ocrx_word' id='word_1_15' title='bbox 735 323 813 368; x_wconf 85' lang='lat' dir='ltr'>per</span> <span class='ocrx_word' id='word_1_16' title='bbox 831 308 915 352; x_wconf 91' lang='lat' dir='ltr'>hoc</span> <span class='ocrx_word' id='word_1_17' title='bbox 938 307 1282 352; x_wconf 86' lang='lat' dir='ltr'>demonstratum</span> <span class='ocrx_word' id='word_1_18' title='bbox 1305 317 1369 351; x_wconf 90' lang='lat' dir='ltr'>cst</span> <span class='ocrx_word' id='word_1_19' title='bbox 1390 308 1572 365; x_wconf 82' lang='lat' dir='ltr'>figurate</span> <span class='ocrx_word' id='word_1_20' title='bbox 1593 307 1760 353; x_wconf 87' lang='lat' dir='ltr'>dictum</span> 
     </span>
     <span class='ocr_line' id='line_1_4' title="bbox 366 378 1760 438; baseline -0.001 -14"><span class='ocrx_word' id='word_1_21' title='bbox 366 396 454 425; x_wconf 86' lang='lat' dir='ltr'>csse</span> <span class='ocrx_word' id='word_1_22' title='bbox 476 380 521 423; x_wconf 91' lang='lat' dir='ltr'>in</span> <span class='ocrx_word' id='word_1_23' title='bbox 545 378 749 424; x_wconf 79' lang='lat' dir='ltr'>Ecclesiae</span> <span class='ocrx_word' id='word_1_24' title='bbox 772 378 1102 437; x_wconf 77' lang='lat' dir='ltr'>significatione.</span> <span class='ocrx_word' id='word_1_25' title='bbox 1131 381 1225 438; x_wconf 87' lang='lat' dir='ltr'>Ipse</span> <span class='ocrx_word' id='word_1_26' title='bbox 1245 387 1309 422; x_wconf 90' lang='lat' dir='ltr'>est</span> <span class='ocrx_word' id='word_1_27' title='bbox 1338 378 1455 422; x_wconf 86' lang='lat' dir='ltr'>enim</span> <span class='ocrx_word' id='word_1_28' title='bbox 1483 378 1605 423; x_wconf 91' lang='lat' dir='ltr'>locus</span> <span class='ocrx_word' id='word_1_29' title='bbox 1629 394 1760 438; x_wconf 88' lang='lat' dir='ltr'>penes</span> 
     </span>
     <span class='ocr_line' id='line_1_5' title="bbox 364 448 1760 511; baseline -0.001 -16"><span class='ocrx_word' id='word_1_30' title='bbox 364 451 625 506; x_wconf 82' lang='lat' dir='ltr'>Dominum,</span> <span class='ocrx_word' id='word_1_31' title='bbox 652 451 754 511; x_wconf 86' lang='lat' dir='ltr'>quia</span> <span class='ocrx_word' id='word_1_32' title='bbox 777 448 968 494; x_wconf 79' lang='lat' dir='ltr'>Ecclesia</span> <span class='ocrx_word' id='word_1_33' title='bbox 991 459 1054 493; x_wconf 88' lang='lat' dir='ltr'>est</span> <span class='ocrx_word' id='word_1_34' title='bbox 1077 448 1289 509; x_wconf 90' lang='lat' dir='ltr'>templum</span> <span class='ocrx_word' id='word_1_35' title='bbox 1314 450 1404 509; x_wconf 83' lang='lat' dir='ltr'>ejus</span> <span class='ocrx_word' id='word_1_36' title='bbox 1421 484 1431 504; x_wconf 81' lang='lat'>‚</span> <span class='ocrx_word' id='word_1_37' title='bbox 1465 458 1508 493; x_wconf 87' lang='lat' dir='ltr'>ct</span> <span class='ocrx_word' id='word_1_38' title='bbox 1535 450 1625 509; x_wconf 87' lang='lat' dir='ltr'>ipsa</span> <span class='ocrx_word' id='word_1_39' title='bbox 1653 449 1760 494; x_wconf 79' lang='lat' dir='ltr'>aedi-</span> 
     </span>
     <span class='ocr_line' id='line_1_6' title="bbox 361 520 1759 581; baseline -0.001 -14"><span class='ocrx_word' id='word_1_40' title='bbox 361 523 489 567; x_wconf 85' lang='lat' dir='ltr'>ficata</span> <span class='ocrx_word' id='word_1_41' title='bbox 512 531 576 566; x_wconf 90' lang='lat' dir='ltr'>est</span> <span class='ocrx_word' id='word_1_42' title='bbox 597 536 728 581; x_wconf 87' lang='lat' dir='ltr'>super</span> <span class='ocrx_word' id='word_1_43' title='bbox 748 530 939 581; x_wconf 79' lang='lat' dir='ltr'>petram,</span> <span class='ocrx_word' id='word_1_44' title='bbox 966 529 1009 564; x_wconf 91' lang='lat' dir='ltr'>et</span> <span class='ocrx_word' id='word_1_45' title='bbox 1027 529 1182 564; x_wconf 87' lang='lat' dir='ltr'>caetcra</span> <span class='ocrx_word' id='word_1_46' title='bbox 1206 536 1306 581; x_wconf 63' lang='lat' dir='ltr'>quac</span> <span class='ocrx_word' id='word_1_47' title='bbox 1327 520 1389 564; x_wconf 82' lang='lat' dir='ltr'>ibi</span> <span class='ocrx_word' id='word_1_48' title='bbox 1410 520 1527 564; x_wconf 89' lang='lat' dir='ltr'>dicta</span> <span class='ocrx_word' id='word_1_49' title='bbox 1547 530 1649 565; x_wconf 90' lang='lat' dir='ltr'>sunt</span> <span class='ocrx_word' id='word_1_50' title='bbox 1663 557 1674 575; x_wconf 77' lang='grc'>,</span> <span class='ocrx_word' id='word_1_51' title='bbox 1695 522 1759 566; x_wconf 91' lang='lat' dir='ltr'>ei-</span> 
     </span>
     <span class='ocr_line' id='line_1_7' title="bbox 357 591 1760 652; baseline 0 -15"><span class='ocrx_word' id='word_1_52' title='bbox 357 593 459 637; x_wconf 91' lang='lat' dir='ltr'>dem</span> <span class='ocrx_word' id='word_1_53' title='bbox 491 591 792 652; x_wconf 79' lang='lat' dir='ltr'>intelligentiae</span> <span class='ocrx_word' id='word_1_54' title='bbox 822 601 1089 650; x_wconf 83' lang='lat' dir='ltr'>congruunt.</span> <span class='ocrx_word' id='word_1_55' title='bbox 1115 592 1204 637; x_wconf 87' lang='lat' dir='ltr'>Nisi</span> <span class='ocrx_word' id='word_1_56' title='bbox 1235 600 1383 635; x_wconf 86' lang='lat' dir='ltr'>tamen</span> <span class='ocrx_word' id='word_1_57' title='bbox 1410 591 1692 651; x_wconf 83' lang='lat' dir='ltr'>concupitam</span> <span class='ocrx_word' id='word_1_58' title='bbox 1716 602 1760 637; x_wconf 87' lang='lat' dir='ltr'>et</span> 
     </span>
     <span class='ocr_line' id='line_1_8' title="bbox 357 661 1760 720; baseline 0 -12"><span class='ocrx_word' id='word_1_59' title='bbox 357 663 646 709; x_wconf 80' lang='lat' dir='ltr'>desideratam</span> <span class='ocrx_word' id='word_1_60' title='bbox 670 663 748 708; x_wconf 88' lang='lat' dir='ltr'>Dei</span> <span class='ocrx_word' id='word_1_61' title='bbox 771 662 1011 707; x_wconf 78' lang='lat' dir='ltr'>claritatem</span> <span class='ocrx_word' id='word_1_62' title='bbox 1029 665 1200 720; x_wconf 79' lang='lat' dir='ltr'>Moyses</span> <span class='ocrx_word' id='word_1_63' title='bbox 1225 661 1373 707; x_wconf 88' lang='lat' dir='ltr'>videre</span> <span class='ocrx_word' id='word_1_64' title='bbox 1395 662 1621 707; x_wconf 90' lang='lat' dir='ltr'>meruisset</span> <span class='ocrx_word' id='word_1_65' title='bbox 1636 698 1647 718; x_wconf 83' lang='lat'>‚</span> <span class='ocrx_word' id='word_1_66' title='bbox 1669 679 1760 708; x_wconf 91' lang='lat' dir='ltr'>non</span> 
     </span>
     <span class='ocr_line' id='line_1_9' title="bbox 357 733 1759 781; baseline 0 -3"><span class='ocrx_word' id='word_1_67' title='bbox 357 734 403 779; x_wconf 90' lang='lat' dir='ltr'>in</span> <span class='ocrx_word' id='word_1_68' title='bbox 425 734 539 780; x_wconf 90' lang='lat' dir='ltr'>libro</span> <span class='ocrx_word' id='word_1_69' title='bbox 569 736 864 781; x_wconf 90' lang='lat' dir='ltr'>Numerorum</span> <span class='ocrx_word' id='word_1_70' title='bbox 898 733 1061 779; x_wconf 89' lang='lat' dir='ltr'>diceret</span> <span class='ocrx_word' id='word_1_71' title='bbox 1095 737 1208 778; x_wconf 85' lang='lat' dir='ltr'>Deus</span> <span class='ocrx_word' id='word_1_72' title='bbox 1243 733 1299 777; x_wconf 84' lang='lat' dir='ltr'>ad</span> <span class='ocrx_word' id='word_1_73' title='bbox 1335 736 1481 778; x_wconf 86' lang='lat' dir='ltr'>Aaron</span> <span class='ocrx_word' id='word_1_74' title='bbox 1501 744 1544 779; x_wconf 86' lang='lat' dir='ltr'>et</span> <span class='ocrx_word' id='word_1_75' title='bbox 1575 734 1759 779; x_wconf 86' lang='lat' dir='ltr'>Mariam</span> 
     </span>
     <span class='ocr_line' id='line_1_10' title="bbox 352 803 1759 867; baseline 0.001 -17"><span class='ocrx_word' id='word_1_76' title='bbox 352 803 506 851; x_wconf 86' lang='lat' dir='ltr'>fratres</span> <span class='ocrx_word' id='word_1_77' title='bbox 519 807 612 867; x_wconf 87' lang='lat' dir='ltr'>ejus</span> <span class='ocrx_word' id='word_1_78' title='bbox 631 826 640 851; x_wconf 72' lang='grc' dir='ltr'><strong><em>ι</em></strong></span> <span class='ocrx_word' id='word_1_79' title='bbox 661 825 681 849; x_wconf 88' lang='lat'>«</span> <span class='ocrx_word' id='word_1_80' title='bbox 699 805 862 850; x_wconf 84' lang='lat' dir='ltr'>Audite</span> <span class='ocrx_word' id='word_1_81' title='bbox 883 805 1017 850; x_wconf 88' lang='lat' dir='ltr'>verba</span> <span class='ocrx_word' id='word_1_82' title='bbox 1035 820 1131 849; x_wconf 85' lang='lat' dir='ltr'>mea</span> <span class='ocrx_word' id='word_1_83' title='bbox 1152 824 1160 850; x_wconf 75' lang='grc' dir='ltr'>ε</span> <span class='ocrx_word' id='word_1_84' title='bbox 1190 804 1232 849; x_wconf 87' lang='lat' dir='ltr'>Si</span> <span class='ocrx_word' id='word_1_85' title='bbox 1254 803 1388 849; x_wconf 86' lang='lat' dir='ltr'>fuerit</span> <span class='ocrx_word' id='word_1_86' title='bbox 1406 805 1626 866; x_wconf 88' lang='lat' dir='ltr'>Propheta</span> <span class='ocrx_word' id='word_1_87' title='bbox 1644 806 1759 852; x_wconf 87' lang='lat' dir='ltr'>inter</span> 
     </span>
     <span class='ocr_line' id='line_1_11' title="bbox 360 875 1757 934; baseline 0.004 -16"><span class='ocrx_word' id='word_1_88' title='bbox 360 894 381 918; x_wconf 91' lang='lat'>»</span> <span class='ocrx_word' id='word_1_89' title='bbox 403 892 479 922; x_wconf 92' lang='lat' dir='ltr'>vos</span> <span class='ocrx_word' id='word_1_90' title='bbox 502 877 712 933; x_wconf 79' lang='lat' dir='ltr'>Domino,</span> <span class='ocrx_word' id='word_1_91' title='bbox 738 876 784 921; x_wconf 89' lang='lat' dir='ltr'>in</span> <span class='ocrx_word' id='word_1_92' title='bbox 807 876 971 922; x_wconf 88' lang='lat' dir='ltr'>visione</span> <span class='ocrx_word' id='word_1_93' title='bbox 994 875 1056 920; x_wconf 89' lang='lat' dir='ltr'>illi</span> <span class='ocrx_word' id='word_1_94' title='bbox 1085 890 1345 934; x_wconf 81' lang='lat' dir='ltr'>cognoscar,</span> <span class='ocrx_word' id='word_1_95' title='bbox 1372 885 1415 921; x_wconf 92' lang='lat' dir='ltr'>et</span> <span class='ocrx_word' id='word_1_96' title='bbox 1435 877 1481 920; x_wconf 91' lang='lat' dir='ltr'>in</span> <span class='ocrx_word' id='word_1_97' title='bbox 1510 893 1664 923; x_wconf 90' lang='lat' dir='ltr'>somno</span> <span class='ocrx_word' id='word_1_98' title='bbox 1687 877 1757 923; x_wconf 91' lang='lat' dir='ltr'>lo-</span> 
     </span>
     <span class='ocr_line' id='line_1_12' title="bbox 358 945 1758 1009; baseline 0.005 -22"><span class='ocrx_word' id='word_1_99' title='bbox 358 965 378 987; x_wconf 85' lang='lat'>»</span> <span class='ocrx_word' id='word_1_100' title='bbox 405 963 514 1009; x_wconf 85' lang='lat' dir='ltr'>quar</span> <span class='ocrx_word' id='word_1_101' title='bbox 531 947 594 992; x_wconf 91' lang='lat' dir='ltr'>illi</span> <span class='ocrx_word' id='word_1_102' title='bbox 607 983 618 1004; x_wconf 80' lang='grc'>,</span> <span class='ocrx_word' id='word_1_103' title='bbox 638 964 728 993; x_wconf 87' lang='lat' dir='ltr'>non</span> <span class='ocrx_word' id='word_1_104' title='bbox 749 947 809 992; x_wconf 85' lang='lat' dir='ltr'>ita</span> <span class='ocrx_word' id='word_1_105' title='bbox 828 946 1052 1008; x_wconf 88' lang='lat' dir='ltr'>quomodo</span> <span class='ocrx_word' id='word_1_106' title='bbox 1070 945 1261 991; x_wconf 84' lang='lat' dir='ltr'>famulus</span> <span class='ocrx_word' id='word_1_107' title='bbox 1278 963 1399 992; x_wconf 88' lang='lat' dir='ltr'>meus</span> <span class='ocrx_word' id='word_1_108' title='bbox 1416 950 1587 1006; x_wconf 84' lang='lat' dir='ltr'>Moyses</span> <span class='ocrx_word' id='word_1_109' title='bbox 1603 948 1649 992; x_wconf 88' lang='lat' dir='ltr'>in</span> <span class='ocrx_word' id='word_1_110' title='bbox 1666 957 1758 994; x_wconf 88' lang='lat' dir='ltr'>tota</span> 
     </span>
     <span class='ocr_line' id='line_1_13' title="bbox 358 1018 1753 1081; baseline 0.004 -20"><span class='ocrx_word' id='word_1_111' title='bbox 358 1038 378 1061; x_wconf 91' lang='lat'>»</span> <span class='ocrx_word' id='word_1_112' title='bbox 405 1018 538 1065; x_wconf 90' lang='lat' dir='ltr'>domo</span> <span class='ocrx_word' id='word_1_113' title='bbox 556 1035 652 1065; x_wconf 87' lang='lat' dir='ltr'>mea</span> <span class='ocrx_word' id='word_1_114' title='bbox 670 1019 808 1064; x_wconf 86' lang='lat' dir='ltr'>fidelis</span> <span class='ocrx_word' id='word_1_115' title='bbox 828 1029 906 1064; x_wconf 88' lang='lat' dir='ltr'>cst.</span> <span class='ocrx_word' id='word_1_116' title='bbox 930 1020 988 1063; x_wconf 88' lang='lat' dir='ltr'>Os</span> <span class='ocrx_word' id='word_1_117' title='bbox 1006 1018 1063 1064; x_wconf 89' lang='lat' dir='ltr'>ad</span> <span class='ocrx_word' id='word_1_118' title='bbox 1080 1035 1127 1064; x_wconf 89' lang='lat' dir='ltr'>os</span> <span class='ocrx_word' id='word_1_119' title='bbox 1144 1019 1300 1081; x_wconf 84' lang='lat' dir='ltr'>loquar</span> <span class='ocrx_word' id='word_1_120' title='bbox 1314 1019 1369 1064; x_wconf 85' lang='lat' dir='ltr'>ad</span> <span class='ocrx_word' id='word_1_121' title='bbox 1388 1019 1513 1065; x_wconf 91' lang='lat' dir='ltr'>illum</span> <span class='ocrx_word' id='word_1_122' title='bbox 1534 1021 1580 1065; x_wconf 89' lang='lat' dir='ltr'>in</span> <span class='ocrx_word' id='word_1_123' title='bbox 1594 1021 1753 1081; x_wconf 87' lang='lat' dir='ltr'>specie,</span> 
     </span>
     <span class='ocr_line' id='line_1_14' title="bbox 358 1089 1752 1152; baseline 0 -19"><span class='ocrx_word' id='word_1_124' title='bbox 358 1110 378 1133; x_wconf 93' lang='lat'>»</span> <span class='ocrx_word' id='word_1_125' title='bbox 405 1101 448 1137; x_wconf 90' lang='lat' dir='ltr'>et</span> <span class='ocrx_word' id='word_1_126' title='bbox 470 1108 561 1137; x_wconf 90' lang='lat' dir='ltr'>non</span> <span class='ocrx_word' id='word_1_127' title='bbox 595 1108 673 1152; x_wconf 89' lang='lat' dir='ltr'>per</span> <span class='ocrx_word' id='word_1_128' title='bbox 696 1092 952 1152; x_wconf 78' lang='lat' dir='ltr'>aenigmata,</span> <span class='ocrx_word' id='word_1_129' title='bbox 977 1100 1022 1135; x_wconf 91' lang='lat' dir='ltr'>et</span> <span class='ocrx_word' id='word_1_130' title='bbox 1062 1089 1304 1136; x_wconf 84' lang='lat' dir='ltr'>claritatem</span> <span class='ocrx_word' id='word_1_131' title='bbox 1337 1092 1511 1137; x_wconf 90' lang='lat' dir='ltr'>Domini</span> <span class='ocrx_word' id='word_1_132' title='bbox 1549 1092 1702 1152; x_wconf 61' lang='lat' dir='ltr'>vidit¹⁷</span> <span class='ocrx_word' id='word_1_133' title='bbox 1731 1111 1752 1134; x_wconf 75' lang='lat' dir='ltr'>n</span> 
     </span>
     <span class='ocr_line' id='line_1_15' title="bbox 354 1161 1756 1224; baseline -0.001 -15"><span class='ocrx_word' id='word_1_134' title='bbox 354 1166 507 1224; x_wconf 88' lang='lat' dir='ltr'>Neque</span> <span class='ocrx_word' id='word_1_135' title='bbox 532 1161 649 1207; x_wconf 88' lang='lat' dir='ltr'>enim</span> <span class='ocrx_word' id='word_1_136' title='bbox 681 1164 769 1208; x_wconf 90' lang='lat' dir='ltr'>hoc</span> <span class='ocrx_word' id='word_1_137' title='bbox 799 1161 1045 1208; x_wconf 89' lang='lat' dir='ltr'>secundum</span> <span class='ocrx_word' id='word_1_138' title='bbox 1077 1162 1367 1207; x_wconf 82' lang='lat' dir='ltr'>substantiam</span> <span class='ocrx_word' id='word_1_139' title='bbox 1399 1162 1617 1223; x_wconf 79' lang='lat' dir='ltr'>corporis,</span> <span class='ocrx_word' id='word_1_140' title='bbox 1655 1179 1756 1224; x_wconf 81' lang='lat' dir='ltr'>quae</span> 
     </span>
     <span class='ocr_line' id='line_1_16' title="bbox 352 1225 1757 1294; baseline 0 -16"><span class='ocrx_word' id='word_1_141' title='bbox 352 1234 493 1279; x_wconf 85' lang='lat' dir='ltr'>carnis</span> <span class='ocrx_word' id='word_1_142' title='bbox 515 1233 712 1279; x_wconf 83' lang='lat' dir='ltr'>sen&#39;sibus</span> <span class='ocrx_word' id='word_1_143' title='bbox 732 1243 1044 1294; x_wconf 81' lang='lat' dir='ltr'>praesentatur,</span> <span class='ocrx_word' id='word_1_144' title='bbox 1074 1225 1413 1294; x_wconf 81' lang='lat' dir='ltr'>intelligendum</span> <span class='ocrx_word' id='word_1_145' title='bbox 1435 1243 1524 1288; x_wconf 90' lang='lat' dir='ltr'>est;</span> <span class='ocrx_word' id='word_1_146' title='bbox 1549 1250 1651 1279; x_wconf 87' lang='lat' dir='ltr'>nam</span> <span class='ocrx_word' id='word_1_147' title='bbox 1667 1234 1757 1280; x_wconf 89' lang='lat' dir='ltr'>uti-</span> 
     </span>
     <span class='ocr_line' id='line_1_17' title="bbox 351 1304 1755 1368; baseline 0.002 -19"><span class='ocrx_word' id='word_1_148' title='bbox 351 1323 438 1368; x_wconf 87' lang='lat' dir='ltr'>que</span> <span class='ocrx_word' id='word_1_149' title='bbox 455 1307 515 1352; x_wconf 88' lang='lat' dir='ltr'>sic</span> <span class='ocrx_word' id='word_1_150' title='bbox 536 1306 801 1368; x_wconf 81' lang='lat' dir='ltr'>loquebatur</span> <span class='ocrx_word' id='word_1_151' title='bbox 826 1305 880 1351; x_wconf 87' lang='lat' dir='ltr'>ad</span> <span class='ocrx_word' id='word_1_152' title='bbox 902 1308 1087 1365; x_wconf 80' lang='lat' dir='ltr'>Moysen</span> <span class='ocrx_word' id='word_1_153' title='bbox 1108 1304 1219 1351; x_wconf 87' lang='lat' dir='ltr'>facie</span> <span class='ocrx_word' id='word_1_154' title='bbox 1242 1305 1298 1351; x_wconf 83' lang='lat' dir='ltr'>ad</span> <span class='ocrx_word' id='word_1_155' title='bbox 1318 1306 1475 1352; x_wconf 84' lang='lat' dir='ltr'>faciem</span> <span class='ocrx_word' id='word_1_156' title='bbox 1490 1342 1501 1363; x_wconf 88' lang='lat'><strong>‚</strong></span> <span class='ocrx_word' id='word_1_157' title='bbox 1533 1316 1685 1352; x_wconf 88' lang='lat' dir='ltr'>contra</span> <span class='ocrx_word' id='word_1_158' title='bbox 1708 1307 1755 1352; x_wconf 88' lang='lat' dir='ltr'>in</span> 
     </span>
     <span class='ocr_line' id='line_1_18' title="bbox 346 1376 1751 1440; baseline 0 -17"><span class='ocrx_word' id='word_1_159' title='bbox 346 1387 498 1424; x_wconf 88' lang='lat' dir='ltr'>contra</span> <span class='ocrx_word' id='word_1_160' title='bbox 521 1378 729 1440; x_wconf 83' lang='lat' dir='ltr'>:quando</span> <span class='ocrx_word' id='word_1_161' title='bbox 749 1388 897 1423; x_wconf 88' lang='lat' dir='ltr'>tamen</span> <span class='ocrx_word' id='word_1_162' title='bbox 921 1376 1032 1422; x_wconf 76' lang='lat' dir='ltr'>dixit</span> <span class='ocrx_word' id='word_1_163' title='bbox 1053 1377 1092 1422; x_wconf 87' lang='lat' dir='ltr'>ei</span> <span class='ocrx_word' id='word_1_164' title='bbox 1119 1397 1128 1423; x_wconf 88' lang='lat'><strong>:</strong></span> <span class='ocrx_word' id='word_1_165' title='bbox 1158 1397 1178 1420; x_wconf 86' lang='lat'>«</span> <span class='ocrx_word' id='word_1_166' title='bbox 1197 1377 1392 1422; x_wconf 80' lang='lat' dir='ltr'>Ostende.</span> <span class='ocrx_word' id='word_1_167' title='bbox 1414 1378 1522 1422; x_wconf 89' lang='lat' dir='ltr'>mihi</span> <span class='ocrx_word' id='word_1_168' title='bbox 1543 1379 1751 1439; x_wconf 86' lang='lat' dir='ltr'>temetip-</span> 
     </span>
     <span class='ocr_line' id='line_1_19' title="bbox 354 1448 1754 1512; baseline 0.001 -20"><span class='ocrx_word' id='word_1_169' title='bbox 354 1468 375 1493; x_wconf 88' lang='lat'>»</span> <span class='ocrx_word' id='word_1_170' title='bbox 400 1466 519 1507; x_wconf 81' lang='lat' dir='ltr'>sum3</span> <span class='ocrx_word' id='word_1_171' title='bbox 539 1469 560 1491; x_wconf 88' lang='lat'>»</span> <span class='ocrx_word' id='word_1_172' title='bbox 581 1460 757 1495; x_wconf 87' lang='lat' dir='ltr'>etnunc</span> <span class='ocrx_word' id='word_1_173' title='bbox 775 1450 905 1495; x_wconf 86' lang='lat' dir='ltr'>etiam</span> <span class='ocrx_word' id='word_1_174' title='bbox 924 1448 979 1494; x_wconf 87' lang='lat' dir='ltr'>ad</span> <span class='ocrx_word' id='word_1_175' title='bbox 995 1450 1126 1509; x_wconf 77' lang='lat' dir='ltr'>ipsos,</span> <span class='ocrx_word' id='word_1_176' title='bbox 1152 1465 1262 1510; x_wconf 88' lang='lat' dir='ltr'>quos</span> <span class='ocrx_word' id='word_1_177' title='bbox 1283 1450 1559 1510; x_wconf 81' lang='lat' dir='ltr'>objurgabat,</span> <span class='ocrx_word' id='word_1_178' title='bbox 1586 1459 1629 1494; x_wconf 91' lang='lat' dir='ltr'>et</span> <span class='ocrx_word' id='word_1_179' title='bbox 1651 1450 1754 1512; x_wconf 90' lang='lat' dir='ltr'>qui-</span> 
     </span>
     <span class='ocr_line' id='line_1_20' title="bbox 346 1519 1754 1581; baseline -0.002 -14"><span class='ocrx_word' id='word_1_180' title='bbox 346 1521 429 1566; x_wconf 89' lang='lat' dir='ltr'>bus</span> <span class='ocrx_word' id='word_1_181' title='bbox 451 1521 594 1580; x_wconf 88' lang='lat' dir='ltr'>Moysi</span> <span class='ocrx_word' id='word_1_182' title='bbox 626 1521 835 1566; x_wconf 87' lang='lat' dir='ltr'>meritum</span> <span class='ocrx_word' id='word_1_183' title='bbox 872 1521 931 1565; x_wconf 85' lang='lat' dir='ltr'>ita</span> <span class='ocrx_word' id='word_1_184' title='bbox 954 1520 1247 1580; x_wconf 83' lang='lat' dir='ltr'>praeferebat,</span> <span class='ocrx_word' id='word_1_185' title='bbox 1284 1519 1343 1564; x_wconf 91' lang='lat' dir='ltr'>sic</span> <span class='ocrx_word' id='word_1_186' title='bbox 1372 1520 1638 1581; x_wconf 82' lang='lat' dir='ltr'>loquebatur</span> <span class='ocrx_word' id='word_1_187' title='bbox 1674 1535 1754 1580; x_wconf 88' lang='lat' dir='ltr'>per</span> 
     </span>
     <span class='ocr_line' id='line_1_21' title="bbox 345 1590 1753 1651; baseline -0.001 -13"><span class='ocrx_word' id='word_1_188' title='bbox 345 1602 592 1638; x_wconf 85' lang='lat' dir='ltr'>creaturam</span> <span class='ocrx_word' id='word_1_189' title='bbox 613 1590 886 1651; x_wconf 86' lang='lat' dir='ltr'>corporalem</span> <span class='ocrx_word' id='word_1_190' title='bbox 918 1599 1225 1651; x_wconf 77' lang='lat' dir='ltr'>praesentatam</span> <span class='ocrx_word' id='word_1_191' title='bbox 1259 1590 1457 1635; x_wconf 90' lang='lat' dir='ltr'>sensibus</span> <span class='ocrx_word' id='word_1_192' title='bbox 1486 1591 1639 1635; x_wconf 88' lang='lat' dir='ltr'>carnis.</span> <span class='ocrx_word' id='word_1_193' title='bbox 1669 1590 1753 1636; x_wconf 93' lang='lat' dir='ltr'>Illo</span> 
     </span>
     <span class='ocr_line' id='line_1_22' title="bbox 344 1659 1752 1722; baseline -0.001 -13"><span class='ocrx_word' id='word_1_194' title='bbox 344 1679 446 1722; x_wconf 85' lang='lat' dir='ltr'>ergo</span> <span class='ocrx_word' id='word_1_195' title='bbox 468 1660 601 1708; x_wconf 86' lang='lat' dir='ltr'>modo</span> <span class='ocrx_word' id='word_1_196' title='bbox 615 1699 627 1719; x_wconf 77' lang='lat'>,</span> <span class='ocrx_word' id='word_1_197' title='bbox 642 1664 689 1707; x_wconf 89' lang='lat' dir='ltr'>in</span> <span class='ocrx_word' id='word_1_198' title='bbox 710 1659 785 1707; x_wconf 84' lang='lat' dir='ltr'>illa</span> <span class='ocrx_word' id='word_1_199' title='bbox 804 1662 946 1722; x_wconf 84' lang='lat' dir='ltr'>specie</span> <span class='ocrx_word' id='word_1_200' title='bbox 961 1678 1048 1721; x_wconf 87' lang='lat' dir='ltr'>qua</span> <span class='ocrx_word' id='word_1_201' title='bbox 1064 1664 1180 1705; x_wconf 90' lang='lat' dir='ltr'>Deus</span> <span class='ocrx_word' id='word_1_202' title='bbox 1203 1670 1268 1705; x_wconf 90' lang='lat' dir='ltr'>est</span> <span class='ocrx_word' id='word_1_203' title='bbox 1286 1696 1298 1715; x_wconf 85' lang='lat'><strong>‚</strong></span> <span class='ocrx_word' id='word_1_204' title='bbox 1318 1660 1446 1720; x_wconf 83' lang='lat' dir='ltr'>longe</span> <span class='ocrx_word' id='word_1_205' title='bbox 1470 1661 1752 1707; x_wconf 82' lang='lat' dir='ltr'>ineffabiliter</span> 
     </span>
     <span class='ocr_line' id='line_1_23' title="bbox 343 1731 1751 1795; baseline -0.002 -15"><span class='ocrx_word' id='word_1_206' title='bbox 343 1735 547 1781; x_wconf 87' lang='lat' dir='ltr'>secretius</span> <span class='ocrx_word' id='word_1_207' title='bbox 568 1744 612 1779; x_wconf 92' lang='lat' dir='ltr'>et</span> <span class='ocrx_word' id='word_1_208' title='bbox 634 1732 892 1795; x_wconf 81' lang='lat' dir='ltr'>praesentius</span> <span class='ocrx_word' id='word_1_209' title='bbox 925 1731 1123 1793; x_wconf 88' lang='lat' dir='ltr'>loquitur</span> <span class='ocrx_word' id='word_1_210' title='bbox 1153 1731 1377 1776; x_wconf 88' lang='lat' dir='ltr'>locutione</span> <span class='ocrx_word' id='word_1_211' title='bbox 1407 1731 1649 1788; x_wconf 82' lang='lat' dir='ltr'>ineffabili,</span> <span class='ocrx_word' id='word_1_212' title='bbox 1671 1733 1751 1777; x_wconf 90' lang='lat' dir='ltr'>ubi</span> 
     </span>
     <span class='ocr_line' id='line_1_24' title="bbox 344 1803 1748 1863; baseline -0.004 -10"><span class='ocrx_word' id='word_1_213' title='bbox 344 1823 448 1853; x_wconf 87' lang='lat' dir='ltr'>eum</span> <span class='ocrx_word' id='word_1_214' title='bbox 469 1822 599 1851; x_wconf 87' lang='lat' dir='ltr'>nemo</span> <span class='ocrx_word' id='word_1_215' title='bbox 621 1805 773 1850; x_wconf 89' lang='lat' dir='ltr'>videns</span> <span class='ocrx_word' id='word_1_216' title='bbox 799 1805 918 1850; x_wconf 80' lang='lat' dir='ltr'>vivet</span> <span class='ocrx_word' id='word_1_217' title='bbox 948 1803 1038 1849; x_wconf 84' lang='lat' dir='ltr'>vita</span> <span class='ocrx_word' id='word_1_218' title='bbox 1061 1804 1141 1847; x_wconf 88' lang='lat' dir='ltr'>ista</span> <span class='ocrx_word' id='word_1_219' title='bbox 1157 1838 1168 1858; x_wconf 86' lang='lat'><strong>‚</strong></span> <span class='ocrx_word' id='word_1_220' title='bbox 1194 1819 1281 1863; x_wconf 88' lang='lat' dir='ltr'>qua</span> <span class='ocrx_word' id='word_1_221' title='bbox 1308 1803 1551 1847; x_wconf 86' lang='lat' dir='ltr'>mortaliter</span> <span class='ocrx_word' id='word_1_222' title='bbox 1583 1803 1748 1848; x_wconf 87' lang='lat' dir='ltr'>vivitur</span> 
     </span>
     <span class='ocr_line' id='line_1_25' title="bbox 345 1872 1749 1935; baseline -0.003 -12"><span class='ocrx_word' id='word_1_223' title='bbox 345 1879 392 1925; x_wconf 84' lang='lat' dir='ltr'>in</span> <span class='ocrx_word' id='word_1_224' title='bbox 412 1878 501 1923; x_wconf 81' lang='lat' dir='ltr'>istis</span> <span class='ocrx_word' id='word_1_225' title='bbox 523 1876 720 1922; x_wconf 88' lang='lat' dir='ltr'>sensibus</span> <span class='ocrx_word' id='word_1_226' title='bbox 751 1874 943 1935; x_wconf 89' lang='lat' dir='ltr'>corporis</span> <span class='ocrx_word' id='word_1_227' title='bbox 975 1893 983 1918; x_wconf 92' lang='lat'>:</span> <span class='ocrx_word' id='word_1_228' title='bbox 1010 1872 1087 1918; x_wconf 90' lang='lat' dir='ltr'>sed</span> <span class='ocrx_word' id='word_1_229' title='bbox 1123 1873 1205 1917; x_wconf 88' lang='lat' dir='ltr'>nisi</span> <span class='ocrx_word' id='word_1_230' title='bbox 1240 1873 1295 1918; x_wconf 86' lang='lat' dir='ltr'>ab</span> <span class='ocrx_word' id='word_1_231' title='bbox 1317 1873 1400 1918; x_wconf 85' lang='lat' dir='ltr'>hac</span> <span class='ocrx_word' id='word_1_232' title='bbox 1434 1873 1524 1918; x_wconf 86' lang='lat' dir='ltr'>vita</span> <span class='ocrx_word' id='word_1_233' title='bbox 1561 1873 1749 1935; x_wconf 87' lang='lat' dir='ltr'>quisque</span> 
     </span>
     <span class='ocr_line' id='line_1_26' title="bbox 345 1943 1744 2011; baseline -0.004 -16"><span class='ocrx_word' id='word_1_234' title='bbox 345 1949 540 2011; x_wconf 85' lang='lat' dir='ltr'>quodam</span> <span class='ocrx_word' id='word_1_235' title='bbox 566 1947 699 1993; x_wconf 90' lang='lat' dir='ltr'>modo</span> <span class='ocrx_word' id='word_1_236' title='bbox 728 1946 962 2001; x_wconf 78' lang='lat' dir='ltr'>moriatur,</span> <span class='ocrx_word' id='word_1_237' title='bbox 982 1945 1072 1990; x_wconf 87' lang='lat' dir='ltr'>sive</span> <span class='ocrx_word' id='word_1_238' title='bbox 1094 1943 1274 1990; x_wconf 89' lang='lat' dir='ltr'>omnino</span> <span class='ocrx_word' id='word_1_239' title='bbox 1297 1944 1440 1988; x_wconf 82' lang='lat' dir='ltr'>exiens</span> <span class='ocrx_word' id='word_1_240' title='bbox 1463 1944 1518 1988; x_wconf 90' lang='lat' dir='ltr'>de</span> <span class='ocrx_word' id='word_1_241' title='bbox 1539 1960 1744 2005; x_wconf 81' lang='lat' dir='ltr'>corpore,</span> 
     </span>
     <span class='ocr_line' id='line_1_27' title="bbox 342 2015 1747 2072; baseline -0.004 -6"><span class='ocrx_word' id='word_1_242' title='bbox 342 2022 431 2068; x_wconf 88' lang='lat' dir='ltr'>sive</span> <span class='ocrx_word' id='word_1_243' title='bbox 442 2022 502 2066; x_wconf 87' lang='lat' dir='ltr'>ita</span> <span class='ocrx_word' id='word_1_244' title='bbox 516 2035 690 2066; x_wconf 88' lang='lat' dir='ltr'>aversus</span> <span class='ocrx_word' id='word_1_245' title='bbox 705 2028 747 2064; x_wconf 89' lang='lat' dir='ltr'>et</span> <span class='ocrx_word' id='word_1_246' title='bbox 763 2017 975 2064; x_wconf 83' lang='lat' dir='ltr'>alienatus</span> <span class='ocrx_word' id='word_1_247' title='bbox 993 2034 1016 2062; x_wconf 86' lang='lat' dir='ltr'>a</span> <span class='ocrx_word' id='word_1_248' title='bbox 1029 2015 1276 2062; x_wconf 85' lang='lat' dir='ltr'>carnalibus</span> <span class='ocrx_word' id='word_1_249' title='bbox 1294 2016 1506 2072; x_wconf 83' lang='lat' dir='ltr'>sensibus,</span> <span class='ocrx_word' id='word_1_250' title='bbox 1527 2024 1577 2061; x_wconf 85' lang='lat' dir='ltr'>ut</span> <span class='ocrx_word' id='word_1_251' title='bbox 1589 2017 1747 2062; x_wconf 83' lang='lat' dir='ltr'>merito</span> 
     </span>
     <span class='ocr_line' id='line_1_28' title="bbox 339 2087 1746 2151; baseline -0.004 -13"><span class='ocrx_word' id='word_1_252' title='bbox 339 2093 524 2148; x_wconf 77' lang='lat' dir='ltr'>nesciat,</span> <span class='ocrx_word' id='word_1_253' title='bbox 549 2091 661 2137; x_wconf 87' lang='lat' dir='ltr'>sicut</span> <span class='ocrx_word' id='word_1_254' title='bbox 698 2089 932 2151; x_wconf 79' lang='lat' dir='ltr'>Apostolus</span> <span class='ocrx_word' id='word_1_255' title='bbox 967 2088 1046 2144; x_wconf 78' lang='lat' dir='ltr'>ait,</span> <span class='ocrx_word' id='word_1_256' title='bbox 1074 2097 1228 2133; x_wconf 90' lang='lat' dir='ltr'>utrum</span> <span class='ocrx_word' id='word_1_257' title='bbox 1252 2087 1298 2131; x_wconf 86' lang='lat' dir='ltr'>in</span> <span class='ocrx_word' id='word_1_258' title='bbox 1320 2102 1503 2147; x_wconf 89' lang='lat' dir='ltr'>corpore</span> <span class='ocrx_word' id='word_1_259' title='bbox 1531 2103 1589 2132; x_wconf 88' lang='lat' dir='ltr'>an</span> <span class='ocrx_word' id='word_1_260' title='bbox 1623 2096 1746 2132; x_wconf 85' lang='lat' dir='ltr'>extra</span> 
     </span>
     <span class='ocr_line' id='line_1_29' title="bbox 339 2158 1740 2225; baseline -0.004 -15"><span class='ocrx_word' id='word_1_261' title='bbox 339 2180 496 2225; x_wconf 88' lang='lat' dir='ltr'>corpus</span> <span class='ocrx_word' id='word_1_262' title='bbox 518 2162 600 2209; x_wconf 83' lang='lat' dir='ltr'>sit3</span> <span class='ocrx_word' id='word_1_263' title='bbox 619 2198 632 2220; x_wconf 86' lang='lat'><strong>‚</strong></span> <span class='ocrx_word' id='word_1_264' title='bbox 652 2177 755 2208; x_wconf 87' lang='lat' dir='ltr'>curn</span> <span class='ocrx_word' id='word_1_265' title='bbox 778 2161 825 2206; x_wconf 89' lang='lat' dir='ltr'>in</span> <span class='ocrx_word' id='word_1_266' title='bbox 841 2160 961 2206; x_wconf 85' lang='lat' dir='ltr'>illam</span> <span class='ocrx_word' id='word_1_267' title='bbox 979 2160 1147 2221; x_wconf 86' lang='lat' dir='ltr'>rapitur</span> <span class='ocrx_word' id='word_1_268' title='bbox 1169 2168 1212 2204; x_wconf 90' lang='lat' dir='ltr'>et</span> <span class='ocrx_word' id='word_1_269' title='bbox 1231 2158 1493 2203; x_wconf 88' lang='lat' dir='ltr'>subvehitur</span> <span class='ocrx_word' id='word_1_270' title='bbox 1512 2158 1740 2204; x_wconf 89' lang='lat' dir='ltr'>visionem.</span> 
     </span>
    </p>
   </div>
   <div class='ocr_carea' id='block_1_3' title="bbox 388 2254 1601 2304">
    <p class='ocr_par' dir='ltr' id='par_1_3' title="bbox 388 2254 1601 2304">
     <span class='ocr_line' id='line_1_30' title="bbox 388 2254 1601 2304; baseline -0.006 -10"><span class='ocrx_word' id='word_1_271' title='bbox 388 2268 398 2285; x_wconf 88' lang='lat'>¹</span> <span class='ocrx_word' id='word_1_272' title='bbox 416 2262 509 2295; x_wconf 84' lang='lat' dir='ltr'>Num.</span> <span class='ocrx_word' id='word_1_273' title='bbox 531 2272 590 2304; x_wconf 78' lang='lat' dir='ltr'>xii,</span> <span class='ocrx_word' id='word_1_274' title='bbox 604 2260 672 2294; x_wconf 86' lang='lat'><strong>6-8.</strong></span> <span class='ocrx_word' id='word_1_275' title='bbox 690 2276 733 2284; x_wconf 93' lang='lat'>-</span> <span class='ocrx_word' id='word_1_276' title='bbox 748 2266 763 2284; x_wconf 85' lang='lat'>²</span> <span class='ocrx_word' id='word_1_277' title='bbox 781 2259 1015 2300; x_wconf 76' lang='lat' dir='ltr'>Exod.xxx1n,</span> <span class='ocrx_word' id='word_1_278' title='bbox 1040 2268 1091 2289; x_wconf 75' lang='grc' dir='ltr'>ιι.</span> <span class='ocrx_word' id='word_1_279' title='bbox 1113 2272 1155 2280; x_wconf 86' lang='grc'>-·</span> <span class='ocrx_word' id='word_1_280' title='bbox 1175 2254 1221 2290; x_wconf 85' lang='lat'>32</span> <span class='ocrx_word' id='word_1_281' title='bbox 1242 2258 1317 2289; x_wconf 87' lang='lat' dir='ltr'>Cor.</span> <span class='ocrx_word' id='word_1_282' title='bbox 1339 2266 1396 2299; x_wconf 68' lang='grc' dir='ltr'>ιιι,</span> <span class='ocrx_word' id='word_1_283' title='bbox 1418 2255 1449 2289; x_wconf 87' lang='grc'>3.</span> <span class='ocrx_word' id='word_1_284' title='bbox 1584 2280 1601 2295; x_wconf 91' lang='grc'><strong><em>,</em></strong></span> 
     </span>
    </p>
   </div>
   <div class='ocr_carea' id='block_1_4' title="bbox 1845 2898 1852 3135">
    <p class='ocr_par' dir='ltr' id='par_1_4' title="bbox 1845 2898 1852 3135">
     <span class='ocr_line' id='line_1_31' title="bbox 1845 2898 1852 3135; textangle 90"><span class='ocrx_word' id='word_1_285' title='bbox 1845 3130 1847 3135; x_wconf 50' lang='lat' dir='ltr'>v</span> <span class='ocrx_word' id='word_1_286' title='bbox 1845 3018 1851 3117; x_wconf 52' lang='lat'>&lt;—.-.⁴..</span> <span class='ocrx_word' id='word_1_287' title='bbox 1846 2898 1852 3010; x_wconf 72' lang='grc'>.,-.....,</span> 
     </span>
    </p>
   </div>
  </div>
 </body>
</html>
