1854 3219
371 240 424 267 DE
455 238 605 267 GENEsr
636 236 692 265 An
723 236 941 265 LITTERAM
961 254 972 275 ,
1008 238 1090 263 Lm.
1126 238 1157 262 1.
1376 223 1457 260 177

72 389 108 407 M

1035 385 1462 405 mmmmm

591 522 810 574 CAPUT
856 523 966 573 XV.

132 671 354 722 Materia
371 672 558 735 origine
578 686 677 718 non
698 679 908 731 tempore
912 669 1141 734 formam
1157 666 1405 731 praeeedit.

0 753 3 866 i
135 812 300 856 XXIX.
325 813 424 858 Non
439 811 543 873 quia
559 810 760 857 informis
780 811 957 855 materia
968 809 1166 855 formatis
1189 808 1320 853 rebus
1346 816 1462 853 tem-

75 896 180 942 pore
201 883 320 942 prior
341 891 407 928 est
421 917 432 938 ‚
465 897 569 928 cum
587 883 643 927 sit
663 891 902 943 utrumque
929 880 1059 926 simul
1091 888 1373 926 concreatum
1387 914 1398 934 ‚
1426 887 1472 923 et

73 952 194 998 unde
214 951 383 998 factum
397 962 484 1009 est,
504 961 549 997 et
569 952 692 1014 quod
712 951 879 998 factum
898 960 977 997 est.
1002 952 1123 997 Sicut
1140 951 1258 995 enim
1277 966 1361 995 vox
1375 965 1471 993 ma-

76 1023 184 1068 teria
204 1033 269 1068 est
288 1023 525 1069 verborum
537 1059 548 1080 ‚
564 1024 699 1068 verba
711 1040 815 1079 vero
830 1023 1066 1068 formatam
1083 1037 1236 1066 vocem
1249 1020 1444 1065 indicant
1458 1040 1470 1076 3

76 1109 168 1138 non
190 1103 338 1139 autem
359 1094 437 1155 qui
457 1094 671 1155 loquitur,
695 1095 814 1155 prius
848 1094 1009 1138 emittit
1038 1092 1272 1137 informem
1294 1106 1444 1136 vocem
1459 1125 1470 1143 ‚

76 1180 212 1226 quam
232 1165 368 1225 possit
388 1175 538 1226 postea
561 1164 765 1224 colligere
779 1200 790 1220 ,
811 1174 942 1225 atque
961 1164 1007 1208 in
1023 1164 1157 1208 verba
1180 1162 1368 1208 formare
1386 1181 1393 1206 :
1415 1162 1474 1205 ita

77 1245 245 1281 creator
253 1239 368 1281 Deus
385 1251 475 1281 non
488 1236 633 1296 priore
650 1245 846 1295 tempore
860 1235 963 1280 feeit
977 1233 1210 1280 informem
1228 1233 1472 1287 materiam,

78 1315 123 1350 et
143 1321 239 1350 eam
260 1315 411 1366 postea
430 1322 509 1366 per
530 1307 730 1351 ordinem
752 1321 1030 1366 quarumque
1052 1315 1326 1359 naturarum,
1349 1303 1474 1364 quasi

78 1375 267 1421 secunda
287 1376 632 1421 consideratione
654 1375 860 1421 formavit
881 1397 888 1421 :
914 1375 1148 1421 formatam
1171 1377 1335 1436 quippe
1353 1389 1476 1418 crea—

77 1448 143 1493 vit
170 1447 413 1492 materiam.
451 1447 537 1492 Sed
567 1448 671 1508 quia
699 1446 811 1491 illud
838 1448 958 1491 unde
990 1449 1040 1491 fit
1062 1446 1253 1508 aliquid,
1279 1445 1358 1489 etsi
1385 1460 1478 1489 non

77 1527 302 1579 tempore,
338 1527 486 1563 tamen
513 1518 706 1579 quadam
734 1517 899 1576 origine
932 1518 1052 1577 prius
1081 1528 1169 1572 est,
1203 1531 1337 1577 quam
1364 1514 1477 1559 illud

37 1627 42 1648 ,
79 1589 202 1650 quod
215 1588 320 1633 inde
341 1590 419 1647 fit3
442 1589 589 1649 potuit
615 1588 808 1634 dividere
833 1589 1055 1648 Scriptura
1076 1587 1287 1648 loquendi
1306 1597 1477 1647 tempo-

36 1704 70 1721 μ
79 1659 224 1719 ribus,
239 1658 362 1720 quod
375 1662 490 1704 Deus
505 1658 696 1704 faciendi
714 1659 984 1719 temporibus
1007 1675 1097 1703 non
1119 1657 1276 1702 divisit.
1299 1659 1341 1703 Si
1359 1657 1477 1701 enim

80 1740 319 1792 quaeratur,
347 1739 498 1775 utrum
518 1746 672 1775 vocem
694 1731 749 1774 (le
765 1730 932 1784 verbis,
957 1746 1014 1774 an
1036 1729 1091 1773 de
1113 1745 1221 1773 voce
1243 1728 1377 1773 verba
1406 1727 1474 1772 fa-

81 1803 245 1848 ciamus
260 1838 272 1859 ‚
297 1818 388 1847 non
409 1800 536 1846 facile
561 1801 794 1862 quisquam
815 1802 874 1845 ita
897 1801 1022 1845 tardo
1042 1801 1218 1858 ingenio
1241 1800 1472 1860 reperitur,

81 1873 260 1934 quinon
281 1873 426 1934 potius
446 1873 579 1916 verba
594 1872 688 1916 fieri
705 1872 760 1915 de
776 1886 883 1915 voce
896 1870 1178 1931 respondeat:
1194 1871 1254 1914 ita
1277 1870 1476 1931 quamvis

82 1953 320 2004 utrumque
341 1942 471 1989 simul
487 1943 564 2004 qui
582 1941 780 2004 loquitur
802 1940 955 1997 faciat,
977 1942 1085 2002 quid
1106 1940 1225 1985 unde
1251 1940 1381 1986 faciat
1401 1957 1476 1986 na-

82 2013 214 2059 turali
246 2015 488 2059 attentione
521 2013 622 2058 satis
652 2022 847 2074 apparet.
883 2013 1179 2066 Quamobrem
1216 2028 1317 2057 cum
1345 2012 1476 2057 simul

82 2095 320 2149 utrumque
342 2089 459 2130 Deus
481 2084 660 2140 fecerit,
696 2094 740 2129 et
769 2084 993 2129 materiam
1017 2101 1150 2146 quam
1173 2083 1405 2139 formavit,
1433 2094 1476 2129 et

83 2171 150 2201 res
170 2155 217 2200 in
239 2172 348 2218 quas
369 2171 465 2200 eam
483 2154 687 2200 formavit
703 2190 714 2210 ‚
739 2164 783 2199 et
803 2164 1042 2217 utrumque
1064 2155 1118 2200 ab
1144 2156 1365 2216 Scriptura
1389 2154 1476 2200 dici

84 2227 326 2288 oportuerit
341 2262 352 2282 ‚
372 2241 454 2271 nec
471 2225 601 2270 simul
618 2235 858 2287 utrumque
879 2225 965 2271 dici
987 2227 1201 2287 potuerit,
1226 2227 1347 2286 prius
1364 2225 1477 2271 illud

14 2352 15 2357 ¹
84 2297 204 2342 unde
227 2296 393 2359 aliquid
419 2297 588 2342 factum
615 2305 705 2352 est,
736 2312 868 2357 quam
894 2295 1006 2342 illud
1034 2298 1156 2359 quod
1177 2297 1279 2342 inde
1308 2297 1476 2342 lactum

19 2362 21 2376 ¹
87 2377 178 2423 est,
202 2367 283 2413 dici
309 2367 509 2412 debuisse
532 2367 628 2428 quis
653 2366 856 2412 dubitet?
875 2368 987 2421 Quia
1011 2369 1141 2413 etiam
1163 2385 1265 2413 cum
1292 2369 1475 2413 dicimus

85 2438 312 2482 materiam
335 2447 378 2483 et
400 2437 587 2483 formam
601 2473 612 2493 ,
638 2447 876 2499 utrumque
895 2439 1025 2484 simul
1048 2455 1137 2484 csse
1165 2439 1445 2498 intelligimus
1460 2475 1472 2494 ‚

21 2505 25 2564 l
88 2524 169 2554 nec
192 2517 430 2570 utrumque
453 2508 582 2553 simul
604 2525 834 2569 possumus
856 2512 1098 2555 enuntiare.
1123 2512 1242 2556 Sicut
1262 2521 1408 2555 autem
1428 2511 1475 2554 in

17 2573 24 2614 -²
87 2577 300 2625 brevitate
322 2578 528 2640 temporis
550 2580 786 2639 contingit,
819 2597 920 2626 cum
941 2581 1031 2627 duo
1053 2581 1132 2627 ista
1161 2582 1292 2627 verba
1324 2579 1474 2641 profe-

246 2662 353 2693 cxu.
1233 2655 1283 2693 12
