1854 3219
343 225 397 250 DE
429 223 579 251 onmem
612 223 667 249 An
700 221 944 261 LiT'rEnAM,
980 224 1061 250 Lus.
1099 224 1158 249 vl.
1361 210 1445 249 369

61 296 289 348 peccatum
311 288 367 333 ad
394 303 489 332 eam
510 287 736 347 pervenire
757 301 847 331 non
879 286 1037 346 potuit.
1064 285 1232 331 Dicitur
1254 286 1370 330 enim
1404 294 1449 330 et

63 359 251 405 amisisse
269 374 467 415 uxorem,
492 367 536 403 et
562 357 751 403 amisisse
769 358 997 415 honorem,
1023 358 1100 419 qui
1116 366 1336 418 speratum
1358 373 1449 403 non

62 430 305 491 acceperit,
329 429 406 475 illo
427 446 451 475 a
468 445 557 491 quo
579 429 780 490 sperabat
802 430 984 475 offenso.

71 588 383 606 UWUWUQWM
387 587 526 605 MA5AEU2
530 586 809 604 §mmmmm
813 586 880 603 m&
883 587 948 604 ΜΚ
954 587 1093 605 &nummo
1098 587 1166 604 ΝἏὶ
1170 587 1308 604 mm!
1314 588 1379 604 8111!
1385 588 1434 603 ἱιὶ
1439 589 1450 603 x

524 705 746 753 CAPUT
782 706 995 752 XXVIII.

70 842 237 890 Adam
266 842 375 890 licet
399 843 630 905 spiritalis
661 853 840 900 mente,
874 859 1073 905 corpore
1089 843 1198 907 fuit
1230 841 1458 889 animalis

513 918 660 961 etiam
681 917 730 961 in
758 914 1011 976 paradiso.

118 1055 326 1116 XXXIX.
343 1058 581 1099 Ssscnnnum
593 1054 707 1099 hanc
721 1068 822 1112 ergo
837 1054 1095 1098 sententiam
1106 1068 1262 1112 corpus
1277 1053 1463 1097 animale

74 1125 229 1170 habuit
249 1125 414 1180 Adam,
445 1141 535 1170 non
558 1134 729 1170 tantum
751 1135 851 1170 ante
876 1123 1124 1185 paradisum
1139 1160 1149 1179 ‚
1174 1123 1249 1168 sed
1272 1124 1401 1168 etiam
1419 1124 1465 1167 in

75 1196 274 1256 paradiso
295 1197 556 1241 constitutus
584 1216 592 1241 :
618 1197 815 1257 quamvis
836 1197 882 1240 in
903 1196 1108 1240 interiore
1130 1195 1308 1240 homine
1333 1194 1466 1239 fuerit

75 1266 297 1327 spiritalis,
338 1266 578 1312 secundum
614 1269 850 1327 imaginem
892 1269 982 1328 ejus
1017 1269 1093 1328 qui
1131 1267 1292 1312 creavit
1327 1282 1426 1311 euin
1455 1285 1463 1311 :

76 1337 199 1398 quod
216 1338 358 1382 amisit
378 1337 600 1398 peccando
612 1373 622 1393 ‚
642 1339 889 1399 meruitque
908 1339 1036 1382 etiam
1052 1339 1243 1398 corporis
1261 1348 1464 1393 mortem,

77 1409 154 1469 qui
175 1424 265 1453 non
300 1408 524 1468 peccando
545 1419 786 1454 mereretur
809 1419 852 1454 et
872 1410 918 1454 in
948 1425 1105 1470 corpus
1133 1409 1322 1469 spiritale
1345 1425 1468 1454 com-

78 1479 382 1524 mutationem.
408 1482 518 1525 Nam
558 1480 593 1525 si
634 1490 677 1525 et
719 1481 899 1525 interius
937 1481 1179 1526 animaliter
1215 1481 1341 1535 vixit,
1382 1497 1472 1527 non

79 1567 307 1613 possumus
321 1550 407 1596 dici
423 1550 478 1595 ad
490 1552 574 1597 hoc
591 1552 724 1612 ipsius
738 1553 1138 1613 renovari.{Quib11s
1156 1553 1271 1597 enim
1287 1553 1447 1598 dicitur
1462 1572 1470 1598 :

85 1642 106 1666 «
121 1621 407 1668 Renovamini
419 1622 574 1682 spiritu
583 1623 740 1667 mentis
753 1633 950 1679 vestrae,»
966 1624 1051 1668 hoc
1065 1624 1124 1668 eis
1136 1624 1310 1679 dicitur,
1326 1633 1376 1667 ut
1393 1624 1474 1683 spi-

82 1693 226 1738 ritales
248 1693 357 1737 fiant
378 1712 386 1738 ε
412 1692 534 1754 quod
547 1693 581 1737 si
602 1692 677 1737 ille
694 1709 774 1738 nec
791 1694 837 1738 in
853 1694 945 1754 ipsa
965 1703 1110 1738 mente
1123 1693 1229 1749 fuit,
1250 1694 1474 1754 quomodo

85 1780 164 1809 nos
185 1779 444 1809 renovamur
464 1764 520 1808 ad
536 1763 582 1808 id
607 1764 728 1825 quod
744 1765 876 1810 homo
901 1781 1128 1826 nunquam
1150 1764 1234 1810 suit
1247 1767 1264 1809 P
1279 1764 1478 1826 Apostoli

85 1843 232 1879 autem
249 1843 294 1879 et
316 1849 467 1879 omnes
483 1834 588 1895 justi
613 1834 798 1879 animale
820 1835 973 1896 utique
995 1851 1152 1896 corpus
1177 1835 1320 1880 adhuc
1341 1836 1479 1881 habe-

86 1906 218 1961 bant,
244 1905 321 1950 sed
349 1914 495 1950 tamen
529 1905 778 1965 spiritaliter
806 1906 988 1951 interius
1016 1907 1243 1962 vivebant,
1282 1907 1478 1952 renovati

87 1976 250 2022 scilicet
272 1977 317 2020 in
334 1976 600 2035 agnitionem
630 1976 724 2032 Dei,
753 1976 995 2022 secundum
1023 1977 1257 2037 imaginem
1279 1979 1369 2038 ejus
1401 1977 1478 2038 qui

87 2048 248 2094 creavit
269 2063 341 2093 eos
369 2067 378 2092 :
408 2063 499 2093 non
519 2046 618 2092 ideo
641 2057 787 2092 tamen
812 2050 901 2109 jam
928 2064 1108 2110 peccare
1132 2064 1222 2093 non
1244 2058 1474 2109 poterant,

88 2119 122 2164 si
142 2110 440 2164 consentirent
471 2118 706 2179 iniquitati.
731 2122 841 2165 Nam
865 2129 907 2164 et
944 2119 1153 2180 spiritales
1181 2135 1302 2180 posse
1324 2120 1479 2165 cadere

87 2189 134 2234 in
150 2189 391 2235 tentatione
411 2189 578 2249 peccati
596 2224 607 2244 ‚
633 2189 822 2234 ostendit
842 2190 1078 2250 Apostolus
1100 2190 1179 2235 ubi
1203 2191 1262 2236 ait
1285 2210 1292 2236 ε
1323 2210 1342 2233 «
1370 2194 1478 2235 Fra-

92 2278 113 2302 »
137 2270 246 2316 tres,
288 2261 323 2305 si
355 2269 687 2321 praeoccupatus
715 2259 847 2306 fuerit
867 2261 1001 2307 homo
1028 2261 1074 2305 in
1106 2260 1252 2322 aliquo
1288 2261 1447 2307 delicto
1466 2297 1476 2317 ‚

91 2348 113 2373 »
138 2347 215 2376 vos
235 2331 312 2392 qui
333 2330 546 2391 spiritales
581 2331 679 2375 estis
695 2366 706 2386 ‚
746 2331 947 2377 instruite
976 2333 1226 2393 hujusmodi
1259 2333 1304 2377 in
1327 2334 1481 2394 spiritu

94 2420 114 2443 »
140 2401 330 2446 lenitatis
345 2437 355 2457 ‚
388 2400 620 2446 intendens
643 2411 685 2446 te
708 2402 850 2461 ipsum
867 2419 922 2447 ne
945 2413 988 2447 et
1012 2413 1057 2448 tu
1080 2404 1284 2448 tenteris¹
1316 2425 1323 2449 ;
1347 2423 1366 2445 η
1390 2408 1482 2449 Hoc

91 2471 208 2528 dixi,
243 2487 299 2516 ne
327 2472 531 2533 cuiquam
560 2471 827 2532 impossibile
870 2474 1096 2530 videatur,
1136 2474 1257 2535 quod
1288 2474 1484 2535 peccavit

142 2575 151 2593 ¹
173 2569 241 2604 Gal.
258 2581 302 2613 vi,
325 2581 353 2603 1.

360 2635 466 2666 cxn.
1243 2626 1293 2665 2¹4
