1854 3219
356 178 439 216 :3-10
796 193 828 216 s.
866 191 1092 218 Aecus-rim
1129 194 1306 219 eviscovi

349 258 440 314 ejus
462 255 653 298 detracta
677 255 953 310 lormaverit‚
980 257 1079 301 satis
1102 274 1179 302 nos
1205 259 1443 301 admonent
1463 258 1552 301 haec
1570 273 1658 302 non
1679 260 1734 303 ad

350 326 467 369 illam
502 326 797 384 operationem
827 326 901 369 Dei
931 328 1171 385 pertinere,
1203 329 1320 372 unde
1353 328 1564 388 requievit
1590 328 1635 372 in
1664 328 1735 374 die

347 397 551 456 septimo,
576 395 651 440 sed
674 396 729 440 ad
758 397 882 441 istam
908 399 1050 457 potius
1081 416 1167 459 qua
1199 415 1276 459 per
1304 409 1550 459 temporum
1585 415 1736 445 cursus

348 483 624 527 usquenunc
656 476 875 527 operatur.
908 470 1021 513 Cum
1052 471 1166 513 enim
1191 470 1415 529 paradisus
1447 470 1732 529 plantaretur,

343 539 402 582 ita
436 548 608 583 narrat:
645 558 664 580 «
697 541 754 583 Et
784 538 997 598 plantavit
1026 544 1138 585 Deus
1166 540 1413 600 paradisum
1447 541 1493 584 in
1526 541 1650 585 Eden
1679 542 1735 586 ad

345 628 366 651 »
401 609 650 664 Orientem,
686 619 729 654 et
757 610 902 669 posuit
934 611 995 654 ibi
1030 611 1250 656 hominem
1284 627 1415 672 quem
1446 613 1643 656 finxerat.
1677 616 1735 657 Et

346 702 363 722 »
400 681 525 740 ejecit
546 684 659 725 Deus
683 681 826 726 adime
855 682 909 726 de
936 691 1048 726 terra
1074 699 1203 727 omne
1225 682 1395 742 lignum
1421 683 1655 743 pulchrum
1678 684 1733 728 ad

341 770 361 793 »
397 761 650 811 aspectum:
687 762 730 797 et
765 753 931 798 bonum
960 754 1015 798 ad
1045 756 1232 798 eseam1.
1262 773 1282 795 »
1315 758 1428 799 Cum
1464 754 1569 799 dicit
1602 771 1728 814 ergo:

341 843 361 865 «
396 824 537 884 Ejecit
561 824 705 869 adhuc
734 824 788 869 de
816 834 928 869 terra
959 841 1088 870 omne
1119 824 1290 884 lignum
1320 825 1554 885 pulchrum
1578 825 1632 870 ad
1665 842 1732 871 as-

340 914 360 935 »
397 905 597 955 pectum‚
622 915 641 937 »
666 896 914 941 manifestat
931 896 1105 958 utique,
1134 896 1254 956 qttod
1275 896 1398 941 aliter
1419 912 1537 941 nunc
1559 898 1733 957 ejecerit

335 967 390 1011 de
416 976 526 1012 terra
547 967 740 1027 lignum,
759 968 881 1012 aliter
896 978 1001 1013 tunc
1023 983 1123 1012 cum
1149 969 1273 1013 tertio
1296 969 1366 1012 die
1388 968 1595 1028 produxit
1617 978 1731 1014 terra

336 1040 518 1085 herbam
563 1039 737 1099 pabuli,
772 1041 1057 1084 seminantem
1093 1056 1271 1096 semen,
1312 1039 1554 1085 seeundum
1594 1057 1729 1100 genus

335 1127 480 1167 suum,
507 1111 733 1170 etlignum
753 1111 1025 1157 fructuosum
1043 1112 1285 1157 secundum
1309 1127 1437 1156 suum
1461 1127 1610 1170 genus.
1636 1115 1729 1156 Hoc

335 1192 398 1226 est
421 1183 559 1238 enim,
589 1202 608 1224 «
635 1183 775 1244 Ejecit
792 1183 935 1227 adhuc
949 1219 960 1237 ‚
982 1204 999 1224 »
1026 1199 1155 1243 super
1177 1183 1288 1227 illud
1310 1182 1471 1226 scilieet
1493 1182 1615 1243 quod
1638 1184 1728 1243 jam

333 1255 519 1313 ejecerat
545 1273 553 1298 :
579 1263 685 1298 tunc
707 1254 860 1314 utique
883 1254 1179 1314 potentialiter
1204 1264 1245 1298 et
1267 1254 1496 1298 causaliter
1523 1254 1569 1297 in
1597 1270 1728 1314 opere

332 1326 579 1385 pertinente
608 1326 663 1370 ad
688 1326 874 1370 creanda
902 1327 1047 1371 omnia
1080 1326 1230 1382 simul,
1258 1343 1282 1371 a
1317 1326 1477 1387 quibus
1516 1342 1725 1370 consum-

331 1397 456 1441 matis
483 1397 528 1440 in
549 1397 619 1441 die
641 1397 826 1456 septimo
848 1398 1062 1457 requievit
1080 1419 1090 1455 3
1125 1414 1244 1442 nunc
1266 1407 1412 1442 autem
1434 1396 1658 1442 visibiliter
1680 1398 1726 1441 in

331 1484 461 1528 opere
484 1469 729 1528 pertinente
748 1469 805 1513 ad
828 1478 1076 1529 temporum
1099 1485 1298 1525 cursum,
1323 1470 1433 1514 sicut
1451 1485 1588 1530 usque
1607 1484 1725 1512 nunc

333 1549 552 1600 operatur.

338 1700 440 1716 wzwv·
447 1700 940 1716 {AMMQVWUAEWRRMWUOEW
945 1699 1582 1716 MNAMMWMWW‘VWWWVVMWMNW
1588 1698 1724 1714 wmwm

851 1821 1067 1871 CAPUT
1107 1823 1161 1870 Π
1177 1813 1210 1867 ².

608 1968 750 2014 Idem
773 1967 1065 2029 expenditur
1087 1977 1441 2031 argumentum.

390 2120 466 2162 VJ.
498 2121 590 2164 NISI
623 2118 738 2163 forte
765 2119 862 2179 quis
895 2118 1012 2163 dieat
1040 2134 1128 2163 non
1150 2133 1279 2162 omne
1302 2117 1408 2176 ligni
1433 2132 1568 2176 genus
1592 2118 1721 2163 tertio

329 2189 400 2234 die
426 2199 620 2234 creatum
636 2225 646 2244 ‚
672 2188 749 2234 sed
772 2189 959 2234 dilatum
987 2189 1155 2250 aliquid
1177 2179 1298 2250 quod
1327 2197 1449 2233 sexto
1480 2198 1716 2246 crearetur,

327 2277 429 2306 cum
462 2262 594 2306 homo
624 2260 761 2305 factus
785 2270 848 2305 est
877 2270 1007 2321 atque
1033 2260 1078 2304 in
1101 2259 1298 2320 paradiso
1330 2260 1605 2305 constitutus.
1636 2259 1721 2306 Sed

328 2349 429 2394 quae
446 2342 564 2378 sexto
589 2332 659 2377 die
682 2342 823 2377 creata
842 2341 965 2387 sunt,
983 2332 1248 2392 apertissime
1268 2331 1487 2391 Scriptura
1508 2331 1716 2387 declarat,

329 2405 473 2450 anima
493 2404 591 2450 viva
613 2402 774 2449 scilieet
795 2403 1038 2449 secundum
1055 2403 1406 2464 unumquodque
1423 2418 1579 2462 genus,
1605 2419 1716 2463 qua—

379 2511 387 2527 ¹
413 2505 492 2536 Gen.
515 2514 551 2545 n,
576 2502 608 2535 8.
630 2518 671 2525 -—-
694 2508 706 2525 ²
726 2503 759 2534 In
775 2501 866 2534 culitis
884 2506 983 2544 caput
1011 2512 1043 2534 iv
1061 2501 1171 2545 incipit
1189 2502 1228 2535 ad
1243 2500 1342 2534 verba
1372 2500 1585 2544 praecedentia
1607 2513 1614 2532 :
1634 2500 1717 2532 Cum

330 2559 413 2593 [licit
430 2572 526 2605 ergo,
547 2564 611 2592 etc.

1841 2473 1849 2542 ὅ
