1854 3219
335 228 389 258 nr.
421 226 571 256 00111351
604 223 658 252 An
692 221 937 261 LITTERAM‚
959 223 1041 252 ΠΒ.
1067 223 1126 250 w.
1341 209 1420 249 361

41 376 948 403 UMWWWUUBMWUNWSMMWMMMMRRMMM
952 373 1431 396 mkumxmmwwkumn

538 496 758 553 CAPUT
795 500 933 549 XIX·

44 640 379 700 Adamo‘non
414 646 633 710 spiritale
669 645 762 693 secl
801 647 1018 694 animale
1046 661 1220 708 corpus
1261 659 1295 692 a
1326 643 1434 690 Deo

540 721 823 784 formatam
840 736 958 766 esse.

104 861 247 905 XXX.
285 862 423 905 SOLET
445 860 550 904 item
572 860 734 920 quaeri,
758 868 908 904 utrum
935 859 1119 904 animale
1140 871 1297 918 corpus
1318 856 1438 917 prius

44 932 212 978 homini
227 930 464 976 formatum
480 931 534 975 sit
555 930 695 976 elimo
709 967 719 986 ‚
741 929 869 992 quale
887 946 1005 975 nunc
1021 930 1235 974 habemus
1250 964 1260 985 ,
1278 944 1331 973 an
1349 928 1438 987 spin

45 1002 185 1057 rstale,
201 1001 330 1063 quale
350 1010 622 1061 resurgentes
635 1002 912 1047 habebimus.
934 1004 1197 1062 Quanquam
1219 1000 1334 1044 enim
1352 999 1437 1042 1100

46 1073 92 1117 in
114 1071 225 1116 illud
241 1072 515 1130 mutabitur3
539 1072 776 1116 seminatur
796 1073 913 1116 enim
935 1087 1092 1132 eorpus
1116 1069 1318 1125 animale,
1340 1085 1438 1113 sur-

46 1153 119 1204 get
140 1158 297 1203 corpus
319 1142 532 1203 spiritale:
558 1152 704 1187 tamen
721 1142 829 1204 quid
844 1143 962 1203 prius
985 1142 1154 1187 homini
1176 1140 1341 1185 factum
1361 1141 1437 1196 sit,

46 1215 146 1259 ideo
164 1214 452 1275 disceptatur,
477 1213 579 1275 quia
601 1215 635 1258 si
664 1214 849 1258 animale
871 1212 1036 1259 factum
1061 1223 1150 1270 est,
1174 1229 1264 1258 non
1280 1213 1364 1257 1100
1378 1226 1442 1256 re-

46 1285 254 1345 cipiemus
269 1320 280 1339 ,
327 1283 449 1344 quod
487 1285 533 1327 in
565 1283 641 1328 illo
672 1283 967 1344 perdidimus,
1017 1283 1093 1328 sed
1137 1293 1260 1328 tanto
1287 1282 1442 1327 melius

46 1365 212 1416 quanto
227 1354 416 1415 spiritale
434 1355 608 1399 animali
621 1356 965 1416 praeponendum
985 1366 1069 1412 est,
1088 1355 1266 1417 quando
1282 1355 1443 1401 erimus

46 1426 234 1487 aequales
256 1425 431 1484 Angelis
455 1426 557 1469 Dei¹
579 1461 588 1470 .
619 1426 705 1471 Sed
726 1427 880 1484 Angeli
898 1436 1081 1486 possunt
1101 1426 1194 1471 aliis
1217 1435 1260 1470 et
1275 1425 1443 1486 justitia

47 1497 265 1558 praeponi,
305 1496 525 1558 numquid
547 1506 596 1541 et
627 1498 846 1542 Domino?
875 1501 936 1541 De
964 1514 1053 1558 quo
1093 1499 1239 1542 tamen
1277 1496 1444 1541 dietum

48 1577 136 1613 est:
169 1587 190 1610 ‹<
218 1568 445 1612 Minorasti
476 1582 578 1612 eum
607 1567 740 1627 paulo
772 1569 915 1612 minus
941 1568 996 1612 ab
1014 1567 1242 1627 Angelis2.
1271 1586 1291 1608 >›
1318 1568 1446 1612 Unde

48 1638 130 1682 nisi
142 1647 321 1698 propter
337 1638 476 1682 carnis
499 1638 816 1693 infirmitatem,
832 1654 963 1699 quam
982 1639 1166 1698 sumpsit
1180 1654 1231 1682 ex
1240 1638 1419 1697 Virgine
1431 1673 1442 1693 ‚

49 1707 236 1753 formam
257 1708 368 1753 servi
390 1708 603 1767 accipiens
618 1709 658 1763 3,
680 1709 727 1752 in
753 1724 841 1768 qua
862 1708 1050 1753 moriens
1081 1724 1159 1753 nos
1188 1724 1211 1752 a
1238 1708 1446 1752 servitute

50 1778 312 1824 redimeret?
337 1777 420 1823 Sed
442 1778 551 1838 quid
571 1778 674 1821 hinc
697 1778 861 1822 diutius
889 1778 1146 1824 disseramus
1165 1781 1182 1822 Ρ
1203 1781 1302 1823 Non
1330 1779 1448 1822 enim

51 1849 235 1894 obscura
256 1857 320 1893 est
339 1847 539 1908 Apostoli.
560 1848 772 1892 sententia
794 1847 849 1892 de
870 1848 951 1893 hac
973 1864 1040 1904 re,
1061 1849 1137 1909 qui
1160 1864 1261 1893 cum
1281 1848 1448 1893 voluis-

51 1929 116 1964 set
144 1919 353 1964 adhibere
382 1920 678 1963 testimonium
693 1954 704 1974 ‚
731 1935 819 1979 quo
841 1920 1048 1979 probaret
1071 1936 1160 1965 esse
1183 1936 1340 1980 corpus
1353 1921 1448 1964 ani-

51 1990 164 2035 male
179 2026 190 2046 ‚
215 2005 307 2036 non
326 1998 416 2034 tam
437 1992 492 2034 de
515 2006 593 2035 suo
608 1990 679 2035 vel
691 1991 746 2034 de
761 1992 1023 2051 cujusquam
1037 1992 1227 2036 hominis
1249 2007 1446 2052 corpore,

53 2061 175 2122 quod
189 2061 236 2105 in
255 2061 462 2121 praesenti
479 2060 736 2116 videbatur,
761 2077 894 2122 quam
916 2061 971 2106 de
992 2062 1076 2107 hoc
1103 2063 1197 2122 ipso
1217 2063 1451 2122 Scripturae

53 2133 183 2194 hujus
203 2131 302 2177 1000
324 2131 510 2176 recoluit
522 2140 566 2176 et
578 2131 796 2187 adhibuit,
813 2133 982 2177 dicens:
1003 2152 1024 2176 «
1042 2134 1086 2178 Si
1106 2142 1170 2178 est
1187 2149 1344 2193 corpus
1357 2134 1452 2177 ani-

59 2220 80 2245 »
115 2201 227 2246 male
243 2237 254 2257 ,
283 2210 348 2246 est
375 2210 420 2245 et
446 2201 639 2261 spiritale
662 2221 670 2245 :
701 2201 761 2246 sic
777 2202 941 2246 etenim
957 2203 1166 2263 scriptum
1185 2213 1271 2249 est:
1294 2207 1326 2248 F
1332 2213 1453 2248 actus

60 2292 78 2314 »
113 2281 178 2316 est
199 2273 365 2332 primus
386 2272 521 2316 homo
539 2270 683 2316 Adam
703 2271 751 2316 in
772 2273 962 2317 animam
992 2274 1212 2319 viventem
1231 2293 1240 2319 ε
1268 2274 1452 2320 novissi-

59 2360 81 2385 »
115 2357 212 2387 mus
242 2341 384 2388 Adam
403 2342 451 2387 in
473 2341 675 2403 spiritum
697 2343 1008 2389 vivificantem.
1037 2343 1122 2390 Sed
1148 2361 1239 2391 non
1262 2346 1453 2406 primum

60 2432 82 2455 »
115 2411 238 2474 quod
263 2412 454 2473 spiritale
481 2423 566 2469 est,
592 2413 670 2459 sed
690 2413 812 2475 quod
834 2415 1044 2472 animale,
1068 2425 1218 2476 postea
1242 2417 1448 2477 spiritale.

61 2501 83 2524 »
117 2484 286 2528 Primus
301 2483 436 2529 homo
448 2484 503 2528 de
517 2493 632 2529 terra
648 2493 865 2542 terrenus,
887 2485 1104 2531 secundus
1120 2488 1254 2533 homo
1267 2486 1322 2532 de
1337 2485 1452 2531 coelo

108 2585 118 2601 ¹
137 2579 249 2612 Matth.
273 2590 353 2622 xxii,
372 2579 426 2613 30.
442 2597 483 2602 -—
498 2587 511 2603 2
532 2580 611 2613 psal.
633 2591 701 2622 vm,
720 2580 756 2614 6.
782 2598 822 2604 -—
843 2579 857 2606 3
881 2580 992 2624 Philip.
1010 2593 1045 2624 ιι,
1062 2593 1094 2623 7.
