<?xml version="1.0" encoding="UTF-8"?>
<!DOCTYPE html PUBLIC "-//W3C//DTD XHTML 1.0 Transitional//EN"
    "http://www.w3.org/TR/xhtml1/DTD/xhtml1-transitional.dtd">
<html xmlns="http://www.w3.org/1999/xhtml" xml:lang="en" lang="en">
 <head>
  <title>
</title>
<meta http-equiv="Content-Type" content="text/html;charset=utf-8" />
  <meta name='ocr-system' content='tesseract 3.04.00' />
  <meta name='ocr-capabilities' content='ocr_page ocr_carea ocr_par ocr_line ocrx_word'/>
</head>
<body>
  <div class='ocr_page' id='page_1' title='image "./operaomniaaccura05auguuoft_0242.png"; bbox 0 0 1854 3219; ppageno 0'>
   <div class='ocr_carea' id='block_1_1' title="bbox 381 201 1334 238">
    <p class='ocr_par' dir='ltr' id='par_1_1' title="bbox 381 201 1334 238">
     <span class='ocr_line' id='line_1_1' title="bbox 381 201 1334 238; baseline -0.002 0"><span class='ocrx_word' id='word_1_1' title='bbox 381 201 463 238; x_wconf 73' lang='lat'>222</span> <span class='ocrx_word' id='word_1_2' title='bbox 821 207 854 235; x_wconf 88' lang='lat' dir='ltr'>s.</span> <span class='ocrx_word' id='word_1_3' title='bbox 891 207 1121 236; x_wconf 69' lang='lat' dir='ltr'>Ateus&#39;rim</span> <span class='ocrx_word' id='word_1_4' title='bbox 1154 208 1334 236; x_wconf 75' lang='lat' dir='ltr'>EPISCOPI</span> 
     </span>
    </p>
   </div>
   <div class='ocr_carea' id='block_1_2' title="bbox 373 273 1774 1691">
    <p class='ocr_par' dir='ltr' id='par_1_2' title="bbox 377 273 1766 391">
     <span class='ocr_line' id='line_1_2' title="bbox 378 273 1766 336; baseline 0.001 -17"><span class='ocrx_word' id='word_1_5' title='bbox 378 290 512 336; x_wconf 86' lang='lat' dir='ltr'>quam</span> <span class='ocrx_word' id='word_1_6' title='bbox 545 275 605 319; x_wconf 89' lang='lat' dir='ltr'>sic</span> <span class='ocrx_word' id='word_1_7' title='bbox 638 282 825 329; x_wconf 87' lang='lat' dir='ltr'>erectos,</span> <span class='ocrx_word' id='word_1_8' title='bbox 850 283 900 318; x_wconf 90' lang='lat' dir='ltr'>ut</span> <span class='ocrx_word' id='word_1_9' title='bbox 925 273 984 318; x_wconf 88' lang='lat' dir='ltr'>eis</span> <span class='ocrx_word' id='word_1_10' title='bbox 1007 274 1239 334; x_wconf 87' lang='lat' dir='ltr'>superioris</span> <span class='ocrx_word' id='word_1_11' title='bbox 1273 273 1373 319; x_wconf 66' lang='lat' dir='ltr'>cosli</span> <span class='ocrx_word' id='word_1_12' title='bbox 1393 282 1548 319; x_wconf 81' lang='lat' dir='ltr'>natura</span> <span class='ocrx_word' id='word_1_13' title='bbox 1568 273 1666 320; x_wconf 93' lang='lat' dir='ltr'>loco</span> <span class='ocrx_word' id='word_1_14' title='bbox 1687 289 1766 320; x_wconf 89' lang='lat' dir='ltr'>suo</span> 
     </span>
     <span class='ocr_line' id='line_1_3' title="bbox 377 345 565 391; baseline -0.016 0"><span class='ocrx_word' id='word_1_15' title='bbox 377 345 565 391; x_wconf 84' lang='lat' dir='ltr'>cederet.</span> 
     </span>
    </p>

    <p class='ocr_par' dir='ltr' id='par_1_3' title="bbox 373 414 1774 1691">
     <span class='ocr_line' id='line_1_4' title="bbox 437 414 1769 477; baseline 0 -17"><span class='ocrx_word' id='word_1_16' title='bbox 437 419 518 461; x_wconf 90' lang='lat' dir='ltr'>III.</span> <span class='ocrx_word' id='word_1_17' title='bbox 544 414 787 476; x_wconf 80' lang='lat' dir='ltr'>Oportebat</span> <span class='ocrx_word' id='word_1_18' title='bbox 802 416 949 477; x_wconf 84' lang='lat' dir='ltr'>itaque</span> <span class='ocrx_word' id='word_1_19' title='bbox 970 426 1021 462; x_wconf 92' lang='lat' dir='ltr'>ut</span> <span class='ocrx_word' id='word_1_20' title='bbox 1044 416 1091 461; x_wconf 90' lang='lat' dir='ltr'>in</span> <span class='ocrx_word' id='word_1_21' title='bbox 1107 416 1305 462; x_wconf 84' lang='lat' dir='ltr'>creandis</span> <span class='ocrx_word' id='word_1_22' title='bbox 1322 416 1642 462; x_wconf 80' lang='lat' dir='ltr'>habitatoribus</span> <span class='ocrx_word' id='word_1_23' title='bbox 1658 414 1769 461; x_wconf 85' lang='lat' dir='ltr'>infe-</span> 
     </span>
     <span class='ocr_line' id='line_1_5' title="bbox 374 486 1768 551; baseline 0.002 -20"><span class='ocrx_word' id='word_1_24' title='bbox 374 487 496 533; x_wconf 85' lang='lat' dir='ltr'>rioris</span> <span class='ocrx_word' id='word_1_25' title='bbox 518 487 647 548; x_wconf 90' lang='lat' dir='ltr'>hujus</span> <span class='ocrx_word' id='word_1_26' title='bbox 678 486 832 533; x_wconf 89' lang='lat' dir='ltr'>mundi</span> <span class='ocrx_word' id='word_1_27' title='bbox 858 488 1013 549; x_wconf 83' lang='lat' dir='ltr'>partis,</span> <span class='ocrx_word' id='word_1_28' title='bbox 1040 505 1140 551; x_wconf 86' lang='lat' dir='ltr'>quae</span> <span class='ocrx_word' id='word_1_29' title='bbox 1168 505 1282 550; x_wconf 74' lang='lat' dir='ltr'>saepe</span> <span class='ocrx_word' id='word_1_30' title='bbox 1317 499 1444 534; x_wconf 83' lang='lat' dir='ltr'>terrae</span> <span class='ocrx_word' id='word_1_31' title='bbox 1471 489 1649 534; x_wconf 90' lang='lat' dir='ltr'>nomine</span> <span class='ocrx_word' id='word_1_32' title='bbox 1675 497 1768 534; x_wconf 86' lang='lat' dir='ltr'>tota</span> 
     </span>
     <span class='ocr_line' id='line_1_6' title="bbox 373 559 1765 621; baseline 0.001 -18"><span class='ocrx_word' id='word_1_33' title='bbox 373 568 761 616; x_wconf 82' lang='lat' dir='ltr'>commemoratur,</span> <span class='ocrx_word' id='word_1_34' title='bbox 779 559 898 620; x_wconf 88' lang='lat' dir='ltr'>prius</span> <span class='ocrx_word' id='word_1_35' title='bbox 929 560 1279 620; x_wconf 80' lang='lat' dir='ltr'>producerentur</span> <span class='ocrx_word' id='word_1_36' title='bbox 1308 576 1361 605; x_wconf 78' lang='lat' dir='ltr'>ex</span> <span class='ocrx_word' id='word_1_37' title='bbox 1395 561 1518 621; x_wconf 84' lang='lat' dir='ltr'>aquis</span> <span class='ocrx_word' id='word_1_38' title='bbox 1540 559 1765 615; x_wconf 84' lang='lat' dir='ltr'>animalia,</span> 
     </span>
     <span class='ocr_line' id='line_1_7' title="bbox 375 628 1770 692; baseline 0.001 -20"><span class='ocrx_word' id='word_1_39' title='bbox 375 639 524 690; x_wconf 84' lang='lat' dir='ltr'>postea</span> <span class='ocrx_word' id='word_1_40' title='bbox 553 645 657 675; x_wconf 86' lang='lat' dir='ltr'>vero</span> <span class='ocrx_word' id='word_1_41' title='bbox 688 628 744 674; x_wconf 91' lang='lat' dir='ltr'>dc</span> <span class='ocrx_word' id='word_1_42' title='bbox 765 639 902 676; x_wconf 82' lang='lat' dir='ltr'>terra:</span> <span class='ocrx_word' id='word_1_43' title='bbox 936 630 1057 692; x_wconf 84' lang='lat' dir='ltr'>quod</span> <span class='ocrx_word' id='word_1_44' title='bbox 1084 631 1144 676; x_wconf 87' lang='lat' dir='ltr'>ita</span> <span class='ocrx_word' id='word_1_45' title='bbox 1176 631 1231 676; x_wconf 84' lang='lat' dir='ltr'>sit</span> <span class='ocrx_word' id='word_1_46' title='bbox 1266 632 1357 676; x_wconf 76' lang='lat' dir='ltr'>aeri</span> <span class='ocrx_word' id='word_1_47' title='bbox 1387 647 1501 692; x_wconf 83' lang='lat' dir='ltr'>aqua</span> <span class='ocrx_word' id='word_1_48' title='bbox 1524 629 1694 686; x_wconf 90' lang='lat' dir='ltr'>similis,</span> <span class='ocrx_word' id='word_1_49' title='bbox 1719 639 1770 675; x_wconf 92' lang='lat' dir='ltr'>ut</span> 
     </span>
     <span class='ocr_line' id='line_1_8' title="bbox 375 700 1769 763; baseline 0 -18"><span class='ocrx_word' id='word_1_50' title='bbox 375 702 468 762; x_wconf 85' lang='lat' dir='ltr'>ejus</span> <span class='ocrx_word' id='word_1_51' title='bbox 489 700 831 747; x_wconf 79' lang='lat' dir='ltr'>exhalationibus</span> <span class='ocrx_word' id='word_1_52' title='bbox 853 702 1136 762; x_wconf 80' lang='lat' dir='ltr'>pinguescere</span> <span class='ocrx_word' id='word_1_53' title='bbox 1158 702 1392 763; x_wconf 80' lang='lat' dir='ltr'>probetur,</span> <span class='ocrx_word' id='word_1_54' title='bbox 1419 711 1470 748; x_wconf 89' lang='lat' dir='ltr'>ut</span> <span class='ocrx_word' id='word_1_55' title='bbox 1499 712 1543 747; x_wconf 94' lang='lat' dir='ltr'>et</span> <span class='ocrx_word' id='word_1_56' title='bbox 1569 701 1769 762; x_wconf 84' lang='lat' dir='ltr'>spiritum</span> 
     </span>
     <span class='ocr_line' id='line_1_9' title="bbox 375 771 1772 831; baseline 0.001 -16"><span class='ocrx_word' id='word_1_57' title='bbox 375 771 579 831; x_wconf 87' lang='lat' dir='ltr'>procellae</span> <span class='ocrx_word' id='word_1_58' title='bbox 608 771 759 830; x_wconf 80' lang='lat' dir='ltr'>faciat,</span> <span class='ocrx_word' id='word_1_59' title='bbox 784 772 830 818; x_wconf 88' lang='lat' dir='ltr'>id</span> <span class='ocrx_word' id='word_1_60' title='bbox 862 782 926 819; x_wconf 80' lang='lat' dir='ltr'>est</span> <span class='ocrx_word' id='word_1_61' title='bbox 956 783 1154 829; x_wconf 85' lang='lat' dir='ltr'>ventum,</span> <span class='ocrx_word' id='word_1_62' title='bbox 1189 781 1232 817; x_wconf 92' lang='lat' dir='ltr'>et</span> <span class='ocrx_word' id='word_1_63' title='bbox 1259 772 1413 818; x_wconf 87' lang='lat' dir='ltr'>nubila</span> <span class='ocrx_word' id='word_1_64' title='bbox 1453 773 1698 829; x_wconf 82' lang='lat' dir='ltr'>contrahat,</span> <span class='ocrx_word' id='word_1_65' title='bbox 1727 780 1772 816; x_wconf 86' lang='lat' dir='ltr'>et</span> 
     </span>
     <span class='ocr_line' id='line_1_10' title="bbox 375 842 1771 905; baseline 0 -18"><span class='ocrx_word' id='word_1_66' title='bbox 375 844 509 902; x_wconf 83' lang='lat' dir='ltr'>possit</span> <span class='ocrx_word' id='word_1_67' title='bbox 529 842 700 889; x_wconf 83' lang='lat' dir='ltr'>volatus</span> <span class='ocrx_word' id='word_1_68' title='bbox 722 844 868 890; x_wconf 87' lang='lat' dir='ltr'>avium</span> <span class='ocrx_word' id='word_1_69' title='bbox 885 845 1110 889; x_wconf 88' lang='lat' dir='ltr'>sustinere.</span> <span class='ocrx_word' id='word_1_70' title='bbox 1135 847 1410 905; x_wconf 79' lang='lat' dir='ltr'>Quapropter</span> <span class='ocrx_word' id='word_1_71' title='bbox 1432 844 1600 890; x_wconf 85' lang='lat' dir='ltr'>etiamsi</span> <span class='ocrx_word' id='word_1_72' title='bbox 1615 858 1771 889; x_wconf 86' lang='lat' dir='ltr'>verum</span> 
     </span>
     <span class='ocr_line' id='line_1_11' title="bbox 375 913 1771 976; baseline 0.001 -19"><span class='ocrx_word' id='word_1_73' title='bbox 375 913 482 959; x_wconf 75' lang='lat' dir='ltr'>dixit</span> <span class='ocrx_word' id='word_1_74' title='bbox 498 914 678 976; x_wconf 80' lang='lat' dir='ltr'>quidam</span> <span class='ocrx_word' id='word_1_75' title='bbox 696 915 970 961; x_wconf 71' lang='lat' dir='ltr'>saecularium</span> <span class='ocrx_word' id='word_1_76' title='bbox 994 919 1245 972; x_wconf 72' lang='lat' dir='ltr'>Poetarum,</span> <span class='ocrx_word' id='word_1_77' title='bbox 1262 915 1403 960; x_wconf 87' lang='lat' dir='ltr'>nubes</span> <span class='ocrx_word' id='word_1_78' title='bbox 1425 915 1595 960; x_wconf 79' lang='lat' dir='ltr'>excedit</span> <span class='ocrx_word' id='word_1_79' title='bbox 1612 913 1771 973; x_wconf 88' lang='lat' dir='ltr'>Olym-</span> 
     </span>
     <span class='ocr_line' id='line_1_12' title="bbox 375 986 1771 1048; baseline 0.001 -21"><span class='ocrx_word' id='word_1_80' title='bbox 375 1001 478 1045; x_wconf 85' lang='lat' dir='ltr'>pus,</span> <span class='ocrx_word' id='word_1_81' title='bbox 505 995 562 1041; x_wconf 86' lang='lat' dir='ltr'>ct,</span> <span class='ocrx_word' id='word_1_82' title='bbox 591 1004 611 1027; x_wconf 61' lang='lat'>³&gt;</span> <span class='ocrx_word' id='word_1_83' title='bbox 648 990 803 1031; x_wconf 83' lang='lat' dir='ltr'>Pacem</span> <span class='ocrx_word' id='word_1_84' title='bbox 837 1003 1006 1032; x_wconf 87' lang='lat' dir='ltr'>summa</span> <span class='ocrx_word' id='word_1_85' title='bbox 1036 990 1234 1033; x_wconf 80' lang='lat' dir='ltr'>tenent1:</span> <span class='ocrx_word' id='word_1_86' title='bbox 1265 1006 1284 1029; x_wconf 90' lang='lat'>»</span> <span class='ocrx_word' id='word_1_87' title='bbox 1320 987 1423 1048; x_wconf 84' lang='lat' dir='ltr'>quia</span> <span class='ocrx_word' id='word_1_88' title='bbox 1446 987 1703 1047; x_wconf 88' lang='lat' dir='ltr'>perhibetur</span> <span class='ocrx_word' id='word_1_89' title='bbox 1724 986 1771 1029; x_wconf 91' lang='lat' dir='ltr'>in</span> 
     </span>
     <span class='ocr_line' id='line_1_13' title="bbox 375 1056 1770 1119; baseline 0.001 -19"><span class='ocrx_word' id='word_1_90' title='bbox 375 1056 555 1117; x_wconf 81' lang='lat' dir='ltr'>Olympi</span> <span class='ocrx_word' id='word_1_91' title='bbox 582 1058 743 1103; x_wconf 89' lang='lat' dir='ltr'>vertice</span> <span class='ocrx_word' id='word_1_92' title='bbox 778 1061 851 1102; x_wconf 84' lang='lat' dir='ltr'>a&#39;e&#39;r</span> <span class='ocrx_word' id='word_1_93' title='bbox 882 1074 972 1103; x_wconf 87' lang='lat' dir='ltr'>esse</span> <span class='ocrx_word' id='word_1_94' title='bbox 1008 1068 1099 1103; x_wconf 80' lang='lat' dir='ltr'>tam</span> <span class='ocrx_word' id='word_1_95' title='bbox 1132 1059 1289 1115; x_wconf 83' lang='lat' dir='ltr'>tenuis,</span> <span class='ocrx_word' id='word_1_96' title='bbox 1315 1068 1367 1103; x_wconf 89' lang='lat' dir='ltr'>ut</span> <span class='ocrx_word' id='word_1_97' title='bbox 1398 1073 1543 1119; x_wconf 89' lang='lat' dir='ltr'>neque</span> <span class='ocrx_word' id='word_1_98' title='bbox 1575 1057 1770 1102; x_wconf 86' lang='lat' dir='ltr'>nubibus</span> 
     </span>
     <span class='ocr_line' id='line_1_14' title="bbox 375 1127 1770 1191; baseline 0 -20"><span class='ocrx_word' id='word_1_99' title='bbox 375 1127 679 1185; x_wconf 71' lang='lat' dir='ltr'>obumbretur,</span> <span class='ocrx_word' id='word_1_100' title='bbox 704 1145 847 1191; x_wconf 88' lang='lat' dir='ltr'>neque</span> <span class='ocrx_word' id='word_1_101' title='bbox 862 1129 1067 1175; x_wconf 81' lang='lat' dir='ltr'>turbetur</span> <span class='ocrx_word' id='word_1_102' title='bbox 1088 1139 1243 1186; x_wconf 86' lang='lat' dir='ltr'>vento,</span> <span class='ocrx_word' id='word_1_103' title='bbox 1264 1145 1409 1191; x_wconf 85' lang='lat' dir='ltr'>neque</span> <span class='ocrx_word' id='word_1_104' title='bbox 1432 1138 1673 1174; x_wconf 82' lang='lat' dir='ltr'>sustentare</span> <span class='ocrx_word' id='word_1_105' title='bbox 1699 1127 1770 1172; x_wconf 79' lang='lat' dir='ltr'>ali-</span> 
     </span>
     <span class='ocr_line' id='line_1_15' title="bbox 379 1200 1767 1262; baseline 0.001 -19"><span class='ocrx_word' id='word_1_106' title='bbox 379 1208 438 1244; x_wconf 92' lang='lat' dir='ltr'>tes</span> <span class='ocrx_word' id='word_1_107' title='bbox 470 1201 604 1260; x_wconf 80' lang='lat' dir='ltr'>posit,</span> <span class='ocrx_word' id='word_1_108' title='bbox 641 1216 784 1262; x_wconf 91' lang='lat' dir='ltr'>neque</span> <span class='ocrx_word' id='word_1_109' title='bbox 817 1201 929 1261; x_wconf 88' lang='lat' dir='ltr'>ipsos</span> <span class='ocrx_word' id='word_1_110' title='bbox 968 1201 1044 1261; x_wconf 89' lang='lat' dir='ltr'>qui</span> <span class='ocrx_word' id='word_1_111' title='bbox 1081 1200 1194 1246; x_wconf 84' lang='lat' dir='ltr'>forte</span> <span class='ocrx_word' id='word_1_112' title='bbox 1228 1200 1517 1246; x_wconf 82' lang='lat' dir='ltr'>ascenderent</span> <span class='ocrx_word' id='word_1_113' title='bbox 1551 1200 1767 1255; x_wconf 86' lang='lat' dir='ltr'>homines,</span> 
     </span>
     <span class='ocr_line' id='line_1_16' title="bbox 374 1271 1773 1332; baseline 0.001 -17"><span class='ocrx_word' id='word_1_114' title='bbox 374 1271 591 1317; x_wconf 80' lang='lat' dir='ltr'>crassioris</span> <span class='ocrx_word' id='word_1_115' title='bbox 617 1289 734 1317; x_wconf 77' lang='lat' dir='ltr'>auree</span> <span class='ocrx_word' id='word_1_116' title='bbox 761 1273 915 1332; x_wconf 87' lang='lat' dir='ltr'>spiritu</span> <span class='ocrx_word' id='word_1_117' title='bbox 936 1272 1073 1328; x_wconf 83' lang='lat' dir='ltr'>alere,</span> <span class='ocrx_word' id='word_1_118' title='bbox 1100 1273 1212 1318; x_wconf 91' lang='lat' dir='ltr'>sicut</span> <span class='ocrx_word' id='word_1_119' title='bbox 1233 1273 1279 1317; x_wconf 91' lang='lat' dir='ltr'>in</span> <span class='ocrx_word' id='word_1_120' title='bbox 1309 1273 1391 1318; x_wconf 89' lang='lat' dir='ltr'>isto</span> <span class='ocrx_word' id='word_1_121' title='bbox 1415 1275 1511 1317; x_wconf 75' lang='lat' dir='ltr'>aere</span> <span class='ocrx_word' id='word_1_122' title='bbox 1534 1286 1773 1317; x_wconf 86' lang='lat' dir='ltr'>consueve-</span> 
     </span>
     <span class='ocr_line' id='line_1_17' title="bbox 376 1343 1772 1405; baseline 0 -18"><span class='ocrx_word' id='word_1_123' title='bbox 376 1353 507 1389; x_wconf 88' lang='lat' dir='ltr'>runt:</span> <span class='ocrx_word' id='word_1_124' title='bbox 537 1352 685 1388; x_wconf 86' lang='lat' dir='ltr'>tamen</span> <span class='ocrx_word' id='word_1_125' title='bbox 712 1353 756 1388; x_wconf 92' lang='lat' dir='ltr'>et</span> <span class='ocrx_word' id='word_1_126' title='bbox 778 1344 869 1404; x_wconf 89' lang='lat' dir='ltr'>ipse</span> <span class='ocrx_word' id='word_1_127' title='bbox 890 1347 963 1389; x_wconf 75' lang='lat' dir='ltr'>aer</span> <span class='ocrx_word' id='word_1_128' title='bbox 991 1354 1074 1400; x_wconf 87' lang='lat' dir='ltr'>est,</span> <span class='ocrx_word' id='word_1_129' title='bbox 1100 1344 1220 1389; x_wconf 89' lang='lat' dir='ltr'>unde</span> <span class='ocrx_word' id='word_1_130' title='bbox 1249 1345 1372 1405; x_wconf 81' lang='lat' dir='ltr'>aquis</span> <span class='ocrx_word' id='word_1_131' title='bbox 1399 1344 1541 1390; x_wconf 83' lang='lat' dir='ltr'>vicina</span> <span class='ocrx_word' id='word_1_132' title='bbox 1562 1343 1772 1405; x_wconf 80' lang='lat' dir='ltr'>qualitate</span> 
     </span>
     <span class='ocr_line' id='line_1_18' title="bbox 376 1413 1773 1477; baseline 0 -18"><span class='ocrx_word' id='word_1_133' title='bbox 376 1413 659 1471; x_wconf 83' lang='lat' dir='ltr'>diffunditur,</span> <span class='ocrx_word' id='word_1_134' title='bbox 686 1424 730 1460; x_wconf 91' lang='lat' dir='ltr'>et</span> <span class='ocrx_word' id='word_1_135' title='bbox 753 1424 983 1475; x_wconf 82' lang='lat' dir='ltr'>propterea</span> <span class='ocrx_word' id='word_1_136' title='bbox 1005 1416 1098 1475; x_wconf 88' lang='lat' dir='ltr'>ipse</span> <span class='ocrx_word' id='word_1_137' title='bbox 1119 1431 1296 1477; x_wconf 83' lang='lat' dir='ltr'>quoque</span> <span class='ocrx_word' id='word_1_138' title='bbox 1318 1417 1365 1460; x_wconf 88' lang='lat' dir='ltr'>in</span> <span class='ocrx_word' id='word_1_139' title='bbox 1386 1416 1616 1460; x_wconf 81' lang='lat' dir='ltr'>humidam</span> <span class='ocrx_word' id='word_1_140' title='bbox 1641 1424 1773 1459; x_wconf 83' lang='lat' dir='ltr'>natu-</span> 
     </span>
     <span class='ocr_line' id='line_1_19' title="bbox 375 1485 1774 1547; baseline 0.001 -18"><span class='ocrx_word' id='word_1_141' title='bbox 375 1501 469 1530; x_wconf 82' lang='lat' dir='ltr'>ram</span> <span class='ocrx_word' id='word_1_142' title='bbox 497 1501 731 1531; x_wconf 84' lang='lat' dir='ltr'>conversus</span> <span class='ocrx_word' id='word_1_143' title='bbox 754 1485 907 1531; x_wconf 88' lang='lat' dir='ltr'>diluvii</span> <span class='ocrx_word' id='word_1_144' title='bbox 930 1496 1127 1547; x_wconf 88' lang='lat' dir='ltr'>tempore</span> <span class='ocrx_word' id='word_1_145' title='bbox 1151 1485 1360 1531; x_wconf 86' lang='lat' dir='ltr'>creditur.</span> <span class='ocrx_word' id='word_1_146' title='bbox 1386 1489 1538 1547; x_wconf 84' lang='lat' dir='ltr'>Neque</span> <span class='ocrx_word' id='word_1_147' title='bbox 1561 1486 1678 1531; x_wconf 89' lang='lat' dir='ltr'>enim</span> <span class='ocrx_word' id='word_1_148' title='bbox 1704 1501 1774 1530; x_wconf 82' lang='lat' dir='ltr'>ar-</span> 
     </span>
     <span class='ocr_line' id='line_1_20' title="bbox 374 1556 1769 1618; baseline 0.001 -18"><span class='ocrx_word' id='word_1_149' title='bbox 374 1556 628 1601; x_wconf 85' lang='lat' dir='ltr'>bitrandum</span> <span class='ocrx_word' id='word_1_150' title='bbox 661 1566 725 1602; x_wconf 91' lang='lat' dir='ltr'>est</span> <span class='ocrx_word' id='word_1_151' title='bbox 758 1556 923 1618; x_wconf 85' lang='lat' dir='ltr'>aliquid</span> <span class='ocrx_word' id='word_1_152' title='bbox 952 1556 1007 1602; x_wconf 89' lang='lat' dir='ltr'>de</span> <span class='ocrx_word' id='word_1_153' title='bbox 1039 1557 1185 1618; x_wconf 81' lang='lat' dir='ltr'>spatiis</span> <span class='ocrx_word' id='word_1_154' title='bbox 1216 1557 1371 1602; x_wconf 87' lang='lat' dir='ltr'>siderei</span> <span class='ocrx_word' id='word_1_155' title='bbox 1393 1556 1494 1602; x_wconf 90' lang='lat' dir='ltr'>coeli</span> <span class='ocrx_word' id='word_1_156' title='bbox 1516 1572 1769 1618; x_wconf 86' lang='lat' dir='ltr'>usurpasse,</span> 
     </span>
     <span class='ocr_line' id='line_1_21' title="bbox 375 1628 1768 1691; baseline 0 -16"><span class='ocrx_word' id='word_1_157' title='bbox 375 1644 478 1675; x_wconf 89' lang='lat' dir='ltr'>cum</span> <span class='ocrx_word' id='word_1_158' title='bbox 503 1644 653 1675; x_wconf 92' lang='lat' dir='ltr'>omnes</span> <span class='ocrx_word' id='word_1_159' title='bbox 675 1629 808 1675; x_wconf 86' lang='lat' dir='ltr'>etiam</span> <span class='ocrx_word' id='word_1_160' title='bbox 833 1628 1060 1676; x_wconf 86' lang='lat' dir='ltr'>altissimos</span> <span class='ocrx_word' id='word_1_161' title='bbox 1083 1639 1255 1676; x_wconf 90' lang='lat' dir='ltr'>montes</span> <span class='ocrx_word' id='word_1_162' title='bbox 1288 1645 1402 1691; x_wconf 82' lang='lat' dir='ltr'>aqua</span> <span class='ocrx_word' id='word_1_163' title='bbox 1425 1628 1768 1675; x_wconf 83' lang='lat' dir='ltr'>transcenderat.</span> 
     </span>
    </p>
   </div>
   <div class='ocr_carea' id='block_1_3' title="bbox 380 1776 1772 1797">
    <p class='ocr_par' dir='ltr' id='par_1_4' title="bbox 380 1776 1772 1797">
     <span class='ocr_line' id='line_1_22' title="bbox 380 1776 1772 1797; baseline 0 -3"><span class='ocrx_word' id='word_1_164' title='bbox 380 1776 806 1797; x_wconf 57' lang='lat' dir='ltr'>WUWUWUMMWWNW</span> <span class='ocrx_word' id='word_1_165' title='bbox 810 1777 1734 1796; x_wconf 49' lang='lat' dir='ltr'>mmmmmmmwmmmm</span> <span class='ocrx_word' id='word_1_166' title='bbox 1739 1778 1772 1795; x_wconf 68' lang='grc' dir='ltr'>Ἃ</span> 
     </span>
    </p>
   </div>
   <div class='ocr_carea' id='block_1_4' title="bbox 898 1899 1253 1949">
    <p class='ocr_par' dir='ltr' id='par_1_5' title="bbox 898 1899 1253 1949">
     <span class='ocr_line' id='line_1_23' title="bbox 898 1899 1253 1949; baseline -0.006 0"><span class='ocrx_word' id='word_1_167' title='bbox 898 1899 1116 1949; x_wconf 87' lang='lat' dir='ltr'><strong>CAPUT</strong></span> <span class='ocrx_word' id='word_1_168' title='bbox 1155 1902 1253 1948; x_wconf 91' lang='grc' dir='ltr'><strong>ΙΙΙ.</strong></span> 
     </span>
    </p>
   </div>
   <div class='ocr_carea' id='block_1_5' title="bbox 378 2041 1775 2175">
    <p class='ocr_par' dir='ltr' id='par_1_6' title="bbox 378 2041 1775 2175">
     <span class='ocr_line' id='line_1_24' title="bbox 378 2041 1775 2090; baseline 0 -1"><span class='ocrx_word' id='word_1_169' title='bbox 378 2042 455 2089; x_wconf 82' lang='lat' dir='ltr'>De</span> <span class='ocrx_word' id='word_1_170' title='bbox 496 2041 841 2090; x_wconf 81' lang='lat' dir='ltr'>elementorum</span> <span class='ocrx_word' id='word_1_171' title='bbox 874 2044 1248 2089; x_wconf 79' lang='lat' dir='ltr'>commutatione</span> <span class='ocrx_word' id='word_1_172' title='bbox 1282 2043 1546 2090; x_wconf 63' lang='lat' dir='ltr'>sententiae.</span> <span class='ocrx_word' id='word_1_173' title='bbox 1585 2044 1694 2090; x_wconf 69' lang='lat' dir='ltr'>Ae&#39;r</span> <span class='ocrx_word' id='word_1_174' title='bbox 1725 2043 1775 2089; x_wconf 79' lang='lat' dir='ltr'>in</span> 
     </span>
     <span class='ocr_line' id='line_1_25' title="bbox 605 2112 1542 2175; baseline 0 -14"><span class='ocrx_word' id='word_1_175' title='bbox 605 2113 809 2161; x_wconf 78' lang='lat' dir='ltr'>Genesis</span> <span class='ocrx_word' id='word_1_176' title='bbox 830 2112 1036 2161; x_wconf 71' lang='lat' dir='ltr'>historia</span> <span class='ocrx_word' id='word_1_177' title='bbox 1057 2129 1155 2161; x_wconf 79' lang='lat' dir='ltr'>non</span> <span class='ocrx_word' id='word_1_178' title='bbox 1173 2116 1542 2175; x_wconf 71' lang='lat' dir='ltr'>prsetermissas.</span> 
     </span>
    </p>
   </div>
   <div class='ocr_carea' id='block_1_6' title="bbox 378 2250 1774 2530">
    <p class='ocr_par' dir='ltr' id='par_1_7' title="bbox 378 2250 1774 2530">
     <span class='ocr_line' id='line_1_26' title="bbox 440 2250 1774 2307; baseline -0.001 -11"><span class='ocrx_word' id='word_1_179' title='bbox 440 2253 516 2297; x_wconf 90' lang='lat' dir='ltr'>IV.</span> <span class='ocrx_word' id='word_1_180' title='bbox 538 2254 792 2307; x_wconf 77' lang='lat' dir='ltr'><strong>QUANQUAM</strong></span> <span class='ocrx_word' id='word_1_181' title='bbox 807 2251 861 2296; x_wconf 89' lang='lat' dir='ltr'>de</span> <span class='ocrx_word' id='word_1_182' title='bbox 879 2252 1160 2297; x_wconf 84' lang='lat' dir='ltr'>conversione</span> <span class='ocrx_word' id='word_1_183' title='bbox 1175 2250 1494 2297; x_wconf 87' lang='lat' dir='ltr'>elementorum</span> <span class='ocrx_word' id='word_1_184' title='bbox 1511 2251 1642 2297; x_wconf 86' lang='lat' dir='ltr'>etiam</span> <span class='ocrx_word' id='word_1_185' title='bbox 1659 2250 1774 2296; x_wconf 88' lang='lat' dir='ltr'>inter</span> 
     </span>
     <span class='ocr_line' id='line_1_27' title="bbox 378 2323 1771 2385; baseline -0.001 -18"><span class='ocrx_word' id='word_1_186' title='bbox 378 2324 491 2384; x_wconf 89' lang='lat' dir='ltr'>ipsos</span> <span class='ocrx_word' id='word_1_187' title='bbox 522 2324 599 2385; x_wconf 88' lang='lat' dir='ltr'>qui</span> <span class='ocrx_word' id='word_1_188' title='bbox 626 2324 722 2369; x_wconf 83' lang='lat' dir='ltr'>haec</span> <span class='ocrx_word' id='word_1_189' title='bbox 754 2325 892 2370; x_wconf 87' lang='lat' dir='ltr'>otiosa</span> <span class='ocrx_word' id='word_1_190' title='bbox 919 2340 1024 2370; x_wconf 78' lang='lat' dir='ltr'>cura</span> <span class='ocrx_word' id='word_1_191' title='bbox 1051 2323 1327 2370; x_wconf 87' lang='lat' dir='ltr'>subtilissime</span> <span class='ocrx_word' id='word_1_192' title='bbox 1353 2323 1613 2384; x_wconf 80' lang='lat' dir='ltr'>perscrutati</span> <span class='ocrx_word' id='word_1_193' title='bbox 1640 2331 1771 2381; x_wconf 66' lang='lat' dir='ltr'>sunt,</span> 
     </span>
     <span class='ocr_line' id='line_1_28' title="bbox 379 2394 1774 2457; baseline -0.001 -17"><span class='ocrx_word' id='word_1_194' title='bbox 379 2412 470 2441; x_wconf 90' lang='lat' dir='ltr'>non</span> <span class='ocrx_word' id='word_1_195' title='bbox 492 2411 625 2456; x_wconf 83' lang='lat' dir='ltr'>parva</span> <span class='ocrx_word' id='word_1_196' title='bbox 650 2396 832 2457; x_wconf 69' lang='lat' dir='ltr'>quaestio</span> <span class='ocrx_word' id='word_1_197' title='bbox 854 2406 932 2442; x_wconf 89' lang='lat' dir='ltr'>cst.</span> <span class='ocrx_word' id='word_1_198' title='bbox 954 2396 1040 2442; x_wconf 86' lang='lat' dir='ltr'>Alii</span> <span class='ocrx_word' id='word_1_199' title='bbox 1062 2397 1180 2442; x_wconf 88' lang='lat' dir='ltr'>enim</span> <span class='ocrx_word' id='word_1_200' title='bbox 1207 2396 1361 2442; x_wconf 86' lang='lat' dir='ltr'>dicunt</span> <span class='ocrx_word' id='word_1_201' title='bbox 1389 2396 1535 2442; x_wconf 83' lang='lat' dir='ltr'>omnia</span> <span class='ocrx_word' id='word_1_202' title='bbox 1557 2396 1604 2440; x_wconf 92' lang='lat' dir='ltr'>in</span> <span class='ocrx_word' id='word_1_203' title='bbox 1626 2394 1774 2440; x_wconf 86' lang='lat' dir='ltr'>omnia</span> 
     </span>
     <span class='ocr_line' id='line_1_29' title="bbox 381 2466 1772 2530; baseline 0.001 -20"><span class='ocrx_word' id='word_1_204' title='bbox 381 2482 504 2528; x_wconf 85' lang='lat' dir='ltr'>posse</span> <span class='ocrx_word' id='word_1_205' title='bbox 525 2468 707 2524; x_wconf 83' lang='lat' dir='ltr'>mutari,</span> <span class='ocrx_word' id='word_1_206' title='bbox 729 2478 860 2530; x_wconf 84' lang='lat' dir='ltr'>atque</span> <span class='ocrx_word' id='word_1_207' title='bbox 888 2468 1098 2516; x_wconf 82' lang='lat' dir='ltr'>converti.</span> <span class='ocrx_word' id='word_1_208' title='bbox 1124 2467 1209 2514; x_wconf 84' lang='lat' dir='ltr'>Alii</span> <span class='ocrx_word' id='word_1_209' title='bbox 1237 2483 1339 2515; x_wconf 88' lang='lat' dir='ltr'>vero</span> <span class='ocrx_word' id='word_1_210' title='bbox 1370 2482 1459 2514; x_wconf 88' lang='lat' dir='ltr'>esse</span> <span class='ocrx_word' id='word_1_211' title='bbox 1483 2466 1650 2529; x_wconf 83' lang='lat' dir='ltr'>aliquid</span> <span class='ocrx_word' id='word_1_212' title='bbox 1672 2482 1772 2514; x_wconf 86' lang='lat' dir='ltr'>om-</span> 
     </span>
    </p>
   </div>
   <div class='ocr_carea' id='block_1_7' title="bbox 432 2564 739 2598">
    <p class='ocr_par' dir='ltr' id='par_1_8' title="bbox 432 2564 739 2598">
     <span class='ocr_line' id='line_1_30' title="bbox 432 2564 739 2598; baseline 0 -1"><span class='ocrx_word' id='word_1_213' title='bbox 432 2571 439 2587; x_wconf 88' lang='lat'>¹</span> <span class='ocrx_word' id='word_1_214' title='bbox 465 2566 609 2598; x_wconf 84' lang='lat' dir='ltr'>Lucanus</span> <span class='ocrx_word' id='word_1_215' title='bbox 627 2564 684 2597; x_wconf 89' lang='lat' dir='ltr'>lib.</span> <span class='ocrx_word' id='word_1_216' title='bbox 706 2576 739 2597; x_wconf 85' lang='lat'>11.</span> 
     </span>
    </p>
   </div>
  </div>
 </body>
</html>
