1854 3219
370 229 424 256 nr:
455 226 606 256 onnsssr
637 224 692 255 An
723 225 965 266 Lim-mam,
999 228 1084 256 un.
1119 227 1165 255 x.
1371 214 1455 254 507

67 304 326 341 caeterarum
348 295 591 339 animarum
618 292 835 348 adventu,
865 302 1015 337 utrum
1042 308 1093 336 ex
1114 291 1365 352 parentibus
1400 308 1456 336 an

66 366 254 426 desuper
269 366 324 410 sit
334 401 346 422 ‚
368 365 546 416 vincant
559 364 636 424 qui
650 363 874 423 potuerint
898 382 907 409 ε
927 378 1008 422 ego
1026 364 1169 408 adhuc
1190 363 1304 407 inter
1317 371 1458 408 utros-

67 452 154 499 que
171 435 346 495 ambigo
359 470 371 490 ,
396 443 440 478 et
459 449 658 489 moveor,
680 432 916 494 aliquando
944 434 1003 478 sic
1019 469 1031 489 2
1056 432 1293 494 aliquando
1310 442 1456 478 autem

66 507 150 563 sic,
176 506 294 551 salvo
328 520 381 550 eo
408 505 647 560 duntaxat,
680 512 732 548 ut
757 503 828 549 vel
859 519 1016 564 corpus
1038 518 1128 548 esse
1150 503 1336 547 animam
1352 539 1363 559 ‚
1385 503 1456 548 vel

64 578 258 638 aliquam
289 591 541 636 corpoream
566 574 824 636 qualitatem
846 574 935 619 sive
963 573 1306 633 coaptationem,
1341 574 1376 618 si
1396 575 1455 619 ita

65 647 251 693 dicenda
285 656 374 702 est,
416 661 550 707 quam
572 645 710 690 Graeci
746 652 892 698 ἁρμονίαν
917 654 1101 700 vocant,
1133 660 1223 689 non
1252 643 1451 700 credam,

64 734 146 764 nec
162 717 362 780 quolibet
378 717 458 762 ista
479 717 694 776 garriente
717 731 787 760 me
805 715 1076 762 crediturum
1098 730 1188 761 esse
1205 714 1421 761 confidam
1438 750 1450 771 ‚

65 789 299 851 adjuvante
314 792 406 835 Deo
427 798 621 834 mentem
641 802 800 832 meam.

596 944 1446 963 mmmmmmmwumwwm

63 947 162 965 §nm

535 1066 753 1118 CAPUT
799 1069 966 1119 XXII.

72 1213 275 1274 Utrique
300 1213 519 1275 opinioni
542 1211 603 1259 de
642 1214 820 1259 anz'moe
841 1214 1025 1276 origine
1057 1210 1457 1259 accommodatur

678 1283 822 1330 locus.

119 1424 373 1466 XXXVIII.
411 1423 496 1466 Es01=
528 1420 650 1465 aliud
686 1420 984 1465 testimonium
1014 1435 1104 1465 non
1138 1420 1452 1480 negligendum

0 1515 1 1560 ἑ
59 1492 180 1554 quod
199 1507 280 1552 pro
299 1507 343 1536 se
364 1501 548 1551 possunt
569 1493 764 1552 proferre
779 1527 790 1547 ‚
811 1492 890 1553 qui
909 1492 1058 1536 venire
1078 1491 1266 1552 desuper
1288 1493 1452 1536 animas

60 1563 262 1619 credunt,
285 1562 458 1607 dicente
478 1563 572 1622 ipso
593 1563 778 1607 Domino
800 1581 809 1607 :
833 1581 853 1604 «
873 1562 1003 1615 Quod
1015 1572 1169 1607 natum
1182 1572 1245 1607 est
1257 1579 1309 1607 ex
1322 1578 1453 1608 carne

63 1653 85 1678 ι)
111 1649 212 1680 caro
240 1642 327 1689 est,
352 1641 396 1678 et
426 1631 549 1694 quod
579 1642 733 1677 natum
750 1642 813 1677 est
835 1648 886 1676 ex
914 1632 1071 1692 spiritu
1093 1633 1268 1693 spiritus
1290 1642 1353 1677 est
1370 1635 1400 1677 ¹.
1429 1654 1447 1675 »

60 1705 177 1761 Quid
202 1705 306 1760 hae,
330 1704 564 1764 inquiunt,
594 1704 808 1748 sententia
831 1703 1160 1748 determinatius
1176 1738 1187 1759 ‚
1212 1719 1302 1748 non
1327 1719 1452 1764 posse

59 1792 112 1822 ex
132 1792 263 1822 carne
277 1775 466 1820 animam
484 1775 630 1819 nasci?
647 1774 765 1828 Quid
778 1783 842 1818 est
861 1774 978 1818 enim
998 1773 1119 1818 aliud
1141 1774 1299 1829 anima,
1316 1790 1451 1835 quam

56 1848 234 1908 spiritus
254 1847 357 1891 vitae
372 1881 383 1902 ‚
408 1854 577 1890 creatus
606 1846 781 1906 utique,
811 1861 901 1890 non
922 1847 1122 1890 creator?
1154 1847 1318 1890 Contra
1340 1861 1450 1907 quos

57 1918 123 1963 illi
143 1917 231 1963 alii.
248 1917 367 1972 Quid
387 1917 521 1971 enim,
541 1916 764 1976 inquiunt,
795 1931 874 1961 nos
896 1915 1017 1961 ah'ud
1039 1917 1265 1972 sentimus,
1288 1916 1365 1978 qui
1379 1916 1451 1960 di-

58 1989 197 2034 cimus
217 2003 394 2033 car-nem
416 2002 468 2031 ex
485 2002 614 2032 carne
629 2021 641 2042 ,
666 1986 855 2031 animam
877 2002 929 2031 ex
950 1987 1119 2032 anima?
1134 1990 1244 2033 Nam
1257 2003 1308 2031 ex
1324 1996 1450 2033 utro-

54 2076 148 2122 que
179 2069 351 2105 constat
371 2060 526 2114 homo,
566 2057 622 2102 de
643 2073 732 2120 quo
751 2067 991 2120 utrumque
1021 2059 1171 2103 venire
1209 2059 1446 2115 sentimus,

55 2147 236 2176 carnem
256 2130 312 2176 de
333 2146 462 2176 carne
481 2131 713 2191 operantis,
744 2130 944 2191 spiritum
963 2131 1018 2175 de
1041 2130 1195 2190 spiritu
1216 2131 1445 2191 concupis-

56 2202 195 2247 centis
219 2219 230 2247 :
255 2211 306 2246 ut
326 2202 502 2246 interim
528 2202 771 2258 omittatur,
791 2202 913 2263 quod
930 2201 1040 2246 illud
1057 2201 1263 2246 Dominus
1280 2217 1370 2246 non
1392 2202 1448 2246 de

57 2271 219 2318 carnali
253 2274 531 2333 generatione
545 2309 557 2329 ,
583 2273 660 2318 sed
700 2274 756 2318 de
792 2273 973 2334 spiritali
1006 2274 1332 2334 regeneratione
1373 2272 1446 2318 di-

56 2344 201 2390 cebat.

108 2448 118 2465 ¹
133 2443 226 2474 Joan.
248 2452 298 2483 ιιι,
315 2439 350 2473 6.
