1854 3219
343 200 428 238 626
872 212 1208 240 Ammo'm‘rioixns.

341 285 521 335 grantur
553 276 637 321 loci
665 290 748 337 ope
771 277 966 321 Vaticani
998 278 1183 336 codicis3
1208 277 1327 339 quod
1345 294 1484 322 unum
1508 278 1726 339 exemplar

337 347 467 407 hujus
489 347 629 408 operis
652 363 804 393 manus
827 358 1048 393 exaratum
1067 350 1256 395 nancisci
1279 351 1516 411 potuimus.

683 486 938 530 ΑΝΝΟΤΛΤΙΟ
960 490 1004 544 (3
1027 486 1117 542 bis)
1139 501 1239 546 pag.
1270 492 1369 530 171.

393 610 459 651 Ita
481 609 686 653 eumdem
707 608 856 654 locum
887 609 1021 655 refert
1044 611 1339 668 Hieronymus
1355 646 1367 667 ‚
1391 610 1470 672 qui
1491 610 1728 670 Vulgatam

331 677 570 725 editionem
584 682 651 726 sui
673 683 880 745 temporis
897 698 941 727 se
962 693 1162 728 secutum
1180 692 1385 728 testatur.

736 819 993 862 ΑΝΝΟΤΑΤΙΟ
1015 819 1081 875 (4)
1101 831 1202 877 pag.
1231 822 1332 862 239.

394 951 487 995 Hoc
507 950 773 996 vocabulum
789 951 1006 1010 intelliges
1028 967 1080 995 ex
1100 951 1161 996 lib
1184 970 1279 996 xxu
1303 950 1362 996 de
1385 950 1592 997 Ciuitate
1608 948 1725 1006 Dei,

334 1036 431 1081 cap.
466 1040 558 1078 x1v‚
586 1022 663 1066 ubi
686 1022 882 1067 membra
904 1023 1049 1067 omnia
1072 1039 1162 1067 esse
1189 1022 1374 1068 latenter
1398 1023 1443 1066 in
1466 1022 1630 1067 semine
1645 1057 1656 1076 ,
1686 1030 1730 1065 et

335 1103 560 1138 nascentes
588 1094 865 1154 perfectionis
894 1095 1076 1140 modum
1092 1131 1103 1151 ⁷
1128 1111 1219 1140 non
1246 1096 1292 1139 in
1314 1096 1449 1150 mole,
1479 1094 1554 1139 sed
1588 1094 1634 1137 in
1657 1109 1727 1137 ra-

338 1164 458 1209 tione
484 1166 576 1226 jam
607 1166 769 1211 habere
804 1166 933 1212 docet
962 1167 1249 1227 Augustinus.
1279 1187 1301 1211 «
1340 1170 1391 1211 In
1413 1183 1500 1227 qua
1534 1166 1727 1220 ratione,

341 1254 362 1278 »
397 1237 482 1291 ait,
508 1238 853 1299 uniuscujusque
883 1240 1075 1283 materiae
1098 1240 1237 1284 indita
1259 1238 1472 1298 corporali
1491 1240 1583 1297 jam
1617 1252 1732 1297 quo-

343 1326 364 1350 »
399 1307 501 1353 dam
523 1308 678 1365 modo⁹
703 1319 755 1354 ut
775 1311 835 1355 ita
867 1311 1032 1365 dicam,
1059 1310 1254 1354 liciatum
1276 1310 1449 1354 videtur
1471 1324 1583 1364 esse,
1610 1306 1732 1368 quod

341 1397 362 1421 >›
397 1379 593 1425 nondum
633 1389 721 1436 est,
763 1381 851 1426 imo
887 1381 1010 1442 quod
1039 1381 1168 1438 latet,
1200 1381 1277 1426 sed
1313 1397 1487 1427 accessu
1523 1379 1731 1441 temporis

342 1469 363 1494 »
397 1452 502 1509 erit⁷
525 1450 595 1497 vel
617 1452 761 1513 potius
783 1453 1028 1514 apparebit.
1056 1472 1078 1496 »
