<?xml version="1.0" encoding="UTF-8"?>
<!DOCTYPE html PUBLIC "-//W3C//DTD XHTML 1.0 Transitional//EN"
    "http://www.w3.org/TR/xhtml1/DTD/xhtml1-transitional.dtd">
<html xmlns="http://www.w3.org/1999/xhtml" xml:lang="en" lang="en">
 <head>
  <title>
</title>
<meta http-equiv="Content-Type" content="text/html;charset=utf-8" />
  <meta name='ocr-system' content='tesseract 3.04.00' />
  <meta name='ocr-capabilities' content='ocr_page ocr_carea ocr_par ocr_line ocrx_word'/>
</head>
<body>
  <div class='ocr_page' id='page_1' title='image "./operaomniaaccura05auguuoft_0173.png"; bbox 0 0 1854 3219; ppageno 0'>
   <div class='ocr_carea' id='block_1_1' title="bbox 0 1768 2 1796">
    <p class='ocr_par' dir='ltr' id='par_1_1' title="bbox 0 1768 2 1796">
     <span class='ocr_line' id='line_1_1' title="bbox 0 1768 2 1796; baseline 0 0"><span class='ocrx_word' id='word_1_1' title='bbox 0 1768 2 1796; x_wconf 63' lang='grc' dir='ltr'><strong><em>Ρ</em></strong></span> 
     </span>
    </p>
   </div>
   <div class='ocr_carea' id='block_1_2' title="bbox 0 1914 3 2003">
    <p class='ocr_par' dir='ltr' id='par_1_2' title="bbox 0 1869 3 2003">
     <span class='ocr_line' id='line_1_2' title="bbox 0 1914 3 2003; baseline 0 0"><span class='ocrx_word' id='word_1_2' title='bbox 0 1914 3 2003; x_wconf 63' lang='grc' dir='ltr'><strong><em>τ</em></strong></span> 
     </span>
    </p>
   </div>
   <div class='ocr_carea' id='block_1_3' title="bbox 0 2143 5 2299">
    <p class='ocr_par' dir='ltr' id='par_1_3' title="bbox 0 2143 5 2299">
     <span class='ocr_line' id='line_1_3' title="bbox 0 2143 5 2299; baseline 0 0"><span class='ocrx_word' id='word_1_3' title='bbox 0 2143 5 2299; x_wconf 71' lang='grc' dir='ltr'>ἔ</span> 
     </span>
    </p>
   </div>
   <div class='ocr_carea' id='block_1_4' title="bbox 1 2305 5 2371">
    <p class='ocr_par' dir='ltr' id='par_1_4' title="bbox 1 2305 5 2371">
     <span class='ocr_line' id='line_1_4' title="bbox 1 2305 5 2338; baseline 0 0"><span class='ocrx_word' id='word_1_4' title='bbox 1 2305 5 2338; x_wconf 62' lang='grc' dir='ltr'>ὲ</span> 
     </span>
     <span class='ocr_line' id='line_1_5' title="bbox 1 2344 4 2371; baseline 0 0"><span class='ocrx_word' id='word_1_5' title='bbox 1 2344 4 2371; x_wconf 77' lang='grc' dir='ltr'>ῐ</span> 
     </span>
    </p>
   </div>
   <div class='ocr_carea' id='block_1_5' title="bbox 343 182 1434 229">
    <p class='ocr_par' dir='ltr' id='par_1_5' title="bbox 343 182 1434 229">
     <span class='ocr_line' id='line_1_6' title="bbox 343 182 1434 229; baseline 0.005 -14"><span class='ocrx_word' id='word_1_6' title='bbox 343 189 396 216; x_wconf 85' lang='lat' dir='ltr'>DE</span> <span class='ocrx_word' id='word_1_7' title='bbox 428 189 579 217; x_wconf 78' lang='lat' dir='ltr'>GENEsr</span> <span class='ocrx_word' id='word_1_8' title='bbox 612 188 666 216; x_wconf 74' lang='lat' dir='ltr'>AD</span> <span class='ocrx_word' id='word_1_9' title='bbox 700 190 940 229; x_wconf 63' lang='lat' dir='ltr'>mummi,</span> <span class='ocrx_word' id='word_1_10' title='bbox 968 193 1048 218; x_wconf 65' lang='lat' dir='ltr'>Lus.</span> <span class='ocrx_word' id='word_1_11' title='bbox 1076 192 1103 218; x_wconf 89' lang='lat'>1.</span> <span class='ocrx_word' id='word_1_12' title='bbox 1353 182 1434 221; x_wconf 86' lang='lat'>159</span> 
     </span>
    </p>
   </div>
   <div class='ocr_carea' id='block_1_6' title="bbox 39 252 1437 1311">
    <p class='ocr_par' dir='ltr' id='par_1_6' title="bbox 39 252 1437 1311">
     <span class='ocr_line' id='line_1_7' title="bbox 51 252 1436 315; baseline 0.007 -22"><span class='ocrx_word' id='word_1_13' title='bbox 51 270 71 298; x_wconf 89' lang='lat'>»</span> <span class='ocrx_word' id='word_1_14' title='bbox 96 253 254 315; x_wconf 85' lang='lat' dir='ltr'>inquit,</span> <span class='ocrx_word' id='word_1_15' title='bbox 279 262 371 298; x_wconf 90' lang='lat' dir='ltr'>erat</span> <span class='ocrx_word' id='word_1_16' title='bbox 386 252 611 311; x_wconf 85' lang='lat' dir='ltr'>invisibilis</span> <span class='ocrx_word' id='word_1_17' title='bbox 629 263 673 297; x_wconf 91' lang='lat' dir='ltr'>et</span> <span class='ocrx_word' id='word_1_18' title='bbox 695 254 998 314; x_wconf 81' lang='lat' dir='ltr'>incomposita,</span> <span class='ocrx_word' id='word_1_19' title='bbox 1023 265 1067 300; x_wconf 89' lang='lat' dir='ltr'>et</span> <span class='ocrx_word' id='word_1_20' title='bbox 1094 256 1288 301; x_wconf 83' lang='lat' dir='ltr'>tenebrae</span> <span class='ocrx_word' id='word_1_21' title='bbox 1309 267 1436 304; x_wconf 89' lang='lat' dir='ltr'>erant</span> 
     </span>
     <span class='ocr_line' id='line_1_8' title="bbox 50 325 1433 386; baseline 0.004 -19"><span class='ocrx_word' id='word_1_22' title='bbox 50 341 71 373; x_wconf 63' lang='lat' dir='ltr'>&gt;p</span> <span class='ocrx_word' id='word_1_23' title='bbox 96 339 226 384; x_wconf 85' lang='lat' dir='ltr'>super</span> <span class='ocrx_word' id='word_1_24' title='bbox 247 325 502 384; x_wconf 77' lang='lat' dir='ltr'>abyssum¹3</span> <span class='ocrx_word' id='word_1_25' title='bbox 525 343 545 367; x_wconf 88' lang='lat'>»</span> <span class='ocrx_word' id='word_1_26' title='bbox 570 325 731 386; x_wconf 88' lang='lat' dir='ltr'>quibus</span> <span class='ocrx_word' id='word_1_27' title='bbox 751 326 895 371; x_wconf 90' lang='lat' dir='ltr'>verbis</span> <span class='ocrx_word' id='word_1_28' title='bbox 923 327 1098 372; x_wconf 84' lang='lat' dir='ltr'>videtur</span> <span class='ocrx_word' id='word_1_29' title='bbox 1118 327 1433 374; x_wconf 83' lang='lat' dir='ltr'>informitatem</span> 
     </span>
     <span class='ocr_line' id='line_1_9' title="bbox 46 394 1435 459; baseline 0.004 -20"><span class='ocrx_word' id='word_1_30' title='bbox 46 394 288 454; x_wconf 85' lang='lat' dir='ltr'>significare</span> <span class='ocrx_word' id='word_1_31' title='bbox 303 394 558 440; x_wconf 81' lang='lat' dir='ltr'>substantiae</span> <span class='ocrx_word' id='word_1_32' title='bbox 582 395 832 456; x_wconf 88' lang='lat' dir='ltr'>corporalis.</span> <span class='ocrx_word' id='word_1_33' title='bbox 858 399 927 441; x_wconf 83' lang='lat' dir='ltr'>An</span> <span class='ocrx_word' id='word_1_34' title='bbox 949 398 1175 459; x_wconf 88' lang='lat' dir='ltr'>utriusque</span> <span class='ocrx_word' id='word_1_35' title='bbox 1191 398 1435 445; x_wconf 84' lang='lat' dir='ltr'>informitas</span> 
     </span>
     <span class='ocr_line' id='line_1_10' title="bbox 44 464 1435 530; baseline 0.004 -20"><span class='ocrx_word' id='word_1_36' title='bbox 44 464 111 526; x_wconf 84' lang='lat' dir='ltr'>his</span> <span class='ocrx_word' id='word_1_37' title='bbox 148 467 278 511; x_wconf 89' lang='lat' dir='ltr'>etiam</span> <span class='ocrx_word' id='word_1_38' title='bbox 315 466 626 526; x_wconf 85' lang='lat' dir='ltr'>posterioribus</span> <span class='ocrx_word' id='word_1_39' title='bbox 668 467 811 513; x_wconf 89' lang='lat' dir='ltr'>verbis</span> <span class='ocrx_word' id='word_1_40' title='bbox 849 467 1116 526; x_wconf 79' lang='lat' dir='ltr'>significatur</span> <span class='ocrx_word' id='word_1_41' title='bbox 1153 488 1162 514; x_wconf 74' lang='grc' dir='ltr'>ε</span> <span class='ocrx_word' id='word_1_42' title='bbox 1197 469 1435 530; x_wconf 85' lang='lat' dir='ltr'>corporalis</span> 
     </span>
     <span class='ocr_line' id='line_1_11' title="bbox 45 535 1437 597; baseline 0.002 -17"><span class='ocrx_word' id='word_1_43' title='bbox 45 535 224 597; x_wconf 87' lang='lat' dir='ltr'>quidem</span> <span class='ocrx_word' id='word_1_44' title='bbox 240 552 292 582; x_wconf 93' lang='lat' dir='ltr'>eo</span> <span class='ocrx_word' id='word_1_45' title='bbox 308 536 430 597; x_wconf 89' lang='lat' dir='ltr'>quod</span> <span class='ocrx_word' id='word_1_46' title='bbox 445 536 613 582; x_wconf 87' lang='lat' dir='ltr'>dietum</span> <span class='ocrx_word' id='word_1_47' title='bbox 634 547 699 582; x_wconf 87' lang='lat' dir='ltr'>est</span> <span class='ocrx_word' id='word_1_48' title='bbox 720 557 728 582; x_wconf 90' lang='lat'>:</span> <span class='ocrx_word' id='word_1_49' title='bbox 751 556 771 580; x_wconf 90' lang='lat'>«</span> <span class='ocrx_word' id='word_1_50' title='bbox 794 540 923 589; x_wconf 84' lang='lat' dir='ltr'>Terra</span> <span class='ocrx_word' id='word_1_51' title='bbox 944 549 1037 585; x_wconf 89' lang='lat' dir='ltr'>erat</span> <span class='ocrx_word' id='word_1_52' title='bbox 1058 539 1286 585; x_wconf 86' lang='lat' dir='ltr'>invisibilis</span> <span class='ocrx_word' id='word_1_53' title='bbox 1307 550 1351 585; x_wconf 89' lang='lat' dir='ltr'>et</span> <span class='ocrx_word' id='word_1_54' title='bbox 1371 541 1437 586; x_wconf 64' lang='lat' dir='ltr'>in,-</span> 
     </span>
     <span class='ocr_line' id='line_1_12' title="bbox 48 606 1430 669; baseline 0.006 -21"><span class='ocrx_word' id='word_1_55' title='bbox 48 607 334 668; x_wconf 66' lang='lat' dir='ltr'>»composita</span> <span class='ocrx_word' id='word_1_56' title='bbox 361 626 370 653; x_wconf 80' lang='lat' dir='ltr'><strong><em>z</em></strong></span> <span class='ocrx_word' id='word_1_57' title='bbox 409 625 430 651; x_wconf 90' lang='lat'>»</span> <span class='ocrx_word' id='word_1_58' title='bbox 454 606 658 668; x_wconf 86' lang='lat' dir='ltr'>spiritalis</span> <span class='ocrx_word' id='word_1_59' title='bbox 686 616 833 653; x_wconf 89' lang='lat' dir='ltr'>autem</span> <span class='ocrx_word' id='word_1_60' title='bbox 860 642 870 664; x_wconf 89' lang='lat'>,</span> <span class='ocrx_word' id='word_1_61' title='bbox 896 623 949 653; x_wconf 89' lang='lat' dir='ltr'>eo</span> <span class='ocrx_word' id='word_1_62' title='bbox 977 609 1099 669; x_wconf 86' lang='lat' dir='ltr'>quod</span> <span class='ocrx_word' id='word_1_63' title='bbox 1134 610 1304 655; x_wconf 87' lang='lat' dir='ltr'>dictum</span> <span class='ocrx_word' id='word_1_64' title='bbox 1338 620 1430 667; x_wconf 89' lang='lat' dir='ltr'>est,</span> 
     </span>
     <span class='ocr_line' id='line_1_13' title="bbox 48 679 1434 740; baseline 0.005 -20"><span class='ocrx_word' id='word_1_65' title='bbox 48 679 285 723; x_wconf 83' lang='lat' dir='ltr'>»Tenebrae</span> <span class='ocrx_word' id='word_1_66' title='bbox 299 689 423 724; x_wconf 90' lang='lat' dir='ltr'>erant</span> <span class='ocrx_word' id='word_1_67' title='bbox 435 695 564 740; x_wconf 91' lang='lat' dir='ltr'>super</span> <span class='ocrx_word' id='word_1_68' title='bbox 577 680 807 739; x_wconf 77' lang='lat' dir='ltr'>abyssum3</span> <span class='ocrx_word' id='word_1_69' title='bbox 826 699 845 724; x_wconf 83' lang='lat'>»</span> <span class='ocrx_word' id='word_1_70' title='bbox 862 689 913 725; x_wconf 93' lang='lat' dir='ltr'>ut</span> <span class='ocrx_word' id='word_1_71' title='bbox 924 681 1132 727; x_wconf 87' lang='lat' dir='ltr'>translato</span> <span class='ocrx_word' id='word_1_72' title='bbox 1155 682 1291 738; x_wconf 86' lang='lat' dir='ltr'>verbo</span> <span class='ocrx_word' id='word_1_73' title='bbox 1309 691 1434 734; x_wconf 84' lang='lat' dir='ltr'>tene-</span> 
     </span>
     <span class='ocr_line' id='line_1_14' title="bbox 46 749 1428 817; baseline 0.004 -23"><span class='ocrx_word' id='word_1_74' title='bbox 46 749 221 795; x_wconf 86' lang='lat' dir='ltr'>brosam</span> <span class='ocrx_word' id='word_1_75' title='bbox 252 751 459 810; x_wconf 83' lang='lat' dir='ltr'>abyssum</span> <span class='ocrx_word' id='word_1_76' title='bbox 490 751 784 811; x_wconf 80' lang='lat' dir='ltr'>intelligamus</span> <span class='ocrx_word' id='word_1_77' title='bbox 815 761 1017 817; x_wconf 71' lang='lat' dir='ltr'>naturam</span> <span class='ocrx_word' id='word_1_78' title='bbox 1039 754 1140 799; x_wconf 84' lang='lat' dir='ltr'>vitae</span> <span class='ocrx_word' id='word_1_79' title='bbox 1167 754 1428 811; x_wconf 85' lang='lat' dir='ltr'>informem,</span> 
     </span>
     <span class='ocr_line' id='line_1_15' title="bbox 46 821 1435 884; baseline 0.004 -20"><span class='ocrx_word' id='word_1_80' title='bbox 46 821 127 884; x_wconf 82' lang='lat' dir='ltr'>nisi</span> <span class='ocrx_word' id='word_1_81' title='bbox 158 831 436 881; x_wconf 76' lang='lat' dir='ltr'>eonvertatur</span> <span class='ocrx_word' id='word_1_82' title='bbox 464 823 520 866; x_wconf 87' lang='lat' dir='ltr'>ad</span> <span class='ocrx_word' id='word_1_83' title='bbox 551 824 824 879; x_wconf 85' lang='lat' dir='ltr'>Creatorem,</span> <span class='ocrx_word' id='word_1_84' title='bbox 850 840 939 883; x_wconf 91' lang='lat' dir='ltr'>quo</span> <span class='ocrx_word' id='word_1_85' title='bbox 964 824 1055 869; x_wconf 89' lang='lat' dir='ltr'>solo</span> <span class='ocrx_word' id='word_1_86' title='bbox 1091 825 1223 870; x_wconf 89' lang='lat' dir='ltr'>modo</span> <span class='ocrx_word' id='word_1_87' title='bbox 1254 825 1435 871; x_wconf 86' lang='lat' dir='ltr'>formari</span> 
     </span>
     <span class='ocr_line' id='line_1_16' title="bbox 41 893 1436 952; baseline 0.004 -16"><span class='ocrx_word' id='word_1_88' title='bbox 41 901 206 952; x_wconf 85' lang='lat' dir='ltr'>potest,</span> <span class='ocrx_word' id='word_1_89' title='bbox 227 903 278 938; x_wconf 88' lang='lat' dir='ltr'>ut</span> <span class='ocrx_word' id='word_1_90' title='bbox 293 909 383 938; x_wconf 89' lang='lat' dir='ltr'>non</span> <span class='ocrx_word' id='word_1_91' title='bbox 403 894 459 938; x_wconf 86' lang='lat' dir='ltr'>sit</span> <span class='ocrx_word' id='word_1_92' title='bbox 475 893 678 952; x_wconf 78' lang='lat' dir='ltr'>abyssus3</span> <span class='ocrx_word' id='word_1_93' title='bbox 700 903 743 938; x_wconf 93' lang='lat' dir='ltr'>et</span> <span class='ocrx_word' id='word_1_94' title='bbox 760 893 1023 951; x_wconf 77' lang='lat' dir='ltr'>illuminari,</span> <span class='ocrx_word' id='word_1_95' title='bbox 1048 906 1097 941; x_wconf 91' lang='lat' dir='ltr'>ut</span> <span class='ocrx_word' id='word_1_96' title='bbox 1116 912 1206 941; x_wconf 89' lang='lat' dir='ltr'>non</span> <span class='ocrx_word' id='word_1_97' title='bbox 1236 897 1291 943; x_wconf 89' lang='lat' dir='ltr'>sit</span> <span class='ocrx_word' id='word_1_98' title='bbox 1311 906 1436 941; x_wconf 90' lang='lat' dir='ltr'>tene-</span> 
     </span>
     <span class='ocr_line' id='line_1_17' title="bbox 41 962 1434 1028; baseline 0.003 -20"><span class='ocrx_word' id='word_1_99' title='bbox 41 962 183 1021; x_wconf 85' lang='lat' dir='ltr'>brosa.</span> <span class='ocrx_word' id='word_1_100' title='bbox 208 967 267 1017; x_wconf 91' lang='lat' dir='ltr'>Et</span> <span class='ocrx_word' id='word_1_101' title='bbox 297 963 521 1025; x_wconf 88' lang='lat' dir='ltr'>quomodo</span> <span class='ocrx_word' id='word_1_102' title='bbox 548 964 716 1010; x_wconf 86' lang='lat' dir='ltr'>dictum</span> <span class='ocrx_word' id='word_1_103' title='bbox 738 974 829 1010; x_wconf 87' lang='lat' dir='ltr'>est:</span> <span class='ocrx_word' id='word_1_104' title='bbox 868 986 888 1008; x_wconf 86' lang='lat'>«</span> <span class='ocrx_word' id='word_1_105' title='bbox 917 966 1125 1011; x_wconf 85' lang='lat' dir='ltr'>Tenebrae</span> <span class='ocrx_word' id='word_1_106' title='bbox 1155 977 1279 1012; x_wconf 85' lang='lat' dir='ltr'>erant</span> <span class='ocrx_word' id='word_1_107' title='bbox 1304 984 1434 1028; x_wconf 87' lang='lat' dir='ltr'>super</span> 
     </span>
     <span class='ocr_line' id='line_1_18' title="bbox 44 1034 1434 1100; baseline 0.004 -24"><span class='ocrx_word' id='word_1_108' title='bbox 44 1052 65 1076; x_wconf 84' lang='lat'>»</span> <span class='ocrx_word' id='word_1_109' title='bbox 92 1034 328 1094; x_wconf 81' lang='lat' dir='ltr'>abyssum3</span> <span class='ocrx_word' id='word_1_110' title='bbox 355 1053 376 1077; x_wconf 90' lang='lat'>»</span> <span class='ocrx_word' id='word_1_111' title='bbox 404 1052 458 1080; x_wconf 85' lang='lat' dir='ltr'>an</span> <span class='ocrx_word' id='word_1_112' title='bbox 476 1035 578 1097; x_wconf 84' lang='lat' dir='ltr'>quia</span> <span class='ocrx_word' id='word_1_113' title='bbox 599 1044 689 1081; x_wconf 92' lang='lat' dir='ltr'>non</span> <span class='ocrx_word' id='word_1_114' title='bbox 712 1036 893 1081; x_wconf 80' lang='lat' dir='ltr'>eratlux</span> <span class='ocrx_word' id='word_1_115' title='bbox 919 1053 929 1081; x_wconf 89' lang='lat'><em>:</em></span> <span class='ocrx_word' id='word_1_116' title='bbox 955 1038 1098 1098; x_wconf 85' lang='lat' dir='ltr'>quaesi</span> <span class='ocrx_word' id='word_1_117' title='bbox 1121 1048 1253 1094; x_wconf 75' lang='lat' dir='ltr'>esset,</span> <span class='ocrx_word' id='word_1_118' title='bbox 1279 1039 1434 1100; x_wconf 87' lang='lat' dir='ltr'>utique</span> 
     </span>
     <span class='ocr_line' id='line_1_19' title="bbox 41 1103 1434 1170; baseline 0.003 -20"><span class='ocrx_word' id='word_1_119' title='bbox 41 1115 306 1165; x_wconf 81' lang='lat' dir='ltr'>superesset,</span> <span class='ocrx_word' id='word_1_120' title='bbox 332 1115 377 1151; x_wconf 89' lang='lat' dir='ltr'>et</span> <span class='ocrx_word' id='word_1_121' title='bbox 392 1103 603 1167; x_wconf 86' lang='lat' dir='ltr'>tanquam</span> <span class='ocrx_word' id='word_1_122' title='bbox 633 1107 1061 1168; x_wconf 85' lang='lat' dir='ltr'>superfunderetur:</span> <span class='ocrx_word' id='word_1_123' title='bbox 1088 1108 1213 1170; x_wconf 87' lang='lat' dir='ltr'>quod</span> <span class='ocrx_word' id='word_1_124' title='bbox 1240 1119 1346 1154; x_wconf 88' lang='lat' dir='ltr'>tunc</span> <span class='ocrx_word' id='word_1_125' title='bbox 1384 1111 1434 1154; x_wconf 90' lang='lat' dir='ltr'>fit</span> 
     </span>
     <span class='ocr_line' id='line_1_20' title="bbox 39 1176 1433 1238; baseline 0.004 -17"><span class='ocrx_word' id='word_1_126' title='bbox 39 1176 86 1222; x_wconf 92' lang='lat' dir='ltr'>in</span> <span class='ocrx_word' id='word_1_127' title='bbox 98 1186 295 1222; x_wconf 85' lang='lat' dir='ltr'>creatura</span> <span class='ocrx_word' id='word_1_128' title='bbox 323 1178 533 1238; x_wconf 86' lang='lat' dir='ltr'>spiritali,</span> <span class='ocrx_word' id='word_1_129' title='bbox 561 1195 662 1223; x_wconf 87' lang='lat' dir='ltr'>cum</span> <span class='ocrx_word' id='word_1_130' title='bbox 690 1179 961 1224; x_wconf 76' lang='lat' dir='ltr'>convertitur</span> <span class='ocrx_word' id='word_1_131' title='bbox 991 1180 1047 1225; x_wconf 83' lang='lat' dir='ltr'>ad</span> <span class='ocrx_word' id='word_1_132' title='bbox 1068 1180 1433 1226; x_wconf 81' lang='lat' dir='ltr'>incommutabile</span> 
     </span>
     <span class='ocr_line' id='line_1_21' title="bbox 39 1248 1039 1311; baseline 0.003 -18"><span class='ocrx_word' id='word_1_133' title='bbox 39 1257 170 1309; x_wconf 83' lang='lat' dir='ltr'>atque</span> <span class='ocrx_word' id='word_1_134' title='bbox 190 1249 463 1310; x_wconf 83' lang='lat' dir='ltr'>incorporale</span> <span class='ocrx_word' id='word_1_135' title='bbox 483 1248 635 1295; x_wconf 89' lang='lat' dir='ltr'>lumen</span> <span class='ocrx_word' id='word_1_136' title='bbox 650 1286 661 1307; x_wconf 83' lang='lat'>‚</span> <span class='ocrx_word' id='word_1_137' title='bbox 686 1249 810 1311; x_wconf 85' lang='lat' dir='ltr'>quod</span> <span class='ocrx_word' id='word_1_138' title='bbox 831 1256 943 1295; x_wconf 85' lang='lat' dir='ltr'>Deus</span> <span class='ocrx_word' id='word_1_139' title='bbox 960 1260 1039 1296; x_wconf 90' lang='lat' dir='ltr'>est.</span> 
     </span>
    </p>
   </div>
   <div class='ocr_carea' id='block_1_7' title="bbox 41 1391 1427 1414">
    <p class='ocr_par' dir='ltr' id='par_1_7' title="bbox 41 1391 1427 1414">
     <span class='ocr_line' id='line_1_22' title="bbox 41 1391 1427 1414; baseline 0.004 -5"><span class='ocrx_word' id='word_1_140' title='bbox 41 1391 1427 1414; x_wconf 61' lang='lat' dir='ltr'>mmmmmmmmmmmmmmmmwummu</span> 
     </span>
    </p>
   </div>
   <div class='ocr_carea' id='block_1_8' title="bbox 583 1516 903 1568">
    <p class='ocr_par' dir='ltr' id='par_1_8' title="bbox 583 1516 903 1568">
     <span class='ocr_line' id='line_1_23' title="bbox 583 1516 903 1568; baseline 0.003 -2"><span class='ocrx_word' id='word_1_141' title='bbox 583 1516 803 1568; x_wconf 89' lang='lat' dir='ltr'><strong>CAPUT</strong></span> <span class='ocrx_word' id='word_1_142' title='bbox 833 1521 903 1567; x_wconf 92' lang='grc' dir='ltr'>ΙΙ.</span> 
     </span>
    </p>
   </div>
   <div class='ocr_carea' id='block_1_9' title="bbox 44 1669 1440 1805">
    <p class='ocr_par' dir='ltr' id='par_1_9' title="bbox 44 1669 1440 1805">
     <span class='ocr_line' id='line_1_24' title="bbox 44 1669 1440 1733; baseline 0.005 -18"><span class='ocrx_word' id='word_1_143' title='bbox 44 1670 122 1720; x_wconf 81' lang='lat' dir='ltr'>De</span> <span class='ocrx_word' id='word_1_144' title='bbox 147 1669 383 1717; x_wconf 80' lang='lat' dir='ltr'>versiculo</span> <span class='ocrx_word' id='word_1_145' title='bbox 419 1677 462 1717; x_wconf 87' lang='lat'>3.</span> <span class='ocrx_word' id='word_1_146' title='bbox 497 1670 756 1733; x_wconf 77' lang='lat' dir='ltr'>Quomodo</span> <span class='ocrx_word' id='word_1_147' title='bbox 780 1671 907 1718; x_wconf 66' lang='lat' dir='ltr'>dixit</span> <span class='ocrx_word' id='word_1_148' title='bbox 926 1673 1091 1720; x_wconf 80' lang='lat' dir='ltr'>Deus:</span> <span class='ocrx_word' id='word_1_149' title='bbox 1119 1676 1216 1721; x_wconf 89' lang='lat' dir='ltr'>Fiat</span> <span class='ocrx_word' id='word_1_150' title='bbox 1247 1676 1339 1733; x_wconf 78' lang='lat' dir='ltr'>lux,</span> <span class='ocrx_word' id='word_1_151' title='bbox 1372 1693 1440 1723; x_wconf 77' lang='lat' dir='ltr'>cm</span> 
     </span>
     <span class='ocr_line' id='line_1_25' title="bbox 154 1746 1315 1805; baseline 0.004 -17"><span class='ocrx_word' id='word_1_152' title='bbox 154 1759 249 1804; x_wconf 80' lang='lat' dir='ltr'>per</span> <span class='ocrx_word' id='word_1_153' title='bbox 268 1753 552 1790; x_wconf 80' lang='lat' dir='ltr'>creaturam</span> <span class='ocrx_word' id='word_1_154' title='bbox 570 1780 582 1801; x_wconf 75' lang='lat'>‚</span> <span class='ocrx_word' id='word_1_155' title='bbox 618 1761 686 1790; x_wconf 79' lang='lat' dir='ltr'>an</span> <span class='ocrx_word' id='word_1_156' title='bbox 706 1762 800 1805; x_wconf 80' lang='lat' dir='ltr'>per</span> <span class='ocrx_word' id='word_1_157' title='bbox 822 1755 1055 1792; x_wconf 65' lang='lat' dir='ltr'>aeternum</span> <span class='ocrx_word' id='word_1_158' title='bbox 1081 1746 1315 1795; x_wconf 80' lang='lat' dir='ltr'>Verbum.</span> 
     </span>
    </p>
   </div>
   <div class='ocr_carea' id='block_1_10' title="bbox 39 1878 1438 2229">
    <p class='ocr_par' dir='ltr' id='par_1_10' title="bbox 39 1878 1438 2229">
     <span class='ocr_line' id='line_1_26' title="bbox 100 1878 1438 1941; baseline 0.004 -18"><span class='ocrx_word' id='word_1_159' title='bbox 100 1881 176 1923; x_wconf 89' lang='lat' dir='ltr'>IV.</span> <span class='ocrx_word' id='word_1_160' title='bbox 202 1881 267 1924; x_wconf 77' lang='lat' dir='ltr'>ET</span> <span class='ocrx_word' id='word_1_161' title='bbox 285 1878 508 1940; x_wconf 86' lang='lat' dir='ltr'>quomodo</span> <span class='ocrx_word' id='word_1_162' title='bbox 533 1879 643 1923; x_wconf 85' lang='lat' dir='ltr'>dixit</span> <span class='ocrx_word' id='word_1_163' title='bbox 663 1883 805 1925; x_wconf 88' lang='lat' dir='ltr'>Deus:</span> <span class='ocrx_word' id='word_1_164' title='bbox 835 1900 854 1923; x_wconf 90' lang='lat'>«</span> <span class='ocrx_word' id='word_1_165' title='bbox 878 1880 1090 1941; x_wconf 79' lang='lat' dir='ltr'>Fiatlux3</span> <span class='ocrx_word' id='word_1_166' title='bbox 1115 1899 1134 1924; x_wconf 84' lang='lat'>&gt;›</span> <span class='ocrx_word' id='word_1_167' title='bbox 1157 1892 1306 1927; x_wconf 87' lang='lat' dir='ltr'>utrum</span> <span class='ocrx_word' id='word_1_168' title='bbox 1330 1892 1438 1929; x_wconf 88' lang='lat' dir='ltr'>tem-</span> 
     </span>
     <span class='ocr_line' id='line_1_27' title="bbox 39 1949 1434 2016; baseline 0.002 -20"><span class='ocrx_word' id='word_1_169' title='bbox 39 1950 268 2013; x_wconf 81' lang='lat' dir='ltr'>poraliter,</span> <span class='ocrx_word' id='word_1_170' title='bbox 285 1966 341 1994; x_wconf 89' lang='lat' dir='ltr'>an</span> <span class='ocrx_word' id='word_1_171' title='bbox 357 1949 403 1994; x_wconf 93' lang='lat' dir='ltr'>in</span> <span class='ocrx_word' id='word_1_172' title='bbox 415 1949 548 1994; x_wconf 87' lang='lat' dir='ltr'>Verbi</span> <span class='ocrx_word' id='word_1_173' title='bbox 565 1950 823 1994; x_wconf 79' lang='lat' dir='ltr'>aeternitate.</span> <span class='ocrx_word' id='word_1_174' title='bbox 845 1954 901 1995; x_wconf 90' lang='lat' dir='ltr'>Et</span> <span class='ocrx_word' id='word_1_175' title='bbox 914 1952 948 1995; x_wconf 89' lang='lat' dir='ltr'>si</span> <span class='ocrx_word' id='word_1_176' title='bbox 971 1952 1265 2012; x_wconf 81' lang='lat' dir='ltr'>temporaliter</span> <span class='ocrx_word' id='word_1_177' title='bbox 1282 1956 1434 2016; x_wconf 89' lang='lat' dir='ltr'>utique</span> 
     </span>
     <span class='ocr_line' id='line_1_28' title="bbox 39 2021 1430 2083; baseline 0.002 -15"><span class='ocrx_word' id='word_1_178' title='bbox 39 2021 311 2068; x_wconf 89' lang='lat' dir='ltr'>mutabiliter</span> <span class='ocrx_word' id='word_1_179' title='bbox 325 2043 336 2081; x_wconf 77' lang='lat'>3</span> <span class='ocrx_word' id='word_1_180' title='bbox 351 2021 575 2083; x_wconf 89' lang='lat' dir='ltr'>quomodo</span> <span class='ocrx_word' id='word_1_181' title='bbox 588 2037 689 2080; x_wconf 85' lang='lat' dir='ltr'>ergo</span> <span class='ocrx_word' id='word_1_182' title='bbox 704 2022 837 2082; x_wconf 87' lang='lat' dir='ltr'>possit</span> <span class='ocrx_word' id='word_1_183' title='bbox 851 2022 1033 2081; x_wconf 85' lang='lat' dir='ltr'>intelligi</span> <span class='ocrx_word' id='word_1_184' title='bbox 1048 2025 1130 2069; x_wconf 87' lang='lat' dir='ltr'>hoe</span> <span class='ocrx_word' id='word_1_185' title='bbox 1145 2024 1288 2070; x_wconf 82' lang='lat' dir='ltr'>dicere</span> <span class='ocrx_word' id='word_1_186' title='bbox 1301 2030 1430 2083; x_wconf 82' lang='lat' dir='ltr'>Deus,</span> 
     </span>
     <span class='ocr_line' id='line_1_29' title="bbox 40 2094 1435 2155; baseline 0.004 -17"><span class='ocrx_word' id='word_1_187' title='bbox 40 2094 123 2139; x_wconf 92' lang='lat' dir='ltr'>nisi</span> <span class='ocrx_word' id='word_1_188' title='bbox 150 2109 229 2155; x_wconf 89' lang='lat' dir='ltr'>per</span> <span class='ocrx_word' id='word_1_189' title='bbox 258 2103 503 2138; x_wconf 86' lang='lat' dir='ltr'>creaturam</span> <span class='ocrx_word' id='word_1_190' title='bbox 531 2113 540 2139; x_wconf 84' lang='lat' dir='ltr'>z</span> <span class='ocrx_word' id='word_1_191' title='bbox 572 2094 662 2154; x_wconf 88' lang='lat' dir='ltr'>ipse</span> <span class='ocrx_word' id='word_1_192' title='bbox 683 2096 848 2155; x_wconf 89' lang='lat' dir='ltr'>quippe</span> <span class='ocrx_word' id='word_1_193' title='bbox 871 2104 935 2139; x_wconf 87' lang='lat' dir='ltr'>est</span> <span class='ocrx_word' id='word_1_194' title='bbox 964 2095 1352 2142; x_wconf 83' lang='lat' dir='ltr'>incommutabilis.</span> <span class='ocrx_word' id='word_1_195' title='bbox 1378 2101 1435 2143; x_wconf 86' lang='lat' dir='ltr'>Et</span> 
     </span>
     <span class='ocr_line' id='line_1_30' title="bbox 39 2164 1435 2229; baseline 0.004 -19"><span class='ocrx_word' id='word_1_196' title='bbox 39 2166 72 2215; x_wconf 90' lang='lat' dir='ltr'>si</span> <span class='ocrx_word' id='word_1_197' title='bbox 108 2181 186 2226; x_wconf 89' lang='lat' dir='ltr'>per</span> <span class='ocrx_word' id='word_1_198' title='bbox 214 2175 460 2210; x_wconf 87' lang='lat' dir='ltr'>ereaturam</span> <span class='ocrx_word' id='word_1_199' title='bbox 493 2164 602 2209; x_wconf 83' lang='lat' dir='ltr'>dixit</span> <span class='ocrx_word' id='word_1_200' title='bbox 624 2168 769 2210; x_wconf 91' lang='lat' dir='ltr'>Deus:</span> <span class='ocrx_word' id='word_1_201' title='bbox 802 2185 820 2208; x_wconf 71' lang='grc' dir='ltr'>(ι</span> <span class='ocrx_word' id='word_1_202' title='bbox 855 2167 952 2211; x_wconf 83' lang='lat' dir='ltr'>Fiat</span> <span class='ocrx_word' id='word_1_203' title='bbox 980 2166 1083 2226; x_wconf 72' lang='lat' dir='ltr'>lux3</span> <span class='ocrx_word' id='word_1_204' title='bbox 1119 2170 1343 2229; x_wconf 88' lang='lat' dir='ltr'>quomodo</span> <span class='ocrx_word' id='word_1_205' title='bbox 1372 2180 1435 2215; x_wconf 88' lang='lat' dir='ltr'>est</span> 
     </span>
    </p>
   </div>
   <div class='ocr_carea' id='block_1_11' title="bbox 26 2237 1434 2301">
    <p class='ocr_par' dir='ltr' id='par_1_11' title="bbox 26 2237 1434 2301">
     <span class='ocr_line' id='line_1_31' title="bbox 26 2237 1434 2301; baseline 0.003 -19"><span class='ocrx_word' id='word_1_206' title='bbox 26 2237 177 2298; x_wconf 21' lang='lat' dir='ltr'>&#39;prima</span> <span class='ocrx_word' id='word_1_207' title='bbox 195 2247 393 2282; x_wconf 88' lang='lat' dir='ltr'>creatura</span> <span class='ocrx_word' id='word_1_208' title='bbox 413 2237 488 2282; x_wconf 87' lang='lat' dir='ltr'>lux</span> <span class='ocrx_word' id='word_1_209' title='bbox 502 2272 512 2292; x_wconf 90' lang='lat'>‚</span> <span class='ocrx_word' id='word_1_210' title='bbox 538 2238 571 2281; x_wconf 90' lang='lat' dir='ltr'>si</span> <span class='ocrx_word' id='word_1_211' title='bbox 593 2247 684 2281; x_wconf 85' lang='lat' dir='ltr'>erat</span> <span class='ocrx_word' id='word_1_212' title='bbox 705 2238 795 2298; x_wconf 88' lang='lat' dir='ltr'>jam</span> <span class='ocrx_word' id='word_1_213' title='bbox 819 2247 1016 2282; x_wconf 83' lang='lat' dir='ltr'>creatura</span> <span class='ocrx_word' id='word_1_214' title='bbox 1032 2275 1042 2295; x_wconf 80' lang='grc'>,</span> <span class='ocrx_word' id='word_1_215' title='bbox 1070 2255 1147 2299; x_wconf 90' lang='lat' dir='ltr'>per</span> <span class='ocrx_word' id='word_1_216' title='bbox 1169 2257 1300 2301; x_wconf 81' lang='lat' dir='ltr'>quam</span> <span class='ocrx_word' id='word_1_217' title='bbox 1324 2247 1434 2287; x_wconf 91' lang='lat' dir='ltr'>Deus</span> 
     </span>
    </p>
   </div>
   <div class='ocr_carea' id='block_1_12' title="bbox 40 2306 1431 2372">
    <p class='ocr_par' dir='ltr' id='par_1_12' title="bbox 40 2306 1431 2372">
     <span class='ocr_line' id='line_1_32' title="bbox 40 2306 1431 2372; baseline 0.004 -20"><span class='ocrx_word' id='word_1_218' title='bbox 40 2306 228 2367; x_wconf 80' lang='lat' dir='ltr'>diceret,</span> <span class='ocrx_word' id='word_1_219' title='bbox 275 2327 297 2352; x_wconf 86' lang='lat'>«</span> <span class='ocrx_word' id='word_1_220' title='bbox 337 2308 435 2355; x_wconf 89' lang='lat' dir='ltr'>Fiat</span> <span class='ocrx_word' id='word_1_221' title='bbox 465 2307 555 2352; x_wconf 89' lang='lat' dir='ltr'>lux.</span> <span class='ocrx_word' id='word_1_222' title='bbox 586 2312 796 2353; x_wconf 83' lang='lat' dir='ltr'>»Annon</span> <span class='ocrx_word' id='word_1_223' title='bbox 834 2318 897 2353; x_wconf 87' lang='lat' dir='ltr'>est</span> <span class='ocrx_word' id='word_1_224' title='bbox 919 2308 995 2353; x_wconf 85' lang='lat' dir='ltr'>lux</span> <span class='ocrx_word' id='word_1_225' title='bbox 1030 2311 1169 2370; x_wconf 84' lang='lat' dir='ltr'>prima</span> <span class='ocrx_word' id='word_1_226' title='bbox 1207 2322 1431 2372; x_wconf 74' lang='lat' dir='ltr'>ereatura3</span> 
     </span>
    </p>
   </div>
   <div class='ocr_carea' id='block_1_13' title="bbox 1 2378 1432 2514">
    <p class='ocr_par' dir='ltr' id='par_1_13' title="bbox 1 2378 1432 2514">
     <span class='ocr_line' id='line_1_33' title="bbox 1 2378 1432 2439; baseline 0.006 -19"><span class='ocrx_word' id='word_1_227' title='bbox 1 2390 5 2420; x_wconf 69' lang='grc' dir='ltr'>ι</span> <span class='ocrx_word' id='word_1_228' title='bbox 35 2379 125 2439; x_wconf 72' lang='lat' dir='ltr'>jam</span> <span class='ocrx_word' id='word_1_229' title='bbox 147 2378 314 2433; x_wconf 84' lang='lat' dir='ltr'>dietum</span> <span class='ocrx_word' id='word_1_230' title='bbox 334 2389 452 2436; x_wconf 83' lang='lat' dir='ltr'>erat,</span> <span class='ocrx_word' id='word_1_231' title='bbox 482 2398 502 2422; x_wconf 72' lang='lat' dir='ltr'>a</span> <span class='ocrx_word' id='word_1_232' title='bbox 520 2382 573 2424; x_wconf 91' lang='lat' dir='ltr'>In</span> <span class='ocrx_word' id='word_1_233' title='bbox 590 2379 803 2439; x_wconf 88' lang='lat' dir='ltr'>principio</span> <span class='ocrx_word' id='word_1_234' title='bbox 823 2378 927 2424; x_wconf 86' lang='lat' dir='ltr'>fecit</span> <span class='ocrx_word' id='word_1_235' title='bbox 949 2383 1065 2425; x_wconf 85' lang='lat' dir='ltr'>Deus</span> <span class='ocrx_word' id='word_1_236' title='bbox 1088 2380 1253 2426; x_wconf 86' lang='lat' dir='ltr'>coelum</span> <span class='ocrx_word' id='word_1_237' title='bbox 1277 2393 1320 2428; x_wconf 92' lang='lat' dir='ltr'>et</span> <span class='ocrx_word' id='word_1_238' title='bbox 1342 2393 1432 2428; x_wconf 88' lang='lat' dir='ltr'>ter-</span> 
     </span>
     <span class='ocr_line' id='line_1_34' title="bbox 2 2438 1432 2514; baseline 0.004 -20"><span class='ocrx_word' id='word_1_239' title='bbox 2 2438 6 2514; x_wconf 65' lang='lat'>&#39;3</span> <span class='ocrx_word' id='word_1_240' title='bbox 44 2467 65 2509; x_wconf 70' lang='lat' dir='ltr'>p</span> <span class='ocrx_word' id='word_1_241' title='bbox 90 2465 183 2495; x_wconf 87' lang='lat' dir='ltr'>ram</span> <span class='ocrx_word' id='word_1_242' title='bbox 200 2470 211 2509; x_wconf 78' lang='lat'><em>3</em></span> <span class='ocrx_word' id='word_1_243' title='bbox 227 2468 248 2493; x_wconf 87' lang='lat'>»</span> <span class='ocrx_word' id='word_1_244' title='bbox 263 2460 308 2509; x_wconf 81' lang='lat' dir='ltr'>et</span> <span class='ocrx_word' id='word_1_245' title='bbox 322 2459 494 2512; x_wconf 81' lang='lat' dir='ltr'>poterat</span> <span class='ocrx_word' id='word_1_246' title='bbox 515 2466 592 2511; x_wconf 89' lang='lat' dir='ltr'>per</span> <span class='ocrx_word' id='word_1_247' title='bbox 609 2450 832 2496; x_wconf 82' lang='lat' dir='ltr'>coelestem</span> <span class='ocrx_word' id='word_1_248' title='bbox 847 2460 1091 2499; x_wconf 83' lang='lat' dir='ltr'>creaturam</span> <span class='ocrx_word' id='word_1_249' title='bbox 1109 2469 1191 2498; x_wconf 84' lang='lat' dir='ltr'>vox</span> <span class='ocrx_word' id='word_1_250' title='bbox 1205 2454 1298 2499; x_wconf 86' lang='lat' dir='ltr'>fieri</span> <span class='ocrx_word' id='word_1_251' title='bbox 1320 2464 1432 2500; x_wconf 88' lang='lat' dir='ltr'>tem-</span> 
     </span>
    </p>
   </div>
   <div class='ocr_carea' id='block_1_14' title="bbox 91 2549 297 2587">
    <p class='ocr_par' dir='ltr' id='par_1_14' title="bbox 91 2549 297 2587">
     <span class='ocr_line' id='line_1_35' title="bbox 91 2549 297 2587; baseline 0 -7"><span class='ocrx_word' id='word_1_252' title='bbox 91 2554 98 2570; x_wconf 88' lang='lat'>¹</span> <span class='ocrx_word' id='word_1_253' title='bbox 121 2549 201 2581; x_wconf 89' lang='lat' dir='ltr'>Gen.</span> <span class='ocrx_word' id='word_1_254' title='bbox 219 2559 247 2587; x_wconf 85' lang='lat'>1,</span> <span class='ocrx_word' id='word_1_255' title='bbox 266 2558 297 2580; x_wconf 88' lang='lat'>2.</span> 
     </span>
    </p>
   </div>
  </div>
 </body>
</html>
