1854 3219
337 228 392 256 DE
424 227 575 257 GENEsl
607 224 663 254 AD
694 226 927 266 ΜΤΤΕΒΑΜ,
953 229 1035 255 Lin.
1061 225 1155 255 vni.
1368 214 1452 254 433

860 387 1454 406 mmmmm

524 510 742 561 CAPUT
777 511 966 561 XVIII.

305 642 562 709 Quomodo
580 642 716 691 Deus
737 642 921 691 locatus
940 645 1002 691 sit
1024 643 1218 690 homini.

131 781 362 826 XXXVII.
390 783 503 826 ITEM
526 782 665 843 quaeri
686 790 857 842 potest,
880 780 1105 842 quomodo
1126 795 1246 825 nunc
1266 781 1381 824 Deus
1401 778 1463 824 lo·

71 860 202 896 cutus
233 853 288 897 sit
320 852 376 897 ad
407 852 657 908 hominem,
685 868 817 914 quem
843 851 970 907 fecit,
999 854 1090 912 jam
1117 861 1234 897 certe
1263 866 1392 896 sensu
1414 867 1464 895 ac

71 932 220 967 mente
236 923 489 983 praeditum,
511 933 560 969 ut
583 923 732 969 audire
748 933 791 968 et
811 923 1054 983 intelligere
1074 923 1330 985 loquentem
1346 923 1464 968 vale-

73 995 165 1038 ret?
184 996 337 1054 Neque
359 994 476 1039 enim
506 994 630 1039 aliter
658 1004 927 1055 praeceptum
962 1006 1102 1055 posset
1130 996 1347 1055 accipere,
1373 1009 1462 1054 quo

75 1072 314 1123 trangresso
349 1080 448 1109 reus
482 1073 593 1110 esset
609 1100 621 1121 ‚
660 1065 744 1110 nisi
786 1066 870 1110 hoc
910 1074 1139 1125 acceptum
1183 1064 1461 1124 intelligeret.

73 1134 305 1188 Quomodo
322 1150 426 1195 ergo
443 1134 508 1180 illi
524 1135 698 1181 locutus
711 1145 775 1181 est
790 1138 930 1181 Deus?
952 1139 1110 1181 Utrum
1128 1136 1245 1180 intus
1258 1137 1303 1180 in
1317 1145 1464 1180 mente

73 1205 316 1250 secundum
336 1205 626 1261 intellectum,
651 1206 698 1250 id
719 1216 798 1262 est,
815 1216 865 1250 ut
885 1207 1102 1266 sapienter
1114 1205 1374 1264 intelligeret
1396 1221 1466 1249 vo-

0 1277 3 1281 ’
74 1275 290 1321 luntatem
317 1293 366 1322 ac
393 1287 664 1337 praeceptum
686 1278 765 1322 Dei
789 1278 879 1321 sine
906 1277 1006 1321 ullis
1029 1277 1331 1337 corporalibus
1353 1276 1470 1322 sonis

74 1345 145 1391 vel
160 1346 453 1407 corporalium
482 1347 841 1392 similitudinibus
859 1349 1036 1392 rerum?
1062 1348 1147 1393 Sed
1167 1364 1259 1393 non
1276 1348 1335 1392 sic
1356 1348 1467 1393 exise

0 1437 6 1461 >z
78 1417 182 1463 timo
206 1419 346 1478 primo
366 1417 536 1462 homini
565 1417 766 1462 locutum
787 1421 942 1462 Deum.
977 1417 1094 1462 Talia
1128 1419 1290 1479 quippe
1325 1418 1469 1477 Scrip-

5 1507 7 1528 ÷
77 1497 175 1533 tura
197 1497 360 1543 narrat,
385 1498 438 1533 ut
456 1489 600 1548 potius
618 1489 846 1534 credamus
862 1525 873 1545 ‚
905 1491 964 1533 sie
987 1504 1078 1533 esse
1101 1492 1240 1534 Deum
1268 1488 1468 1534 locutum

75 1559 243 1603 homini
264 1559 310 1604 in
331 1558 549 1619 paradiso,
574 1559 688 1604 sicut
710 1560 841 1603 etiam
873 1569 1023 1619 postea
1048 1559 1222 1604 locutus
1245 1569 1309 1604 est
1332 1558 1468 1603 Patri-

76 1630 175 1686 bus,
201 1631 312 1675 sicut
332 1630 522 1674 Abrahae
537 1665 548 1685 ,
574 1631 686 1675 sicut
706 1630 878 1688 Moysi,
902 1630 949 1675 id
970 1640 1059 1686 est,
1087 1631 1134 1674 in
1158 1630 1302 1691 aliqua
1326 1630 1468 1690 specie

77 1701 310 1763 corporali.
332 1702 445 1748 Hinc
463 1711 528 1746 est
544 1702 661 1746 enim
683 1701 806 1762 quod
826 1701 1061 1747 audierunt
1082 1704 1172 1762 ejus
1198 1718 1350 1747 vocem
1373 1717 1468 1746 am-

78 1772 272 1819 bulantis
292 1773 339 1818 in
358 1771 558 1834 paradiso
577 1772 633 1817 ad
651 1787 876 1832 vesperam
892 1807 903 1829 ‚
928 1783 972 1818 et
991 1772 1314 1818 absconderunt
1334 1776 1418 1817 se1.

1441 1941 1471 1959 Μ

558 2065 774 2117 CAPUT
809 2068 946 2116 XIX.

20 2185 25 2240 ³-
93 2201 141 2248 U
141 2210 159 2248 t
175 2198 475 2264 intelligatur
486 2201 705 2261 operatio
720 2199 819 2245 Dei
832 2201 882 2245 in
902 2201 1154 2257 creaturis,
1170 2197 1289 2258 quid
1302 2200 1468 2260 impri-

24 2390 28 2417 Ι

28 2506 29 2533 i
42 2539 49 2548 v

458 2273 548 2318 mis
571 2271 630 2316 de
652 2272 754 2332 ipso
775 2271 1090 2318 sentiendum.

144 2410 395 2454 XXXVIII.
430 2411 567 2454 Locus
599 2409 746 2469 itaque
768 2423 950 2468 magnus
971 2425 1115 2470 neque
1137 2408 1467 2470 praetereundus

86 2481 361 2541 proponitur,
384 2489 436 2526 ut
455 2481 705 2527 intueamur
734 2491 949 2542 quantum
970 2498 1198 2543 possumus
1215 2517 1226 2538 ‚
1252 2490 1467 2543 quantum

137 2584 146 2600 ¹
166 2580 246 2610 Gen.
264 2587 309 2620 ιιι,
328 2576 361 2610 8.

302 2640 410 2672 exn.
1257 2634 1308 2672 28
