1854 3219
333 122 417 162 374
769 136 802 162 s.
839 133 1067 163 mausum
1100 135 1280 163 EPISCOPI

391 204 445 246 V.
475 204 700 246 Possemus
722 199 900 260 quidem
919 198 1062 245 dicere
1087 215 1167 246 nec
1189 201 1332 261 ipsum
1356 200 1432 245 Dei
1456 201 1610 247 flatum
1632 217 1724 247 esse

335 272 526 316 animam
555 271 764 326 hominis,
783 270 860 316 sed
888 274 1026 317 Deum
1053 272 1268 317 sufflando
1290 271 1442 318 iecisse
1468 274 1657 318 animam
1678 274 1724 318 in

335 344 513 389 homine
532 362 540 387 :
570 342 646 387 sed
674 358 728 386 ne
746 352 957 403 putentur
978 343 1155 389 meliora
1173 361 1273 405 quae
1291 344 1394 389 fecit
1414 345 1566 400 verbo,
1591 361 1724 406 quam

333 413 453 475 quod
478 412 579 458 fecit
602 415 725 469 flatu,
742 414 845 475 quia
867 423 911 458 et
931 414 976 459 in
998 415 1124 460 nobis
1140 415 1295 460 melius
1312 425 1376 460 est
1391 416 1575 460 verbum
1592 432 1724 477 quam

332 487 462 530 ssatus
479 507 490 543 3
515 484 621 529 nihil
642 495 705 529 est
726 486 898 530 interim
917 487 1159 531 secundum
1177 486 1474 546 supradictam
1490 487 1722 544 rationem,

331 573 410 602 cur
448 557 639 601 animam
672 557 807 616 ipsam
841 557 917 601 Dei
947 557 1101 602 flatum
1136 556 1279 602 dicere
1311 557 1582 614 dubitemus,
1617 559 1724 603 dum

332 627 604 688 intelligatur
624 643 713 672 non
730 643 820 672 esse
837 629 913 672 Dei
936 638 1088 673 natura
1109 639 1240 690 atquc
1262 629 1519 685 substantia,
1545 629 1620 674 sed
1643 631 1725 674 hoc

335 700 477 759 ipsum
500 714 590 743 esse
608 699 804 754 sufflare,
829 698 951 759 quod
974 710 1038 745 est
1062 700 1215 745 ilatum
1234 698 1402 757 facere3
1430 699 1551 761 quod
1579 710 1724 744 autem

333 772 490 815 flatum
504 769 662 825 facere,
677 771 760 815 hoc
783 771 969 815 animam
993 770 1149 815 faccre.
1177 771 1257 817 Cui
1276 772 1501 815 sententias
1523 773 1726 831 congruit

335 840 457 903 quod
472 856 548 901 per
569 845 726 886 Isaiam
742 841 847 886 dicit
867 845 997 886 Deus:
1017 841 1236 901 »Spiritus
1248 842 1363 886 enim
1378 858 1401 886 a
1417 857 1487 887 me
1501 843 1723 902 procedet,

335 931 356 955 >›
384 923 428 958 et
446 913 601 958 flatum
615 929 792 958 omnem
810 929 891 973 ego
909 912 991 958 feci
1005 916 1064 957 ¹.»
1075 916 1185 959 Nam
1204 930 1292 958 non
1311 913 1553 974 quemlibet
1571 913 1725 958 flatum

332 1001 593 1045 corporeum
621 1001 723 1029 eum
745 984 910 1039 dicere,
937 984 1162 1046 sequentia
1183 983 1357 1029 docent.
1386 986 1500 1029 Cum
1524 985 1642 1028 enim
1659 985 1726 1029 di-

331 1057 486 1102 xisset:
517 1076 538 1100 «
562 1058 749 1101 Omnem
782 1057 936 1101 flatum
962 1072 1044 1116 ego
1066 1056 1176 1113 feci3
1200 1065 1244 1101 et
1266 1065 1443 1116 propter
1471 1066 1723 1116 peccatum,

340 1146 362 1169 »
397 1129 561 1189 inquit,
578 1128 785 1189 pusillum
799 1127 907 1189 quid
921 1128 1175 1173 contristavi
1195 1142 1297 1172 eum
1310 1137 1353 1171 et
1365 1127 1557 1187 percussi
1570 1143 1667 1171 eum
1677 1163 1686 1172 .
1702 1146 1722 1169 υ

336 1199 455 1253 Quid
478 1215 581 1259 ergo
605 1199 711 1244 dicit
733 1199 887 1243 flatum
909 1199 990 1243 nisi
1013 1199 1224 1254 animam,
1250 1213 1350 1260 quae
1370 1207 1548 1259 propter
1569 1214 1726 1258 pecca-

332 1281 428 1316 tum
441 1286 642 1332 percussa
662 1280 706 1315 et
719 1271 971 1316 contristata
992 1272 1083 1315 est?
1098 1270 1216 1324 Quid
1233 1270 1366 1330 igitur
1386 1279 1470 1315 est:
1501 1271 1724 1315 «Omnem

335 1361 358 1386 ι)
393 1344 549 1389 flatum
562 1358 643 1403 ego
662 1341 760 1399 feci,
785 1361 805 1384 »
831 1343 912 1387 nisi
935 1357 1113 1387 omnem
1135 1342 1324 1386 animam
1345 1356 1425 1400 ego
1446 1340 1561 1387 feci?

338 1502 374 1519 Μ
381 1498 1728 1520 ΣἋὮΜΜΜΝἉΊΜΜΜΜΜΜΜΑΛΜΜΜΜΜΜῆΜΜἋΜΜΜΛὮ

859 1607 1082 1661 CAPUT
1124 1607 1204 1653 IV.

331 1757 491 1803 Deam
512 1755 755 1823 sufflando
777 1756 1069 1820 non-fhcisse
1091 1755 1152 1802 de
1174 1773 1224 1802 Se
1247 1757 1351 1816 ipso
1379 1756 1620 1811 animam,
1641 1771 1730 1801 nec·

868 1826 928 1872 cie
951 1826 1209 1872 elementis.

390 1968 467 2010 VI.
490 1967 534 2010 S1
557 1979 658 2023 ergo
687 1967 828 2009 Deum
859 1964 1101 2009 diceremus
1121 1973 1332 2026 tanquam
1354 1965 1552 2025 corporei
1574 1963 1728 2009 mundi

330 2037 460 2097 hujus
488 2036 700 2091 animam,
727 2036 798 2080 cui
831 2034 1025 2079 mundus
1057 2036 1146 2095 ipse
1182 2045 1291 2080 esset
1328 2045 1538 2096 tanquam
1570 2051 1729 2095 corpus

331 2109 462 2153 unius
493 2108 745 2162 animantis,
765 2117 880 2152 recte
910 2124 998 2152 non
1029 2123 1130 2152 eum
1158 2106 1400 2152 diceremus
1423 2107 1642 2152 sufflando
1665 2105 1730 2152 fe-

330 2182 437 2226 cisse
459 2181 647 2225 animam
666 2180 869 2235 hominis,
894 2180 973 2224 nisi
991 2195 1264 2240 corpoream,
1284 2181 1339 2224 de
1352 2180 1434 2224 isto
1458 2183 1556 2223 ae're
1574 2178 1727 2240 subja-

330 2261 455 2298 ccntc
467 2251 547 2295 sibi
563 2268 615 2295 cx
627 2266 807 2311 corpore
821 2267 922 2308 suo;
939 2266 1028 2295 non
1044 2261 1189 2295 tamen
1202 2250 1323 2312 quod
1336 2250 1503 2294 fecisset
1518 2249 1686 2294 dedisse
1694 2259 1727 2294 t-

330 2338 416 2384 que
433 2321 665 2376 sufflando,
683 2321 738 2366 de
751 2337 793 2366 sc
812 2322 903 2382 ipso
918 2320 1085 2367 dedisse
1104 2331 1256 2382 putare
1276 2320 1551 2376 deberemus,
1571 2320 1647 2364 scd
1666 2321 1728 2365 ita

331 2392 386 2438 dc
407 2391 490 2437 sibi
512 2393 706 2452 subjecto
739 2396 835 2436 aere
858 2393 1049 2453 corporis
1073 2393 1160 2448 sui,
1182 2392 1294 2439 sicut
1323 2393 1467 2439 anima
1491 2391 1546 2436 de
1568 2392 1724 2450 hujus-

382 2498 389 2514 ¹
412 2493 481 2524 lsai.
505 2502 580 2533 tvn,
605 2490 657 2531 16,
674 2492 767 2531 jutta
787 2502 868 2523 Lxx.
