1854 3219
322 233 374 258 οε
406 230 555 261 canem
588 228 642 256 AD
675 226 912 264 mmmmm,
948 226 1029 253 Lm.
1066 224 1126 251 xt.
1334 210 1418 250 549

40 293 222 349 mutari,
258 295 333 341 secl
363 297 453 357 jam
474 309 630 353 corpus
656 293 827 346 mortis,
869 292 913 335 in
935 306 1024 351 quo
1062 289 1130 333 lex
1151 288 1195 332 in
1214 287 1420 332 membris

39 375 301 423 repugnaret
320 365 405 424 legi
426 364 625 409 mentis1.
649 366 800 423 Neque
828 361 942 406 enim
975 359 1129 405 clausis
1161 358 1297 405 oculis
1318 356 1424 403 facti

38 444 183 491 erant,
214 445 257 480 et
278 437 324 481 in
340 435 538 496 paradiso
560 433 814 479 deliciarum
836 432 938 477 caeci
961 431 1274 491 palpantesque
1292 429 1422 474 ober-

46 505 203 550 rabant
217 541 228 562 ,
256 514 308 551 ut
326 506 512 551 vetitum
531 505 699 564 lignum
723 503 852 548 etiam
871 501 1111 546 nescientes
1134 500 1424 559 attingerent,

46 575 360 641 palpantesque
386 576 555 622 fructus
575 575 817 636 prohibitos
844 571 1085 631 ignorando
1121 570 1420 630 decerperent.

46 648 280 699 Quomodo
313 657 455 692 autem
490 645 689 691 animalia
717 653 760 688 et
793 642 983 689 volatilia
1017 641 1205 686 adducta
1237 649 1341 685 sunt
1373 641 1429 685 ad

46 717 209 774 Adam,
248 728 298 764 ut
320 718 485 765 videret
506 717 613 780 quid
635 733 684 761 ea
705 718 927 771 vocaretQ,
961 714 996 759 si
1022 729 1111 758 non
1140 711 1344 757 videbat?
1371 713 1429 757 Et

46 788 268 848 quomodo
290 790 381 849 ipsa
402 788 560 834 mulier
580 786 635 833 ad
648 788 790 831 virum
813 784 1001 830 adducta
1022 793 1100 839 est,
1120 781 1297 844 quando
1314 781 1431 831 facta

45 869 107 906 est
121 895 132 916 ,
157 869 208 905 ut
228 860 283 905 de
303 860 392 916 illa,
413 876 545 921 quam
566 875 657 904 non
676 857 869 912 videbat,
886 855 1071 900 diceret:
1094 857 1224 900 «Hoc
1245 869 1364 898 nunc
1382 869 1429 898 os

49 948 70 972 »
105 931 160 974 de
181 930 346 975 ossibus
368 931 473 975 meis
490 966 501 986 ,
535 939 578 974 et
613 945 712 974 caro
735 928 790 973 de
810 942 940 972 carne
961 927 1080 970 mea³
1095 961 1107 981 ‚
1136 944 1156 966 »
1182 934 1226 969 et
1245 926 1431 969 caetera?

47 1004 269 1046 Postremo
291 1000 515 1062 quomodo
536 999 646 1046 vidit
667 998 826 1044 mulier
854 998 957 1059 quia
979 997 1147 1041 bonum
1174 1004 1238 1040 est
1262 996 1431 1055 lignum

45 1071 90 1115 in
106 1086 245 1115 escam
262 1072 296 1127 ⁴,
315 1080 358 1116 et
374 1071 474 1131 quia
494 1069 636 1130 placet
658 1068 794 1114 oculis
817 1066 872 1112 ad
887 1066 1144 1122 videndum,
1156 1075 1200 1111 et
1222 1065 1432 1111 decorum

45 1151 110 1186 est
132 1157 394 1202 cognoscere
409 1177 420 1198 ‚
442 1142 476 1186 si
497 1156 649 1187 eorum
670 1139 804 1186 clausi
826 1148 950 1183 erant
969 1136 1116 1183 oculi?

104 1215 221 1257 XLI.
244 1216 334 1259 Nec
362 1222 510 1257 tamen
538 1212 636 1257 ideo
668 1220 846 1271 propter
876 1209 1005 1254 unius
1034 1207 1155 1253 verbi
1186 1206 1435 1252 translatio-

46 1299 146 1328 nem
163 1292 308 1328 totum
328 1284 511 1341 figurate
531 1281 833 1341 accipiendum
851 1289 928 1324 est.
955 1278 1123 1324 Viderit
1141 1278 1257 1322 enim
1274 1292 1432 1338 quem-

47 1353 285 1398 admodum
315 1353 472 1397 dixerit
502 1367 678 1412 serpens
713 1371 722 1397 2
762 1371 780 1392 «
807 1350 1069 1410 Aperientur
1098 1349 1219 1393 vobis
1251 1347 1382 1393 oculi.
1408 1368 1429 1396 i»

48 1427 141 1470 Hoc
162 1424 278 1469 enim
297 1439 397 1469 eum
414 1424 595 1484 scriptor
616 1422 717 1466 libri
740 1422 893 1466 dixisse
916 1420 1132 1478 narravit3
1156 1421 1201 1465 in
1219 1437 1305 1481 qua
1326 1436 1431 1466 vero

47 1495 364 1554 significatione
395 1493 466 1540 vel
501 1493 715 1538 sententia
749 1492 933 1548 dixerit,
973 1491 1125 1536 lectori
1159 1491 1432 1536 considerare

45 1566 253 1626 permisit.
275 1568 369 1611 Hoc
387 1575 533 1610 autem
552 1564 680 1625 quod
696 1564 906 1624 scriptum
924 1572 988 1608 est
1013 1583 1021 1608 :
1051 1582 1071 1605 «
1092 1566 1149 1608 Et
1170 1563 1306 1624 aperti
1328 1572 1432 1608 sunt

50 1655 71 1679 »
105 1636 220 1682 oculi
234 1652 401 1693 eorum,
419 1646 463 1681 et
474 1645 773 1695 cognoverunt
785 1636 886 1696 quia
900 1634 1008 1679 nudi
1025 1644 1163 1690 erant,
1179 1653 1199 1676 »
1220 1635 1279 1679 ita
1295 1635 1431 1696 scrip-

46 1716 141 1752 tum
163 1716 247 1762 est,
273 1706 645 1767 quemadmodum
667 1705 812 1751 omnia
828 1721 928 1766 quae
946 1714 1061 1763 gesta
1079 1714 1328 1761 narrantur,
1348 1721 1430 1751 nec

47 1787 193 1821 tamen
214 1776 312 1821 ideo
334 1776 380 1820 in
409 1775 682 1834 allegoricam
715 1775 1006 1819 narrationem
1035 1790 1113 1820 nos
1147 1774 1311 1820 debent
1343 1774 1431 1820 du-

47 1862 157 1892 cere.
189 1849 340 1907 Neque
369 1847 486 1889 enim
517 1855 561 1889 et
591 1844 867 1904 Evangelista
902 1854 1099 1889 narrator
1133 1844 1248 1890 dicta
1281 1847 1429 1907 cujus-

47 1933 176 1979 quam
201 1919 385 1977 figurata
407 1933 459 1961 ex
481 1918 571 1977 ejus
593 1932 774 1976 persona
801 1916 1043 1970 inserebat,
1069 1931 1118 1960 ac
1140 1931 1230 1960 non
1257 1932 1307 1960 ex
1329 1933 1431 1977 per-

48 2004 151 2033 sona
174 2004 249 2032 sua
266 2003 366 2048 quae
387 1987 561 2031 fuerant
580 1996 694 2044 gesta
718 1987 943 2041 narrabat,
969 2002 1070 2030 cum
1087 1986 1249 2031 diceret
1271 1987 1326 2032 de
1350 1988 1434 2033 illis

48 2058 243 2113 duobus,
263 2072 454 2117 quorum
467 2072 580 2100 unus
602 2065 694 2100 erat
711 2055 924 2115 Cleophas
938 2091 949 2111 ,
974 2055 1095 2116 quod
1116 2072 1217 2101 cum
1239 2056 1434 2115 fregisset

48 2129 108 2173 eis
121 2128 332 2173 Dominus
347 2142 521 2186 panem,
547 2126 684 2186 aperti
705 2136 807 2170 sunt
828 2125 942 2170 oculi
962 2142 1130 2183 eorum,
1156 2137 1200 2172 et
1213 2143 1432 2186 cognove-

48 2207 153 2242 runt
166 2213 267 2242 eum
288 2212 420 2257 quem
441 2212 518 2256 per
539 2196 654 2240 viam
675 2212 764 2241 non
787 2199 1104 2255 cognoverant5
1131 2216 1140 2242 :
1166 2213 1257 2241 non
1278 2199 1433 2259 utique

46 2268 201 2314 clausis
218 2266 353 2312 oculis
368 2266 656 2322 ambulantes,
682 2266 758 2311 sed
779 2282 879 2311 eum
899 2282 1156 2325 cognoscere
1174 2284 1265 2313 non
1281 2268 1434 2313 valen-

50 2339 182 2384 tibus.
203 2338 323 2383 Sicut
341 2353 444 2398 ergo
461 2338 539 2394 ibi,
560 2339 619 2383 sic
636 2353 715 2383 nec
729 2338 812 2383 isto
824 2337 921 2383 loco
938 2339 1127 2383 narratio
1144 2339 1327 2398 figurata
1349 2349 1430 2397 est,

50 2409 246 2470 quamvis
269 2407 475 2453 translato
495 2408 632 2454 verbo
656 2409 874 2469 Scriptura
896 2424 973 2454 usa
996 2408 1073 2465 sit,
1097 2418 1148 2454 ut
1169 2419 1338 2470 apertos
1361 2409 1433 2454 di-

98 2509 109 2527 ¹
130 2505 220 2537 Rom.
241 2514 296 2545 vu,
314 2504 367 2536 23.
387 2520 429 2527 —
447 2510 460 2527 ²
478 2504 558 2538 Gen.
583 2514 617 2544 n,
634 2514 685 2545 19.
707 2520 748 2528 -·
769 2502 882 2537 31bid.
901 2512 954 2537 22.
977 2520 1017 2528 -
1040 2502 1117 2538 told.
1133 2515 1184 2546 m,
1201 2504 1234 2537 6.
1253 2521 1295 2529 —
1319 2503 1334 2529 ⁵
1352 2505 1432 2541 Luc.

52 2569 139 2600 xxiv,
154 2558 207 2592 31.
