1854 3219
373 173 457 211 618
806 185 838 211 s.
876 183 1106 213 Auovsnm
1139 186 1322 214 Emscom

372 248 621 303 tormentis',
647 263 757 308 quos
788 263 878 292 esse
912 248 1144 294 solvendos
1162 240 1333 295 occulta
1355 249 1482 294 nobis
1505 265 1581 294 sua
1598 250 1767 310 justitia

366 318 618 381 judicabat,
644 334 733 363 non
756 319 974 364 immerito
997 320 1204 366 creditur.
1234 320 1466 376 Quomodo
1496 320 1612 365 enim
1642 319 1769 365 aliter

371 389 676 449 accipiendum
698 389 752 434 sit
774 390 895 450 quod
916 391 1084 436 dietum
1107 401 1171 436 est
1195 412 1204 437 ε
1236 412 1256 435 «
1282 396 1423 446 Quem
1447 394 1562 436 Deus
1585 391 1770 437 suscita-

376 483 394 505 »
430 461 493 506 vit
515 477 565 505 ex
592 461 800 517 mortuis,
831 462 982 507 solutis
1004 462 1230 509 doloribus
1253 464 1520 520 interorum,
1548 465 1652 524 quia
1679 479 1771 508 non

373 552 394 575 »
430 541 602 592 poterat
624 533 760 576 teneri
778 532 834 576 ab
857 533 951 589 eis¹,
970 551 991 574 ³)
1017 549 1107 579 non
1127 534 1273 589 video,
1295 535 1377 579 nisi
1398 544 1450 578 ut
1470 533 1770 595 quorumdam

372 603 543 649 dolores
562 603 681 663 apud
704 602 864 648 inferos
895 619 997 648 eum
1017 604 1194 650 solvisse
1224 606 1511 665 accipiamus,
1537 620 1588 650 ea
1617 615 1770 666 potes-

372 683 462 720 tate
477 691 564 735 qua
582 674 793 718 Dominus
813 683 897 730 est,
916 675 987 719 cui
1005 691 1134 720 omne
1147 690 1263 734 genu
1281 675 1490 731 flectitur,
1507 674 1768 732 coelestium,

373 746 658 799 terrestrium,
687 755 730 790 et
756 744 1029 791 infernorum
1044 749 1077 802 2,
1102 762 1180 807 per
1202 763 1335 808 quam
1358 756 1620 807 potestatem
1642 747 1773 792 etiam

375 816 459 869 illis
493 816 746 873 doloribus,
772 833 884 877 quos
916 818 1070 873 solvit,
1105 833 1196 862 non
1224 818 1369 879 potuit
1400 817 1590 863 attineri.
1621 820 1774 878 Neque

371 888 489 932 enim
507 888 752 945 Abraham,
777 889 848 933 vel
875 888 947 933 ille
970 904 1136 949 pauper
1158 889 1204 933 in
1225 889 1324 941 sinu
1347 890 1483 950 ejus3,
1506 890 1593 934 hoc
1615 898 1702 945 est,
1727 890 1776 938 in

372 969 537 1006 secreto
560 961 717 1022 quietis
738 963 852 1022 ejus,
881 961 926 1004 in
949 960 1176 1006 doloribus
1198 971 1312 1017 erat,
1345 961 1459 1005 inter
1483 977 1673 1023 quorum
1704 977 1773 1006 re-

372 1033 521 1094 quiem
536 1041 580 1076 et
595 1031 669 1076 illa
684 1030 843 1076 inferni
867 1041 1084 1076 tormenta
1106 1032 1292 1091 legimus
1315 1048 1527 1092 magnum
1548 1032 1681 1078 chaos
1700 1032 1775 1076 fir-

371 1113 540 1155 matum
569 1123 577 1148 :
602 1102 678 1147 sed
712 1118 792 1148 nee
824 1102 942 1164 apud
970 1101 1130 1147 inferos
1167 1119 1255 1147 esse
1290 1102 1397 1147 dieti
1429 1112 1548 1148 sunt.
1575 1104 1776 1163 Contigit

372 1175 487 1218 enim
505 1209 515 1229 ‚
540 1173 706 1234 inquit,
732 1174 843 1218 mori
866 1174 1046 1234 inopem
1078 1173 1206 1218 illum
1222 1209 1232 1229 ,
1259 1183 1303 1218 et
1333 1173 1496 1227 auferri
1518 1173 1574 1218 ab
1597 1173 1776 1233 Angelis

373 1246 418 1290 in
433 1245 577 1289 sinum
591 1245 777 1289 Abrahae
796 1264 804 1290 :
830 1254 1030 1289 mortuus
1053 1254 1116 1289 est
1131 1254 1279 1290 autem
1298 1254 1341 1289 et
1359 1244 1496 1302 dives,
1514 1254 1558 1290 et
1577 1244 1776 1305 sepultus

374 1325 464 1371 est,
491 1325 534 1359 et
557 1331 658 1360 eum
688 1314 807 1376 apud
836 1314 998 1360 inferos
1032 1316 1078 1359 in
1107 1307 1335 1361 tormentis
1368 1325 1501 1372 esset,
1537 1325 1581 1360 et
1602 1325 1774 1360 caetera.

376 1386 587 1430 Videmus
610 1387 757 1446 itaque
775 1386 1019 1430 inferorum
1038 1381 1309 1430 mentionem
1330 1403 1421 1431 non
1443 1402 1534 1433 esse
1556 1386 1717 1437 factam
1733 1387 1779 1435 in

376 1458 527 1518 requie
550 1457 770 1516 pauperis,
796 1456 872 1499 sed
895 1456 938 1500 in
959 1457 1173 1519 supplicio
1196 1457 1359 1502 divitis.

438 1530 595 1572 LXIV.
634 1526 755 1572 Illud
784 1527 914 1571 etiam
949 1527 1072 1587 quod
1103 1527 1240 1570 Jacob
1285 1527 1393 1572 dicit
1428 1527 1483 1572 ad
1512 1526 1623 1572 filios
1646 1543 1777 1573 suos:

381 1619 403 1642 (ε
436 1599 672 1653 Dedueetis
702 1607 916 1642 senectam
940 1613 1083 1642 meam
1111 1613 1214 1642 eum
1243 1599 1417 1643 tristitia
1438 1598 1493 1643 ad
1521 1597 1726 1655 inferos⁴‚
1756 1617 1777 1641 »

377 1668 551 1718 videtur
572 1670 657 1714 hoe
679 1670 813 1728 magis
838 1669 1030 1712 timuisse
1047 1704 1057 1724 ‚
1084 1684 1141 1712 ne
1164 1669 1298 1714 nimia
1321 1669 1492 1714 tristitia
1517 1670 1576 1714 sie
1602 1678 1781 1730 pertur-

377 1742 572 1796 baretur,
594 1749 644 1784 ut
660 1756 750 1785 non
774 1739 830 1784 ad
848 1739 1045 1802 requiem
1062 1740 1296 1786 beatorum
1318 1741 1401 1784 iret
1415 1776 1426 1796 ,
1453 1739 1529 1784 sed
1547 1741 1604 1785 ad
1621 1739 1783 1790 inferos

377 1821 676 1874 peccatorum,
701 1813 854 1872 Neque
875 1811 992 1855 enim
1017 1827 1201 1871 parvum
1225 1811 1381 1861 animae
1406 1811 1573 1862 malum
1598 1821 1662 1856 est
1680 1811 1781 1856 tris-

379 1885 496 1940 titia,
522 1898 624 1928 cum
647 1891 690 1926 et
713 1883 948 1943 Apostolus
965 1882 1142 1927 cuidam
1166 1892 1256 1926 tam
1278 1881 1460 1927 sollicite
1479 1883 1700 1938 timuerit,
1726 1898 1782 1928 ne

380 1957 542 2016 majore
566 1954 739 1998 tristitia
762 1953 1112 1998 absorberetur-5.
1140 1953 1346 2009 Proinde,
1368 1963 1418 1998 ut
1441 1950 1554 2010 dixi,
1580 1954 1784 1998 nondum

382 2026 530 2071 inveni
544 2062 555 2081 ‚
583 2035 626 2070 et
647 2025 792 2074 adhue
810 2041 978 2086 quaero,
999 2040 1080 2070 nee
1102 2025 1210 2076 mihi
1233 2025 1429 2073 occurrit
1444 2024 1606 2075 inferos
1622 2024 1784 2076 alicubi

382 2099 425 2142 in
450 2099 569 2146 bono
605 2097 799 2157 posuisse
836 2097 1106 2157 Scripturam
1133 2095 1347 2142 duntaxat
1376 2096 1632 2142 eanonicam
1658 2116 1667 2142 ε
1693 2111 1784 2142 non

384 2179 532 2213 autem
554 2169 600 2213 in
625 2169 744 2214 bono
768 2168 1070 2228 accipiendum
1094 2167 1238 2212 sinum
1260 2167 1449 2220 Abrahae
1466 2204 1477 2223 ‚
1501 2177 1545 2212 et
1569 2167 1689 2212 illam
1713 2182 1783 2211 re-

384 2241 532 2302 quiem
564 2257 652 2302 quo
682 2240 737 2285 ab
772 2239 949 2300 Angelis
981 2239 1079 2300 pius
1112 2255 1279 2300 pauper
1311 2238 1481 2284 ablatus
1509 2248 1600 2294 est,
1637 2239 1784 2283 nescio

384 2304 535 2359 utrum
559 2313 793 2374 quisquam
822 2311 957 2371 possit
990 2310 1141 2355 audire
1176 2331 1184 2356 ι
1220 2320 1264 2355 et
1299 2310 1399 2357 ideo
1431 2309 1658 2373 quomodo
1688 2325 1784 2369 eam

387 2383 506 2446 apud
521 2383 683 2429 inferos
702 2382 930 2428 credamus
953 2397 1064 2438 esse,
1090 2398 1182 2427 non
1202 2381 1345 2429 video.

436 2490 444 2505 ¹
473 2485 546 2515 Aet.
567 2494 604 2523 ιι,
622 2480 678 2524 24.
699 2497 740 2506 -—-
761 2488 773 2504 2
791 2480 902 2523 Philip.
924 2492 958 2522 u,
980 2491 1034 2514 10.
1061 2497 1102 2505 -
1125 2478 1138 2505 3
1154 2482 1231 2514 Luc.
1250 2490 1317 2521 xvi,
1343 2479 1397 2513 23.
1420 2476 1583 2513 ——4G0n.
1613 2488 1700 2519 κων,
1726 2485 1781 2518 29.

389 2557 430 2563 —-
450 2547 462 2562 ²
483 2540 555 2572 Cor.
572 2550 609 2582 ιι,
624 2550 654 2580 7.
