1854 3219
324 177 406 215 260
753 186 786 212 s.
824 186 1054 214 „ituus'rim
1089 187 1268 213 Eriseori

321 341 383 357 ΒΑΛΛ
386 341 464 357 ww)
468 339 923 356 ἵῑΜΜᾺΊΝΙ-ΊΜὶωῒνΙ-ΝἉΜ
926 340 936 354 ἱ
939 338 1392 355 ᾺὟᾺἊΜΣΜΜΜΦΙ
1395 337 1462 354 WW
1465 337 1663 355 mmm
1666 338 1712 354 W!

821 461 1038 510 CAPUT
1082 462 1143 510 IV
1156 454 1188 508 ¹.

318 608 383 653 In
405 606 512 653 Deo
531 622 632 652 esse
654 622 930 651 mensuram,
950 608 1052 651 sine
1074 621 1317 661 mensura,
1343 620 1595 650 numerum
1614 605 1718 650 sine

407 694 628 734 numero,
655 687 701 722 et
718 675 909 737 pondus
936 678 1039 722 sine
1052 674 1283 737 pondere.
1306 702 1365 711 —
1394 675 1626 722 Trim'tas.

378 818 502 860 VIII.
545 818 748 860 MAGNUM
794 824 880 871 est,
917 814 1155 875 paucisque
1192 828 1472 868 concessum‚
1511 811 1721 856 excedere

319 886 481 942 omnia,
501 903 601 948 quae
620 886 763 932 metiri
780 895 978 947 possunt,
1002 895 1051 930 ut
1062 885 1262 930 videatur
1275 899 1479 929 mensura
1497 884 1587 928 sine
1602 898 1723 927 men-

318 974 416 1004 sura
433 980 443 1017 3
462 958 669 1003 excedere
685 959 831 1003 omnia
843 994 854 1014 ,
873 974 974 1018 quae
998 957 1220 1002 numerari
1235 964 1444 1016 possunt,
1461 964 1512 1000 ut
1523 954 1722 999 videatur

317 1044 525 1073 numerus
543 1029 633 1073 sine
651 1045 859 1087 numero3
882 1031 1093 1073 excedere
1113 1028 1254 1072 omnia
1280 1044 1380 1088 quae
1406 1024 1599 1086 appendi
1621 1041 1722 1085 pos-

319 1109 435 1156 sunt,
450 1110 499 1145 ut
511 1101 713 1146 videatur
724 1100 896 1161 pondus
906 1100 997 1144 sine
1006 1098 1215 1160 pondere.
1227 1101 1380 1158 Neque
1393 1098 1510 1142 enim
1519 1112 1723 1141 mensura

319 1182 587 1218 etnumerus
608 1182 651 1217 et
670 1172 865 1233 pondus,
891 1173 936 1216 in
955 1171 1174 1232 lapidibus
1198 1170 1509 1216 tantummodo
1533 1178 1577 1212 et
1594 1168 1723 1227 lignis

317 1253 449 1304 atque
471 1244 724 1304 hujusmodi
744 1243 951 1297 molibus,
970 1253 1013 1286 et
1032 1243 1398 1303 quantiscumque
1421 1239 1724 1300 corporalibus

316 1315 386 1359 vel
417 1316 694 1360 terrestribus
724 1314 794 1360 vel
826 1313 1081 1359 coelestibus
1116 1313 1426 1368 animadverti,
1462 1321 1506 1356 et
1542 1310 1724 1370 eogitari

318 1395 476 1446 potest.
504 1390 582 1431 Est
604 1388 737 1431 etiam
759 1401 960 1430 mensura
994 1385 1162 1446 aliquid
1191 1384 1369 1443 agendi,
1402 1399 1458 1428 ne
1480 1383 1535 1427 sit
1556 1382 1723 1426 irrevo-

317 1457 467 1503 cabilis
490 1468 533 1503 et
548 1457 836 1503 immoderata
854 1457 1119 1518 progressio3
1141 1467 1184 1501 et
1202 1466 1267 1501 est
1288 1472 1498 1500 numerus
1522 1464 1565 1499 et
1587 1454 1724 1499 affec-

320 1530 492 1575 tionum
513 1530 647 1574 animi
670 1539 713 1573 et
742 1529 975 1585 virtutum,
1003 1545 1092 1590 quo
1117 1529 1171 1572 ab
1205 1528 1399 1572 stultitiae
1426 1526 1720 1581 deformitate,

320 1601 376 1645 ad
395 1601 619 1660 sapientiae
650 1600 836 1645 ieiunam
872 1601 1092 1661 decusque
1121 1599 1364 1658 colligitur3
1386 1609 1430 1643 et
1455 1608 1518 1642 cst
1550 1597 1723 1658 pondus

320 1671 559 1716 voluntatis
593 1681 636 1715 et
665 1672 845 1726 amoris,
871 1671 949 1715 ubi
973 1680 1154 1731 apparet
1180 1670 1335 1731 quanti
1358 1669 1556 1730 quidque
1578 1669 1623 1712 in
1644 1684 1723 1728 ap-

319 1743 528 1803 petendo,
554 1743 781 1801 fugiendo,
800 1743 1117 1803 praeponendo,
1139 1741 1536 1802 postponendoque
1551 1740 1723 1801 penda-

323 1824 417 1859 tur:
447 1814 523 1858 sed
548 1815 642 1858 haec
673 1814 921 1858 animorum
952 1823 1083 1874 atquc
1106 1813 1321 1857 mentium
1347 1822 1390 1856 et
1413 1827 1617 1856 mensura
1641 1810 1724 1855 alia

319 1901 521 1929 mensura
549 1885 802 1938 cohibetur,
831 1894 874 1928 et
903 1900 1110 1928 numerus
1143 1883 1228 1929 alio
1261 1899 1446 1928 numero
1482 1882 1719 1937 formatur,

321 1968 364 2003 et
387 1957 560 2018 pondus
579 1957 663 2002 alio
684 1956 880 2017 pondere
897 1956 1080 2016 rapitur.
1098 1959 1304 2000 Mensura
1325 1965 1472 1999 autem
1489 1955 1580 1999 sine
1598 1970 1723 1998 men-

321 2046 420 2074 sura
443 2039 528 2086 est,
560 2030 631 2075 eui
653 2039 855 2090 aequatur
880 2027 1003 2089 quod
1025 2027 1080 2071 de
1110 2027 1182 2072 illa
1205 2037 1290 2082 est⁷
1319 2044 1400 2072 nec
1426 2026 1602 2071 aliunde
1631 2027 1722 2086 ipsa

319 2110 408 2145 est:
440 2103 657 2145 Numerus
682 2100 773 2145 sine
807 2114 991 2143 numero
1018 2107 1101 2153 est,
1139 2114 1227 2158 quo
1263 2097 1510 2142 formantur
1546 2096 1718 2151 omnia,

321 2188 402 2215 nec
436 2170 652 2215 formatur
683 2171 801 2230 ipse:
839 2168 1017 2214 Pondus
1052 2168 1144 2213 sine
1175 2167 1370 2228 pondere
1393 2177 1472 2222 est⁷
1498 2184 1586 2227 quo
1609 2166 1722 2211 refe-

324 2251 481 2286 runtur
507 2252 553 2286 ut
573 2243 812 2302 quieseant,
840 2256 1028 2301 quorum
1052 2240 1175 2300 quies
1206 2255 1368 2299 purum
1401 2238 1610 2297 gaudium
1633 2247 1718 2293 est,

320 2329 400 2358 nec
422 2312 534 2356 illud
546 2315 638 2373 jain
657 2313 846 2356 refertur
869 2311 925 2355 ad
948 2310 1086 2354 aliud.

383 2386 461 2428 IX.
485 2383 570 2428 Sed
588 2383 766 2428 nomina
788 2398 1004 2426 mensurae
1029 2391 1072 2425 et
1095 2381 1265 2425 numeri
1284 2389 1327 2424 et
1349 2380 1571 2441 ponderis,
1597 2380 1719 2440 quis·
1775 2401 1781 2405 ·

321 2456 418 2516 quis
437 2455 611 2500 nonnisi
626 2453 852 2499 visibiliter
876 2453 1014 2508 novit,
1031 2451 1244 2497 serviliter
1268 2451 1405 2496 novit.
1425 2451 1720 2496 Transcendat

371 2560 378 2575 ¹
398 2555 432 2585 In
452 2553 546 2585 editis
564 2557 661 2595 caput
682 2562 710 2584 iv
735 2551 925 2594 principium
945 2549 1040 2582 habet
1057 2549 1097 2581 ad
1116 2550 1182 2582 liaec
1205 2548 1306 2581 verba
1328 2560 1334 2580 :
1357 2550 1476 2594 Neque
1495 2549 1597 2586 enim,
1616 2552 1679 2581 etc.
