1854 3219
0 2295 1 2322 κ

2 2483 7 2572 ἶ.

4 2586 7 2626 '.

214 227 267 252 DE
299 226 450 253 cssnssst
485 225 540 251 An
573 225 806 262 LiT'rssnAM,
835 227 1123 252 lMl’EuI-'EC'ILS
1154 226 1235 251 Lis.
1338 211 1417 250 145

37 289 227 334 neriores
243 290 294 348 iis
316 289 457 350 aquis,
478 289 638 350 quibus
655 305 812 349 corpus
834 289 1048 345 abluitur,
1069 300 1119 334 ut
1140 304 1289 334 earum
1306 304 1424 333 com-

36 360 261 419 paratione
282 360 405 405 siccae
431 368 561 420 atque
583 359 709 403 ae‘riae
732 359 1003 404 sentiantur?
1020 363 1077 405 Et
1102 361 1204 421 quia
1233 359 1287 404 de
1309 369 1423 403 terra

38 440 82 475 et
101 432 209 476 mari
223 433 314 492 jam
337 431 502 475 dictum
526 440 638 486 erat,
664 430 773 490 quid
792 447 899 491 opus
922 441 1013 476 erat
1035 432 1178 476 dicere
1203 430 1258 474 de
1292 432 1424 475 exha-

37 501 273 546 lationibus
294 517 464 558 earum,
484 500 530 546 id
552 511 637 558 est,
662 503 784 562 aquis
814 502 979 557 avium,
1006 518 1106 546 eum
1135 501 1260 546 illum
1283 506 1426 548 a'e‘rem

37 573 314 633 purissimum
353 582 397 618 et
429 572 831 633 tranquillissimum
859 573 1134 618 firmamento
1166 573 1428 618 attributum

39 642 297 688 intellexeris
310 645 329 688 Ρ

98 717 277 760 XLVII.
293 717 402 762 Nam
416 730 559 776 neque
572 715 627 760 de
643 713 836 759 fontibus
849 714 1154 759 etssuminibus
1167 715 1423 772 dictumest,

41 785 265 847 quomodo
287 785 399 830 faeta
420 786 522 830 sint.
549 785 635 839 Qui
665 785 781 830 enim
803 785 1094 846 scrupulosius
1118 786 1197 831 ista
1223 797 1429 848 quaerunt

42 865 86 902 et
105 856 340 912 disserunt,
360 857 550 901 aethereo
568 856 823 916 superlapsu
845 855 899 900 de
915 857 1024 900 mari
1041 857 1216 901 dulcem
1237 858 1431 902 invisibi-

43 929 141 974 liter
174 927 327 973 dicunt
362 928 526 972 extrahi
564 943 794 989 vaporem,
836 928 901 972 his
935 927 1138 973 videlicet
1165 930 1429 974 ascensioni-

44 999 149 1055 bus,
174 1015 282 1059 quas
303 997 427 1042 nullo
449 997 582 1042 modo
603 998 761 1042 sentire
783 1008 1034 1058 possumus:
1052 998 1154 1043 inde
1178 1000 1433 1059 conglobari

39 1069 178 1114 nubes
200 1090 211 1126 3
246 1078 377 1129 atque
415 1068 474 1112 ita
517 1078 677 1113 terram
719 1068 933 1112 imbribus
970 1067 1262 1114 madefactam
1299 1071 1434 1115 antris

38 1139 350 1185 occultioribus
369 1137 578 1183 instillare
600 1148 730 1199 atque
763 1138 966 1183 insudare
996 1147 1190 1195 tantum,
1217 1150 1432 1200 quantum

40 1218 240 1256 coactum
257 1218 300 1253 et
320 1225 398 1269 per
410 1208 601 1254 diversos
620 1210 814 1253 tramites
828 1209 999 1269 lapsum
1017 1211 1277 1270 erumpatin
1292 1210 1435 1256 fontes

41 1281 129 1326 sive
155 1296 331 1341 parvos,
365 1280 453 1324 sive
482 1278 707 1339 gignendis
741 1279 997 1324 fluminibus
1031 1279 1259 1325 indoneos.
1297 1283 1435 1342 Cujus

41 1352 104 1396 rei
132 1351 395 1396 documenta
426 1366 515 1395 esse
549 1350 733 1406 volunt,
766 1349 886 1411 quod
915 1351 1183 1395 marinarum
1222 1368 1437 1412 aquarum

43 1422 323 1467 decoctarum
338 1437 474 1481 vapor
495 1421 667 1465 sinuato
685 1420 946 1481 cooperculo
965 1431 1189 1480 exceptus,
1206 1423 1438 1468 humorem

44 1492 216 1539 dulcem
240 1492 515 1552 gustantibus
536 1492 727 1536 exhibet.
754 1496 812 1537 Et
827 1493 1031 1537 omnibus
1056 1492 1145 1537 fere
1158 1493 1439 1541 manifestum

45 1569 109 1611 e‘st
130 1564 367 1609 diminutos
381 1561 523 1608 fontes
551 1563 744 1623 inopiam
765 1564 923 1608 sentire
939 1563 1236 1624 pluviarum2.
1255 1570 1442 1613 Attesta-

46 1645 119 1681 tur
130 1644 174 1680 et
190 1634 338 1680 divina
349 1634 548 1690 historia,
568 1650 669 1678 cum
681 1634 796 1679 Elias
810 1644 1006 1694 tempore
1020 1636 1232 1680 ariditatis
1255 1637 1441 1683 imbrem

46 1716 265 1769 posceret:
277 1707 404 1767 ]ι158ἰῖ
420 1706 537 1750 enim
550 1722 652 1750 eum
668 1706 759 1766 ipse
773 1716 916 1751 oraret
937 1717 987 1751 ut
1003 1723 1113 1767 puer
1129 1724 1231 1752 suus
1248 1710 1303 1753 ad
1324 1726 1442 1755 mare

49 1778 293 1825 attenderet
312 1799 324 1836 3
363 1777 483 1822 unde
528 1794 630 1822 cum
664 1777 830 1822 videret
866 1779 968 1823 oriri
1002 1795 1261 1839 perparvam
1295 1783 1440 1826 nube-

50 1849 217 1906 culam⁷
242 1849 437 1910 pluviam
459 1849 548 1907 regi
571 1848 754 1894 sollicito
781 1848 928 1894 adesse
960 1851 1203 1907 nuntiavit,
1233 1869 1318 1912 qua
1341 1870 1442 1899 mox

51 1922 183 1967 etiam
209 1920 381 1980 fugiens
409 1919 610 1979 irrigatus
638 1929 716 1964 est.
743 1923 800 1964 Et
834 1920 972 1965 David
1001 1921 1106 1966 dicit
1131 1942 1139 1967 z
1175 1942 1194 1964 «
1227 1925 1438 1982 Domine,

56 2013 78 2036 »
112 1992 188 2054 qui
204 1991 387 2037 advocas
402 2007 560 2052 aquam
577 1991 726 2047 maris,
747 2001 790 2036 et
813 1991 1003 2036 effundis
1022 2008 1115 2037 eam
1137 2009 1266 2054 super
1287 1994 1444 2042 faciem

57 2083 101 2107 »x
113 2065 290 2109 terrae2?
305 2081 325 2104 »
351 2065 627 2122 Quapropter
639 2063 746 2106 mari
767 2063 1014 2118 nominato,
1041 2062 1096 2107 de
1119 2063 1209 2108 aliis
1233 2067 1355 2126 aquis
1367 2084 1443 2112 su-

55 2135 223 2196 perflue
252 2133 438 2189 diceret,
464 2133 552 2178 sive
582 2133 670 2178 istis
702 2132 914 2190 roriferis,
940 2150 1040 2194 quae
1074 2135 1286 2180 tenuitate
1321 2155 1444 2186 auras

56 2205 306 2253 volantibus
329 2205 482 2250 avibus
503 2205 724 2264 praebent,
745 2205 833 2250 sive
856 2198 1045 2250 fontium
1064 2222 1113 2250 ac
1135 2207 1368 2255 fluminum.
1385 2229 1395 2264 ;
1416 2214 1449 2257 si

59 2286 102 2322 et
122 2276 210 2321 illae
233 2274 579 2320 exhalationibus
602 2276 714 2320 fiunt
729 2311 740 2332 ,
766 2285 810 2321 et
830 2276 922 2321 istae
954 2277 1182 2338 reciprocis
1204 2280 1419 2327 imbribus
1434 2319 1445 2339 ,

60 2364 169 2411 quos
182 2357 296 2393 terra
318 2347 486 2405 sorbet,
511 2356 730 2392 emanant.

111 2452 119 2468 ¹
142 2445 161 2478 3
180 2447 257 2487 Reg.
275 2455 365 2487 xvm,
384 2443 439 2487 43.
460 2461 502 2468 --
523 2451 536 2467 ²
556 2446 652 2478 Forte
669 2456 714 2478 ex
732 2445 832 2477 Amos
848 2455 878 2486 v,
897 2445 936 2487 5,
958 2452 989 2478 et
1007 2457 1052 2488 ix,
1071 2446 1105 2479 6.

279 2625 383 2656 cxu.
1244 2622 1292 2660 10
