1854 3219
321 238 374 264 DE
406 237 557 265 GENESI
589 236 644 264 AD
676 236 1020 276 LITTERAM7L113.
1048 239 1108 264 1x.
1344 213 1433 262 467*

41 300 222 345 brorum
237 335 249 357 ⁷
274 302 419 346 omnia
437 303 596 347 viscera
611 336 622 355 ‚
656 317 805 346 sensus
827 318 976 347 omncs
990 338 1000 358 ‚
1027 311 1072 346 et
1092 300 1309 362 quidquid
1338 309 1430 344 erat

41 387 131 431 quo
151 371 225 416 illa
242 408 253 429 ,
277 382 321 418 et
341 381 560 428 creatura,
585 381 630 430 et
657 372 789 416 homo
809 408 819 427 ‚
847 382 890 416 et
910 372 1091 417 foemina
1114 382 1226 427 erat,
1256 370 1430 416 nonnisi

41 441 88 486 in
109 441 185 488 illo
199 459 328 504 opere
348 443 426 488 Dei
445 443 612 488 factum
627 478 638 499 ‚
654 443 775 504 quod
792 447 905 488 Deus
921 460 1009 488 non
1025 459 1102 503 per
1118 443 1305 501 Angelos
1318 478 1328 498 ‚
1354 441 1430 486 sed

40 527 119 572 per
139 514 416 574 semetipsum
432 548 443 570 ⁷
468 530 558 559 non
580 523 781 574 operatus
803 523 866 558 est
888 524 932 558 et
953 513 1138 570 dimisit,
1159 513 1234 558 sed
1256 513 1314 557 ita
1328 528 1430 557 con-

41 585 263 630 tinuanter
284 595 504 646 operatur,
537 595 588 630 ut
611 601 692 630 nec
715 585 907 630 ullarum
935 585 1116 630 aliarum
1146 600 1316 641 rerum,
1347 600 1429 629 nec

42 656 236 716 ipsorum
256 657 524 717 Angelorum
545 667 701 704 natura
718 657 923 703 subsistat
938 693 949 715 ,
974 658 1008 704 si
1025 674 1115 704 non
1136 667 1356 718 operetur.

43 812 1424 842 wwmmwwmmwwwwwwwwywvwwwwwwumwwvwvwwwwwwwwm

538 938 757 988 CAPUT
794 940 929 989 XVI.

49 1079 283 1127 'lhrdc'tas
308 1082 492 1144 ingenii
510 1080 715 1129 humani
732 1099 829 1129 non
850 1085 1123 1143 assequitur
1141 1099 1293 1143 opera
1314 1082 1425 1128 Dei.

100 1221 269 1266 XXIX.
293 1221 378 1265 SED
394 1220 604 1280 quoniam
624 1235 798 1264 earnem
826 1219 1060 1264 animatam
1083 1229 1214 1280 atque
1236 1219 1430 1264 sentien-

42 1299 131 1334 tem
147 1299 364 1351 quantum
384 1300 586 1336 naturam
607 1307 752 1336 rerum
774 1307 854 1351 pro
874 1292 1069 1336 humano
1091 1301 1224 1351 captu
1248 1291 1431 1352 experiri

41 1362 280 1420 potuimus,
295 1378 384 1407 non
401 1363 601 1408 novimus
616 1363 750 1418 nasci⁷
762 1363 844 1407 nisi
858 1373 933 1407 aut
949 1362 1102 1407 existis
1115 1372 1323 1423 tanquam
1337 1379 1432 1407 ma-

42 1429 265 1477 terialibus
280 1431 519 1488 elementis,
531 1434 615 1478 hoc
628 1443 706 1488 est,
719 1449 831 1493 aqua
845 1442 888 1477 et
904 1442 1029 1487 terra,
1042 1442 1118 1477 aut
1135 1449 1185 1476 ex
1199 1433 1434 1478 fruticibus

42 1504 113 1550 vel
130 1503 351 1562 lignorum
370 1503 587 1550 fructibus
600 1540 610 1560 ‚
632 1504 702 1549 vel
724 1505 852 1549 etiam
875 1520 926 1549 ex
944 1504 1146 1548 carnibus
1160 1504 1430 1559 animalium,

43 1577 155 1621 sicut
180 1577 514 1621 innumerabilia
543 1592 700 1635 genera
722 1577 937 1620 vermium
965 1576 1052 1620 sive
1086 1577 1306 1636 reptilium
1323 1612 1333 1632 ‚
1361 1586 1436 1621 aut

43 1656 159 1692 certe
175 1664 228 1692 ex
245 1647 487 1692 concubitu
510 1657 744 1707 parentum
761 1683 772 1703 ,
794 1647 963 1692 nullam
990 1656 1137 1691 autem
1161 1664 1336 1692 carnem
1358 1665 1437 1692 na-

45 1727 134 1763 tam
156 1719 312 1763 scimus
330 1734 383 1762 ex
399 1734 529 1763 carne
551 1718 781 1779 cujuslibet
803 1719 1034 1762 animantis
1051 1753 1062 1772 ‚
1095 1735 1194 1779 quae
1216 1729 1305 1763 tam
1327 1729 1439 1764 esset

44 1789 85 1833 ei
113 1789 289 1845 similis,
329 1799 379 1834 ut
405 1805 508 1834 sexu
540 1799 713 1833 tantum
745 1788 1090 1848 discerneretur3
1123 1790 1358 1849 quaerimus
1388 1791 1435 1834 in

42 1860 175 1911 rebus
196 1860 424 1905 creationis
454 1861 584 1920 hujus
609 1859 938 1904 similitudinem
952 1896 966 1915 ,
990 1877 1079 1921 qua
1102 1859 1259 1904 mulier
1282 1860 1336 1905 de
1354 1860 1435 1905 viri

45 1931 180 1976 latere
209 1931 323 1976 facta
345 1941 409 1976 est
425 1967 436 1988 ,
470 1947 550 1976 nec
572 1947 801 1991 possumus
825 1931 1019 1976 invenire
1046 1951 1054 1976 :
1085 1947 1176 1976 non
1200 1933 1257 1976 ob
1287 1931 1407 1976 aliud
1422 1968 1433 1989 ,

46 2002 127 2048 nisi
148 2003 251 2063 quia
271 2003 470 2048 homines
491 2001 866 2063 quemadmodum
895 2011 1130 2062 operentur
1152 2003 1198 2046 in
1220 2003 1300 2047 hac
1323 2012 1438 2048 terra

46 2075 248 2120 novimus
267 2110 277 2130 ‚
309 2073 680 2135 quemadmodum
710 2083 857 2118 autem
889 2073 1046 2133 Aug-eli
1075 2075 1119 2118 in
1152 2074 1236 2119 hoc
1270 2076 1438 2120 mundo

47 2144 241 2206 quodam
270 2144 405 2189 modo
441 2144 754 2202 agricolentur,
785 2160 875 2188 non
899 2144 1052 2205 utique
1080 2145 1296 2190 novimus.
1328 2148 1438 2191 Nam

47 2215 244 2276 profecto
262 2215 297 2260 si
313 2224 478 2259 remota
494 2215 723 2259 hominum
744 2213 956 2258 industria
978 2213 1187 2260 fruticum
1205 2231 1339 2274 genus
1356 2233 1439 2261 na-

49 2295 160 2331 turae
186 2301 339 2331 cursus
363 2294 632 2346 operaretur,
667 2285 779 2329 nihil
801 2285 919 2330 aliud
952 2300 1199 2342 nossemus,
1225 2303 1356 2347 quam
1388 2304 1440 2332 ex

49 2367 164 2402 terra
184 2357 302 2402 nasci
321 2358 495 2402 arbores
515 2366 559 2401 et
579 2357 736 2401 herhas
753 2392 764 2412 ,
785 2366 828 2401 et
846 2373 898 2400 ex
920 2372 1067 2401 earum
1092 2357 1329 2402 seminibus
1346 2394 1356 2414 ‚
1383 2359 1438 2402 ab

50 2429 109 2473 eis
140 2427 292 2472 itidem
325 2428 372 2472 in
399 2436 557 2472 terram
585 2426 841 2472 cadentibus
864 2447 872 2472 ε
899 2427 1117 2489 numquid
1148 2429 1440 2474 innotesceret

51 2499 174 2544 nobis
191 2497 300 2560 quid
315 2497 476 2543 valeret
491 2498 651 2554 insitio,
667 2507 718 2542 ut
733 2498 908 2549 alterius
923 2499 1088 2557 generis
1103 2499 1276 2559 lignum
1294 2500 1437 2545 radice

51 2569 245 2630 propria,
280 2584 410 2629 poma
430 2577 623 2629 portaret
654 2567 792 2613 aliena
809 2603 820 2624 ‚
847 2578 917 2625 et,
943 2568 1210 2615 coalescente
1240 2570 1408 2615 unitate
1424 2607 1435 2627 ,

1211 2642 1276 2681 30.
