1854 3219
380 175 466 214 306
846 186 879 213 s.
915 186 1144 216 Aucusnm
1177 189 1358 216 EPISCOPI

367 251 524 312 septies
556 250 774 310 intelligas
806 253 1041 312 repetitum
1062 290 1072 309 ‚
1108 263 1158 298 ut
1190 255 1347 298 fierent
1379 261 1543 313 septem
1576 253 1704 310 dies3·
1729 263 1774 298 et

368 338 469 367 cum
493 320 616 366 audis
639 330 746 366 tune
778 321 892 367 facta
923 324 1093 379 omnia,
1120 340 1220 368 cnm
1252 323 1393 368 factus
1423 333 1488 367 est
1514 323 1626 378 dies,
1651 323 1770 369 illam

365 394 578 439 senariam
594 392 661 438 vel
678 394 968 454 septenariam
983 397 1289 456 repetitionem
1303 397 1394 440 sine
1415 394 1656 440 intervallis
1671 411 1770 441 mo-

367 481 514 510 rarum
546 465 874 527 spatiorumque
899 467 1209 527 temporalium
1239 467 1422 523 factam,
1448 467 1482 511 si
1504 467 1660 527 possis,
1688 482 1768 527 ap—

367 536 641 596 prehendas3
661 536 693 581 si
715 536 915 582 nondum
936 539 1069 598 possis
1082 575 1092 594 ,
1108 539 1202 583 haee
1221 538 1442 598 relinquas
1461 538 1768 598 conspicienda

363 606 637 653 valentibus:
670 617 720 652 tu
743 618 890 653 autem
918 610 1141 670 Scriptura
1163 625 1254 654 non
1281 608 1511 653 deserente
1533 609 1768 654 infirmita-

364 686 452 721 tem
478 688 614 733 tuam,
641 687 684 722 et
709 688 909 724 materno
935 680 1105 725 incessu
1138 690 1285 725 tecum
1312 679 1479 724 tardius
1510 678 1768 723 ambulante

365 749 593 808 proficias3
617 766 718 810 quae
751 750 812 795 sic
833 750 1052 812 loquitur,
1079 760 1129 795 ut
1164 749 1398 795 altitudine
1427 750 1638 810 superbos
1666 750 1766 794 irri-

364 820 481 876 deat,
498 819 800 881 profunditate
813 831 1003 867 attentos
1018 831 1190 879 terreat,
1204 822 1387 868 veritate
1399 836 1582 881 magnos
1600 831 1763 882 pascat,

366 890 624 938 affabilitate
646 892 852 954 parvulos
870 893 1051 938 nutriat.

372 1039 612 1057 mmm
1068 1039 1758 1058 QWMMMNVWWUWUWUMNWW

877 1164 1097 1215 CAPUT
1142 1166 1229 1213 IV.

364 1307 671 1372 Carfoenam
693 1318 967 1369 antequam
999 1309 1275 1355 exoriretur
1278 1308 1487 1372 factam
1493 1308 1659 1373 faisse
1688 1306 1763 1354 dc·-

999 1389 1139 1426 cztar.

422 1520 522 1563 VII.
545 1519 660 1572 Qum
680 1518 762 1562 sibi
782 1533 884 1577 ergo
910 1518 1007 1564 vult
1031 1519 1164 1564 etiam
1186 1518 1311 1580 quod
1333 1519 1555 1580 sequitur:
1578 1534 1683 1564 nam
1702 1518 1762 1564 ita

366 1604 510 1634 sermo
528 1589 798 1635 contexitur:
821 1609 841 1632 «
859 1592 973 1636 Cum
992 1589 1133 1635 factus
1147 1600 1211 1635 est
1223 1589 1331 1645 dies,
1345 1588 1448 1635 fecit
1465 1593 1579 1635 Deus
1598 1589 1762 1635 coelum

369 1678 390 1702 »
427 1669 469 1704 et
493 1670 673 1717 terram,
696 1670 739 1705 et
767 1677 896 1706 omne
923 1660 1062 1705 viride
1092 1662 1206 1721 agri,
1233 1671 1469 1723 antequam
1497 1670 1609 1706 esset
1631 1677 1762 1722 super

366 1749 388 1774 »
423 1741 599 1783 terram,
613 1741 655 1776 et
670 1748 799 1777 omne
813 1732 987 1776 foenum
1006 1733 1114 1792 agri,
1134 1742 1371 1793 antequam
1391 1741 1591 1777 exortum
1609 1735 1716 1778 est¹.
1737 1751 1757 1774 »

361 1803 481 1857 Quid
503 1813 567 1848 est
587 1804 700 1848 hoc?
723 1806 879 1849 Nonne
905 1802 1195 1865 quaerendum
1228 1813 1292 1848 est
1314 1804 1391 1848 ubi
1413 1820 1462 1848 ea
1487 1802 1657 1859 fecerit,
1680 1819 1761 1848 an·-

363 1884 544 1936 tequam
573 1885 715 1920 essent
741 1882 872 1935 super
901 1885 1080 1931 terram,
1109 1885 1153 1920 et
1174 1885 1410 1936 antequam
1445 1885 1595 1920 exorta
1627 1877 1762 1920 suut?

363 1947 470 2000 Quis
499 1946 614 1991 enim
642 1963 732 1992 non
759 1946 993 2008 proclivius
1015 1947 1209 1992 crederet
1232 1957 1338 1993 tunc
1360 1963 1409 1992 ea
1432 1950 1572 1992 Deum
1592 1945 1757 2002 fecisse,

360 2034 462 2063 cum
487 2028 633 2063 exorta
666 2027 783 2074 sunt,
804 2034 895 2063 non
916 2027 1152 2079 antequam
1175 2028 1322 2063 exorta
1352 2027 1476 2074 sunt,
1502 2018 1584 2062 nisi
1607 2016 1760 2062 admo-

359 2098 539 2133 neretur
567 2090 652 2134 hoc
682 2088 829 2134 divino
855 2089 1031 2150 eloquio
1062 2090 1142 2133 ista
1164 2092 1307 2134 Deum
1339 2089 1488 2133 fecisse
1521 2098 1758 2149 antequam

354 2161 645 2216 exorirentur,
671 2170 721 2205 ut
739 2161 772 2206 si
794 2161 872 2204 ubi
889 2159 1006 2205 facta
1028 2160 1136 2216 sint,
1162 2160 1359 2206 invenire
1381 2175 1472 2204 non
1489 2160 1647 2219 possit,
1665 2175 1760 2204 cre-

356 2232 432 2278 dat
454 2243 601 2279 tamen
629 2242 728 2278 ante
750 2231 866 2278 facta
888 2249 1023 2294 quam
1049 2242 1221 2289 exorta,
1249 2231 1448 2294 quisquis
1476 2231 1581 2276 huic
1610 2232 1759 2293 Scrip-

357 2314 469 2351 turae
495 2306 563 2366 pie
588 2304 753 2364 credit3
773 2305 907 2366 impie
930 2305 1094 2366 quippe
1117 2321 1208 2350 non
1230 2304 1383 2349 credit.

411 2380 536 2424 VIII.
564 2378 682 2432 Quid
709 2394 812 2438 ergo
837 2377 1066 2423 dicemus?
1087 2381 1157 2423 An
1189 2375 1312 2439 quod
1342 2375 1547 2422 nonnulli
1568 2385 1756 2437 putave-

357 2459 463 2498 runt
482 2449 531 2495 in
551 2450 645 2511 ipso
667 2450 813 2496 Verbo
836 2449 915 2495 Dei
935 2449 1052 2497 facta
1076 2449 1222 2498 omnia
1237 2484 1250 2506 ,
1270 2457 1509 2510 antequam
1531 2447 1757 2494 exoriren-

411 2555 421 2572 ¹
438 2551 520 2583 Genz
533 2559 572 2592 11,
591 2548 624 2592 4.
