<?xml version="1.0" encoding="UTF-8"?>
<!DOCTYPE html PUBLIC "-//W3C//DTD XHTML 1.0 Transitional//EN"
    "http://www.w3.org/TR/xhtml1/DTD/xhtml1-transitional.dtd">
<html xmlns="http://www.w3.org/1999/xhtml" xml:lang="en" lang="en">
 <head>
  <title>
</title>
<meta http-equiv="Content-Type" content="text/html;charset=utf-8" />
  <meta name='ocr-system' content='tesseract 3.04.00' />
  <meta name='ocr-capabilities' content='ocr_page ocr_carea ocr_par ocr_line ocrx_word'/>
</head>
<body>
  <div class='ocr_page' id='page_1' title='image "./operaomniaaccura05auguuoft_0249.png"; bbox 0 0 1854 3219; ppageno 0'>
   <div class='ocr_carea' id='block_1_1' title="bbox 386 213 1477 263">
    <p class='ocr_par' dir='ltr' id='par_1_1' title="bbox 386 213 1477 263">
     <span class='ocr_line' id='line_1_1' title="bbox 386 213 1477 263; baseline -0.005 -7"><span class='ocrx_word' id='word_1_1' title='bbox 386 229 438 256; x_wconf 72' lang='lat'>1313</span> <span class='ocrx_word' id='word_1_2' title='bbox 471 228 622 256; x_wconf 73' lang='lat' dir='ltr'>GENEst</span> <span class='ocrx_word' id='word_1_3' title='bbox 656 226 710 254; x_wconf 69' lang='lat' dir='ltr'>An</span> <span class='ocrx_word' id='word_1_4' title='bbox 744 224 985 263; x_wconf 72' lang='lat' dir='ltr'>LiTTEnAivt,</span> <span class='ocrx_word' id='word_1_5' title='bbox 1022 225 1104 251; x_wconf 76' lang='lat' dir='ltr'>Lm.</span> <span class='ocrx_word' id='word_1_6' title='bbox 1141 225 1208 250; x_wconf 87' lang='lat'>111.</span> <span class='ocrx_word' id='word_1_7' title='bbox 1393 213 1477 251; x_wconf 68' lang='lat'>229</span> 
     </span>
    </p>
   </div>
   <div class='ocr_carea' id='block_1_2' title="bbox 86 289 1488 2201">
    <p class='ocr_par' dir='ltr' id='par_1_2' title="bbox 88 289 1480 709">
     <span class='ocr_line' id='line_1_2' title="bbox 90 289 1477 350; baseline -0.006 -10"><span class='ocrx_word' id='word_1_8' title='bbox 90 304 192 340; x_wconf 87' lang='lat' dir='ltr'>sunt</span> <span class='ocrx_word' id='word_1_9' title='bbox 226 295 272 339; x_wconf 91' lang='lat' dir='ltr'>in</span> <span class='ocrx_word' id='word_1_10' title='bbox 307 294 532 338; x_wconf 76' lang='lat' dir='ltr'>animabus</span> <span class='ocrx_word' id='word_1_11' title='bbox 561 292 668 336; x_wconf 89' lang='lat' dir='ltr'>vivis</span> <span class='ocrx_word' id='word_1_12' title='bbox 701 291 871 350; x_wconf 85' lang='lat' dir='ltr'>reptilia</span> <span class='ocrx_word' id='word_1_13' title='bbox 901 290 970 334; x_wconf 83' lang='lat' dir='ltr'>vel</span> <span class='ocrx_word' id='word_1_14' title='bbox 999 289 1219 342; x_wconf 80' lang='lat' dir='ltr'>volatilia3</span> <span class='ocrx_word' id='word_1_15' title='bbox 1249 290 1358 334; x_wconf 88' lang='lat' dir='ltr'>sicut</span> <span class='ocrx_word' id='word_1_16' title='bbox 1391 289 1477 334; x_wconf 91' lang='lat' dir='ltr'>dici</span> 
     </span>
     <span class='ocr_line' id='line_1_3' title="bbox 89 360 1480 426; baseline -0.002 -18"><span class='ocrx_word' id='word_1_17' title='bbox 89 374 232 426; x_wconf 87' lang='lat' dir='ltr'>posset</span> <span class='ocrx_word' id='word_1_18' title='bbox 252 363 458 424; x_wconf 81' lang='lat' dir='ltr'>ignobilia</span> <span class='ocrx_word' id='word_1_19' title='bbox 478 363 706 410; x_wconf 87' lang='lat' dir='ltr'>hominum</span> <span class='ocrx_word' id='word_1_20' title='bbox 723 397 734 418; x_wconf 83' lang='lat'><strong>‚</strong></span> <span class='ocrx_word' id='word_1_21' title='bbox 754 371 804 406; x_wconf 90' lang='lat' dir='ltr'>ut</span> <span class='ocrx_word' id='word_1_22' title='bbox 818 361 1155 419; x_wconf 79' lang='lat' dir='ltr'><strong>intelligeremus</strong></span> <span class='ocrx_word' id='word_1_23' title='bbox 1175 396 1187 416; x_wconf 81' lang='lat'>,</span> <span class='ocrx_word' id='word_1_24' title='bbox 1213 360 1480 421; x_wconf 84' lang='lat' dir='ltr'>quicumque</span> 
     </span>
     <span class='ocr_line' id='line_1_4' title="bbox 89 433 1480 494; baseline -0.002 -13"><span class='ocrx_word' id='word_1_25' title='bbox 89 446 191 481; x_wconf 86' lang='lat' dir='ltr'>sunt</span> <span class='ocrx_word' id='word_1_26' title='bbox 213 437 258 480; x_wconf 92' lang='lat' dir='ltr'>in</span> <span class='ocrx_word' id='word_1_27' title='bbox 280 435 528 480; x_wconf 84' lang='lat' dir='ltr'>hominibus</span> <span class='ocrx_word' id='word_1_28' title='bbox 551 433 776 493; x_wconf 81' lang='lat' dir='ltr'>ignobiles.</span> <span class='ocrx_word' id='word_1_29' title='bbox 803 436 1066 494; x_wconf 79' lang='lat' dir='ltr'>Quanquam</span> <span class='ocrx_word' id='word_1_30' title='bbox 1089 433 1204 477; x_wconf 89' lang='lat' dir='ltr'>enim</span> <span class='ocrx_word' id='word_1_31' title='bbox 1226 435 1311 478; x_wconf 87' lang='lat' dir='ltr'>sint</span> <span class='ocrx_word' id='word_1_32' title='bbox 1325 443 1368 478; x_wconf 88' lang='lat' dir='ltr'>et</span> <span class='ocrx_word' id='word_1_33' title='bbox 1385 434 1480 478; x_wconf 87' lang='lat' dir='ltr'>ani-</span> 
     </span>
     <span class='ocr_line' id='line_1_5' title="bbox 89 504 1479 566; baseline -0.001 -14"><span class='ocrx_word' id='word_1_34' title='bbox 89 507 218 552; x_wconf 84' lang='lat' dir='ltr'>malia</span> <span class='ocrx_word' id='word_1_35' title='bbox 230 505 444 551; x_wconf 77' lang='lat' dir='ltr'>terrestria</span> <span class='ocrx_word' id='word_1_36' title='bbox 461 541 471 561; x_wconf 70' lang='lat'>⁷</span> <span class='ocrx_word' id='word_1_37' title='bbox 486 522 584 566; x_wconf 82' lang='lat' dir='ltr'>quae</span> <span class='ocrx_word' id='word_1_38' title='bbox 598 513 757 565; x_wconf 90' lang='lat' dir='ltr'>repunt</span> <span class='ocrx_word' id='word_1_39' title='bbox 770 520 899 564; x_wconf 88' lang='lat' dir='ltr'>super</span> <span class='ocrx_word' id='word_1_40' title='bbox 912 513 1071 548; x_wconf 89' lang='lat' dir='ltr'>terram</span> <span class='ocrx_word' id='word_1_41' title='bbox 1084 525 1094 561; x_wconf 75' lang='lat'>3</span> <span class='ocrx_word' id='word_1_42' title='bbox 1110 513 1256 548; x_wconf 89' lang='lat' dir='ltr'>tamen</span> <span class='ocrx_word' id='word_1_43' title='bbox 1272 520 1322 548; x_wconf 80' lang='lat' dir='ltr'>ex</span> <span class='ocrx_word' id='word_1_44' title='bbox 1336 504 1479 550; x_wconf 89' lang='lat' dir='ltr'>multo</span> 
     </span>
     <span class='ocr_line' id='line_1_6' title="bbox 88 574 1476 640; baseline -0.001 -17"><span class='ocrx_word' id='word_1_45' title='bbox 88 581 249 640; x_wconf 82' lang='lat' dir='ltr'>majore</span> <span class='ocrx_word' id='word_1_46' title='bbox 273 593 455 622; x_wconf 85' lang='lat' dir='ltr'>numero</span> <span class='ocrx_word' id='word_1_47' title='bbox 477 577 660 638; x_wconf 86' lang='lat' dir='ltr'>pedibus</span> <span class='ocrx_word' id='word_1_48' title='bbox 688 586 942 631; x_wconf 80' lang='lat' dir='ltr'>moventur,</span> <span class='ocrx_word' id='word_1_49' title='bbox 968 586 1011 621; x_wconf 88' lang='lat' dir='ltr'>et</span> <span class='ocrx_word' id='word_1_50' title='bbox 1035 586 1122 621; x_wconf 87' lang='lat' dir='ltr'>tam</span> <span class='ocrx_word' id='word_1_51' title='bbox 1143 592 1280 636; x_wconf 86' lang='lat' dir='ltr'>pauca</span> <span class='ocrx_word' id='word_1_52' title='bbox 1297 574 1476 622; x_wconf 84' lang='lat' dir='ltr'>fortasse</span> 
     </span>
     <span class='ocr_line' id='line_1_7' title="bbox 88 647 1305 709; baseline -0.002 -16"><span class='ocrx_word' id='word_1_53' title='bbox 88 651 132 694; x_wconf 90' lang='lat' dir='ltr'>in</span> <span class='ocrx_word' id='word_1_54' title='bbox 156 650 279 694; x_wconf 84' lang='lat' dir='ltr'>terris</span> <span class='ocrx_word' id='word_1_55' title='bbox 306 658 485 708; x_wconf 78' lang='lat' dir='ltr'>repunt,</span> <span class='ocrx_word' id='word_1_56' title='bbox 511 664 642 709; x_wconf 87' lang='lat' dir='ltr'>quam</span> <span class='ocrx_word' id='word_1_57' title='bbox 664 664 803 708; x_wconf 84' lang='lat' dir='ltr'>pauca</span> <span class='ocrx_word' id='word_1_58' title='bbox 821 648 867 691; x_wconf 90' lang='lat' dir='ltr'>in</span> <span class='ocrx_word' id='word_1_59' title='bbox 889 648 1010 709; x_wconf 90' lang='lat' dir='ltr'>aquis</span> <span class='ocrx_word' id='word_1_60' title='bbox 1033 647 1305 707; x_wconf 82' lang='lat' dir='ltr'>gradiuntur.</span> 
     </span>
    </p>

    <p class='ocr_par' dir='ltr' id='par_1_3' title="bbox 86 715 1488 2201">
     <span class='ocr_line' id='line_1_8' title="bbox 89 715 1480 779; baseline -0.001 -15"><span class='ocrx_word' id='word_1_61' title='bbox 89 715 93 718; x_wconf 38' lang='lat'><strong>⁴</strong></span> <span class='ocrx_word' id='word_1_62' title='bbox 147 723 248 764; x_wconf 86' lang='lat' dir='ltr'><strong>XII.</strong></span> <span class='ocrx_word' id='word_1_63' title='bbox 284 718 495 765; x_wconf 85' lang='lat' dir='ltr'>Nonnulli</span> <span class='ocrx_word' id='word_1_64' title='bbox 528 728 673 763; x_wconf 84' lang='lat' dir='ltr'>autem</span> <span class='ocrx_word' id='word_1_65' title='bbox 706 728 974 778; x_wconf 86' lang='lat' dir='ltr'>putaverunt</span> <span class='ocrx_word' id='word_1_66' title='bbox 999 728 1229 779; x_wconf 87' lang='lat' dir='ltr'>propterea</span> <span class='ocrx_word' id='word_1_67' title='bbox 1267 734 1356 764; x_wconf 92' lang='lat' dir='ltr'>non</span> <span class='ocrx_word' id='word_1_68' title='bbox 1384 718 1480 763; x_wconf 88' lang='lat' dir='ltr'>ani-</span> 
     </span>
     <span class='ocr_line' id='line_1_9' title="bbox 87 790 1483 850; baseline -0.001 -15"><span class='ocrx_word' id='word_1_69' title='bbox 87 808 202 836; x_wconf 86' lang='lat' dir='ltr'>mam</span> <span class='ocrx_word' id='word_1_70' title='bbox 219 792 376 846; x_wconf 82' lang='lat' dir='ltr'>vivam,</span> <span class='ocrx_word' id='word_1_71' title='bbox 402 790 477 834; x_wconf 89' lang='lat' dir='ltr'>sed</span> <span class='ocrx_word' id='word_1_72' title='bbox 498 810 517 833; x_wconf 70' lang='grc' dir='ltr'>(ι</span> <span class='ocrx_word' id='word_1_73' title='bbox 531 790 718 850; x_wconf 83' lang='lat' dir='ltr'>Reptilia</span> <span class='ocrx_word' id='word_1_74' title='bbox 732 791 975 835; x_wconf 86' lang='lat' dir='ltr'>animarum</span> <span class='ocrx_word' id='word_1_75' title='bbox 990 791 1188 835; x_wconf 88' lang='lat' dir='ltr'>vivarum</span> <span class='ocrx_word' id='word_1_76' title='bbox 1205 790 1377 850; x_wconf 87' lang='lat' dir='ltr'>»pisces</span> <span class='ocrx_word' id='word_1_77' title='bbox 1395 806 1483 834; x_wconf 88' lang='lat' dir='ltr'>esse</span> 
     </span>
     <span class='ocr_line' id='line_1_10' title="bbox 88 860 1482 922; baseline -0.001 -15"><span class='ocrx_word' id='word_1_78' title='bbox 88 861 348 922; x_wconf 82' lang='lat' dir='ltr'>appellatos,</span> <span class='ocrx_word' id='word_1_79' title='bbox 390 860 511 922; x_wconf 88' lang='lat' dir='ltr'>quod</span> <span class='ocrx_word' id='word_1_80' title='bbox 542 861 600 905; x_wconf 90' lang='lat' dir='ltr'>eis</span> <span class='ocrx_word' id='word_1_81' title='bbox 636 862 842 906; x_wconf 87' lang='lat' dir='ltr'>memoria</span> <span class='ocrx_word' id='word_1_82' title='bbox 871 860 992 906; x_wconf 88' lang='lat' dir='ltr'>nulla</span> <span class='ocrx_word' id='word_1_83' title='bbox 1025 862 1099 917; x_wconf 79' lang='lat' dir='ltr'>sit,</span> <span class='ocrx_word' id='word_1_84' title='bbox 1123 876 1204 905; x_wconf 90' lang='lat' dir='ltr'>nec</span> <span class='ocrx_word' id='word_1_85' title='bbox 1226 861 1370 922; x_wconf 87' lang='lat' dir='ltr'>aliqua</span> <span class='ocrx_word' id='word_1_86' title='bbox 1392 861 1482 906; x_wconf 88' lang='lat' dir='ltr'>vita</span> 
     </span>
     <span class='ocr_line' id='line_1_11' title="bbox 86 932 1477 992; baseline -0.001 -13"><span class='ocrx_word' id='word_1_87' title='bbox 86 934 208 979; x_wconf 87' lang='lat' dir='ltr'>velut</span> <span class='ocrx_word' id='word_1_88' title='bbox 243 934 400 978; x_wconf 87' lang='lat' dir='ltr'>rationi</span> <span class='ocrx_word' id='word_1_89' title='bbox 430 933 626 978; x_wconf 90' lang='lat' dir='ltr'>vicinior.</span> <span class='ocrx_word' id='word_1_90' title='bbox 660 933 746 978; x_wconf 89' lang='lat' dir='ltr'>Sed</span> <span class='ocrx_word' id='word_1_91' title='bbox 775 932 888 978; x_wconf 85' lang='lat' dir='ltr'>fallit</span> <span class='ocrx_word' id='word_1_92' title='bbox 915 948 986 978; x_wconf 89' lang='lat' dir='ltr'>eos</span> <span class='ocrx_word' id='word_1_93' title='bbox 1017 933 1280 992; x_wconf 78' lang='lat' dir='ltr'>experientia</span> <span class='ocrx_word' id='word_1_94' title='bbox 1318 933 1477 978; x_wconf 89' lang='lat' dir='ltr'>minor.</span> 
     </span>
     <span class='ocr_line' id='line_1_12' title="bbox 86 1004 1483 1065; baseline -0.003 -15"><span class='ocrx_word' id='word_1_95' title='bbox 86 1008 196 1050; x_wconf 87' lang='lat' dir='ltr'>Nam</span> <span class='ocrx_word' id='word_1_96' title='bbox 218 1004 396 1065; x_wconf 81' lang='lat' dir='ltr'>quidam</span> <span class='ocrx_word' id='word_1_97' title='bbox 418 1005 685 1064; x_wconf 84' lang='lat' dir='ltr'>scripserunt</span> <span class='ocrx_word' id='word_1_98' title='bbox 708 1020 806 1065; x_wconf 70' lang='lat' dir='ltr'>quae</span> <span class='ocrx_word' id='word_1_99' title='bbox 818 1004 1164 1048; x_wconf 86' lang='lat' dir='ltr'>animadvertere</span> <span class='ocrx_word' id='word_1_100' title='bbox 1190 1004 1483 1063; x_wconf 87' lang='lat' dir='ltr'>potueruntin</span> 
     </span>
     <span class='ocr_line' id='line_1_13' title="bbox 87 1072 1483 1135; baseline -0.001 -16"><span class='ocrx_word' id='word_1_101' title='bbox 87 1075 256 1120; x_wconf 87' lang='lat' dir='ltr'>vivariis</span> <span class='ocrx_word' id='word_1_102' title='bbox 275 1075 460 1135; x_wconf 87' lang='lat' dir='ltr'>piscium</span> <span class='ocrx_word' id='word_1_103' title='bbox 481 1073 619 1118; x_wconf 87' lang='lat' dir='ltr'>multa</span> <span class='ocrx_word' id='word_1_104' title='bbox 642 1073 852 1120; x_wconf 86' lang='lat' dir='ltr'>miranda.</span> <span class='ocrx_word' id='word_1_105' title='bbox 883 1074 967 1119; x_wconf 85' lang='lat' dir='ltr'>Sed</span> <span class='ocrx_word' id='word_1_106' title='bbox 990 1075 1120 1119; x_wconf 89' lang='lat' dir='ltr'>etiam</span> <span class='ocrx_word' id='word_1_107' title='bbox 1158 1075 1192 1118; x_wconf 91' lang='lat' dir='ltr'>si</span> <span class='ocrx_word' id='word_1_108' title='bbox 1230 1072 1341 1118; x_wconf 87' lang='lat' dir='ltr'>forte</span> <span class='ocrx_word' id='word_1_109' title='bbox 1376 1072 1483 1118; x_wconf 85' lang='lat' dir='ltr'>falsa</span> 
     </span>
     <span class='ocr_line' id='line_1_14' title="bbox 87 1145 1484 1206; baseline -0.001 -16"><span class='ocrx_word' id='word_1_110' title='bbox 87 1146 373 1206; x_wconf 84' lang='lat' dir='ltr'>scripserunt,</span> <span class='ocrx_word' id='word_1_111' title='bbox 402 1145 657 1190; x_wconf 81' lang='lat' dir='ltr'>memoriam</span> <span class='ocrx_word' id='word_1_112' title='bbox 689 1156 832 1190; x_wconf 88' lang='lat' dir='ltr'>tamen</span> <span class='ocrx_word' id='word_1_113' title='bbox 854 1146 989 1206; x_wconf 86' lang='lat' dir='ltr'>pisces</span> <span class='ocrx_word' id='word_1_114' title='bbox 1011 1146 1173 1189; x_wconf 87' lang='lat' dir='ltr'>habere</span> <span class='ocrx_word' id='word_1_115' title='bbox 1195 1145 1484 1190; x_wconf 89' lang='lat' dir='ltr'>certissimum</span> 
     </span>
     <span class='ocr_line' id='line_1_15' title="bbox 88 1216 1485 1278; baseline 0.001 -18"><span class='ocrx_word' id='word_1_116' title='bbox 88 1226 165 1261; x_wconf 88' lang='lat' dir='ltr'>est.</span> <span class='ocrx_word' id='word_1_117' title='bbox 192 1216 322 1270; x_wconf 85' lang='lat' dir='ltr'>Quod</span> <span class='ocrx_word' id='word_1_118' title='bbox 343 1217 432 1277; x_wconf 89' lang='lat' dir='ltr'>ipse</span> <span class='ocrx_word' id='word_1_119' title='bbox 456 1232 551 1261; x_wconf 91' lang='lat' dir='ltr'>sum</span> <span class='ocrx_word' id='word_1_120' title='bbox 574 1226 797 1277; x_wconf 84' lang='lat' dir='ltr'>expertus,</span> <span class='ocrx_word' id='word_1_121' title='bbox 824 1226 867 1261; x_wconf 87' lang='lat' dir='ltr'>et</span> <span class='ocrx_word' id='word_1_122' title='bbox 898 1217 1174 1277; x_wconf 83' lang='lat' dir='ltr'>experiantur</span> <span class='ocrx_word' id='word_1_123' title='bbox 1202 1218 1277 1278; x_wconf 89' lang='lat' dir='ltr'>qui</span> <span class='ocrx_word' id='word_1_124' title='bbox 1301 1226 1485 1277; x_wconf 86' lang='lat' dir='ltr'>possunt</span> 
     </span>
     <span class='ocr_line' id='line_1_16' title="bbox 88 1286 1481 1349; baseline 0.001 -18"><span class='ocrx_word' id='word_1_125' title='bbox 88 1287 312 1332; x_wconf 88' lang='lat' dir='ltr'>etvolunt.</span> <span class='ocrx_word' id='word_1_126' title='bbox 329 1290 435 1333; x_wconf 86' lang='lat' dir='ltr'>Nam</span> <span class='ocrx_word' id='word_1_127' title='bbox 452 1286 549 1332; x_wconf 85' lang='lat' dir='ltr'>fons</span> <span class='ocrx_word' id='word_1_128' title='bbox 564 1287 743 1349; x_wconf 88' lang='lat' dir='ltr'>quidam</span> <span class='ocrx_word' id='word_1_129' title='bbox 757 1303 940 1348; x_wconf 78' lang='lat' dir='ltr'>magnus</span> <span class='ocrx_word' id='word_1_130' title='bbox 956 1287 1481 1348; x_wconf 80' lang='lat' dir='ltr'>Bullensium-regiorum,</span> 
     </span>
     <span class='ocr_line' id='line_1_17' title="bbox 87 1357 1484 1420; baseline 0.001 -19"><span class='ocrx_word' id='word_1_131' title='bbox 87 1357 180 1402; x_wconf 86' lang='lat' dir='ltr'>fere</span> <span class='ocrx_word' id='word_1_132' title='bbox 192 1357 345 1418; x_wconf 86' lang='lat' dir='ltr'>plenus</span> <span class='ocrx_word' id='word_1_133' title='bbox 358 1367 423 1402; x_wconf 90' lang='lat' dir='ltr'>est</span> <span class='ocrx_word' id='word_1_134' title='bbox 435 1358 635 1418; x_wconf 86' lang='lat' dir='ltr'>piscium.</span> <span class='ocrx_word' id='word_1_135' title='bbox 663 1358 812 1404; x_wconf 88' lang='lat' dir='ltr'>Solent</span> <span class='ocrx_word' id='word_1_136' title='bbox 832 1368 978 1404; x_wconf 88' lang='lat' dir='ltr'>autem</span> <span class='ocrx_word' id='word_1_137' title='bbox 996 1359 1193 1404; x_wconf 87' lang='lat' dir='ltr'>homines</span> <span class='ocrx_word' id='word_1_138' title='bbox 1214 1358 1399 1420; x_wconf 88' lang='lat' dir='ltr'>desuper</span> <span class='ocrx_word' id='word_1_139' title='bbox 1414 1359 1484 1403; x_wconf 89' lang='lat' dir='ltr'>in-</span> 
     </span>
     <span class='ocr_line' id='line_1_18' title="bbox 89 1428 1486 1492; baseline 0.001 -19"><span class='ocrx_word' id='word_1_140' title='bbox 89 1437 259 1473; x_wconf 87' lang='lat' dir='ltr'>tuentes</span> <span class='ocrx_word' id='word_1_141' title='bbox 271 1429 329 1474; x_wconf 91' lang='lat' dir='ltr'>eis</span> <span class='ocrx_word' id='word_1_142' title='bbox 341 1428 506 1490; x_wconf 87' lang='lat' dir='ltr'>aliquid</span> <span class='ocrx_word' id='word_1_143' title='bbox 514 1431 658 1489; x_wconf 87' lang='lat' dir='ltr'>jacere</span> <span class='ocrx_word' id='word_1_144' title='bbox 666 1465 681 1486; x_wconf 92' lang='lat'><em>,</em></span> <span class='ocrx_word' id='word_1_145' title='bbox 695 1430 816 1490; x_wconf 87' lang='lat' dir='ltr'>quod</span> <span class='ocrx_word' id='word_1_146' title='bbox 828 1430 987 1476; x_wconf 86' lang='lat' dir='ltr'>sibivel</span> <span class='ocrx_word' id='word_1_147' title='bbox 997 1431 1249 1492; x_wconf 68' lang='lat' dir='ltr'>praeripiant</span> <span class='ocrx_word' id='word_1_148' title='bbox 1261 1431 1486 1476; x_wconf 84' lang='lat' dir='ltr'>confluen-</span> 
     </span>
     <span class='ocr_line' id='line_1_19' title="bbox 89 1498 1481 1562; baseline 0.002 -18"><span class='ocrx_word' id='word_1_149' title='bbox 89 1508 168 1555; x_wconf 89' lang='lat' dir='ltr'>tes,</span> <span class='ocrx_word' id='word_1_150' title='bbox 189 1498 260 1544; x_wconf 87' lang='lat' dir='ltr'>vel</span> <span class='ocrx_word' id='word_1_151' title='bbox 275 1499 388 1544; x_wconf 88' lang='lat' dir='ltr'>inter</span> <span class='ocrx_word' id='word_1_152' title='bbox 407 1515 452 1543; x_wconf 87' lang='lat' dir='ltr'>se</span> <span class='ocrx_word' id='word_1_153' title='bbox 476 1498 682 1560; x_wconf 84' lang='lat' dir='ltr'>diripiant</span> <span class='ocrx_word' id='word_1_154' title='bbox 701 1510 1015 1546; x_wconf 85' lang='lat' dir='ltr'>concertantes.</span> <span class='ocrx_word' id='word_1_155' title='bbox 1033 1505 1129 1557; x_wconf 85' lang='lat' dir='ltr'>Quo</span> <span class='ocrx_word' id='word_1_156' title='bbox 1155 1512 1284 1562; x_wconf 88' lang='lat' dir='ltr'>pastu</span> <span class='ocrx_word' id='word_1_157' title='bbox 1303 1503 1481 1562; x_wconf 82' lang='lat' dir='ltr'>assueti,</span> 
     </span>
     <span class='ocr_line' id='line_1_20' title="bbox 91 1570 1486 1636; baseline 0.003 -21"><span class='ocrx_word' id='word_1_158' title='bbox 91 1570 472 1616; x_wconf 88' lang='lat' dir='ltr'>deambulantibus</span> <span class='ocrx_word' id='word_1_159' title='bbox 489 1587 620 1633; x_wconf 88' lang='lat' dir='ltr'>super</span> <span class='ocrx_word' id='word_1_160' title='bbox 632 1588 752 1617; x_wconf 87' lang='lat' dir='ltr'>oram</span> <span class='ocrx_word' id='word_1_161' title='bbox 769 1570 901 1617; x_wconf 86' lang='lat' dir='ltr'>fontis</span> <span class='ocrx_word' id='word_1_162' title='bbox 923 1573 1189 1629; x_wconf 83' lang='lat' dir='ltr'>hominibus,</span> <span class='ocrx_word' id='word_1_163' title='bbox 1205 1574 1286 1635; x_wconf 90' lang='lat' dir='ltr'>ipsi</span> <span class='ocrx_word' id='word_1_164' title='bbox 1308 1589 1486 1636; x_wconf 86' lang='lat' dir='ltr'>quoque</span> 
     </span>
     <span class='ocr_line' id='line_1_21' title="bbox 89 1641 1487 1706; baseline 0.001 -19"><span class='ocrx_word' id='word_1_165' title='bbox 89 1657 190 1687; x_wconf 89' lang='lat' dir='ltr'>cum</span> <span class='ocrx_word' id='word_1_166' title='bbox 213 1641 272 1686; x_wconf 91' lang='lat' dir='ltr'>eis</span> <span class='ocrx_word' id='word_1_167' title='bbox 300 1643 595 1702; x_wconf 81' lang='lat' dir='ltr'>congregatim</span> <span class='ocrx_word' id='word_1_168' title='bbox 617 1643 810 1688; x_wconf 88' lang='lat' dir='ltr'>natando</span> <span class='ocrx_word' id='word_1_169' title='bbox 833 1653 939 1689; x_wconf 84' lang='lat' dir='ltr'>eunt</span> <span class='ocrx_word' id='word_1_170' title='bbox 955 1653 998 1689; x_wconf 90' lang='lat' dir='ltr'>et</span> <span class='ocrx_word' id='word_1_171' title='bbox 1025 1643 1226 1700; x_wconf 88' lang='lat' dir='ltr'>redeunt,</span> <span class='ocrx_word' id='word_1_172' title='bbox 1252 1655 1487 1706; x_wconf 86' lang='lat' dir='ltr'>expectan-</span> 
     </span>
     <span class='ocr_line' id='line_1_22' title="bbox 90 1711 1488 1775; baseline 0.004 -19"><span class='ocrx_word' id='word_1_173' title='bbox 90 1721 153 1757; x_wconf 90' lang='lat' dir='ltr'>tes</span> <span class='ocrx_word' id='word_1_174' title='bbox 168 1711 287 1756; x_wconf 85' lang='lat' dir='ltr'>unde</span> <span class='ocrx_word' id='word_1_175' title='bbox 302 1711 465 1774; x_wconf 83' lang='lat' dir='ltr'>aliquid</span> <span class='ocrx_word' id='word_1_176' title='bbox 475 1714 662 1774; x_wconf 87' lang='lat' dir='ltr'>jactent,</span> <span class='ocrx_word' id='word_1_177' title='bbox 678 1729 866 1775; x_wconf 90' lang='lat' dir='ltr'>quorum</span> <span class='ocrx_word' id='word_1_178' title='bbox 875 1715 1149 1775; x_wconf 80' lang='lat' dir='ltr'>praesentiam</span> <span class='ocrx_word' id='word_1_179' title='bbox 1162 1716 1371 1760; x_wconf 90' lang='lat' dir='ltr'>sentiunt.</span> <span class='ocrx_word' id='word_1_180' title='bbox 1387 1718 1488 1762; x_wconf 89' lang='lat' dir='ltr'>Non</span> 
     </span>
     <span class='ocr_line' id='line_1_23' title="bbox 92 1781 1487 1847; baseline 0.003 -19"><span class='ocrx_word' id='word_1_181' title='bbox 92 1785 245 1843; x_wconf 86' lang='lat' dir='ltr'>itaque</span> <span class='ocrx_word' id='word_1_182' title='bbox 263 1781 422 1827; x_wconf 86' lang='lat' dir='ltr'>frustra</span> <span class='ocrx_word' id='word_1_183' title='bbox 444 1783 550 1827; x_wconf 86' lang='lat' dir='ltr'>mihi</span> <span class='ocrx_word' id='word_1_184' title='bbox 567 1783 741 1829; x_wconf 89' lang='lat' dir='ltr'>videtur</span> <span class='ocrx_word' id='word_1_185' title='bbox 754 1801 966 1846; x_wconf 85' lang='lat' dir='ltr'>aquarum</span> <span class='ocrx_word' id='word_1_186' title='bbox 983 1785 1183 1831; x_wconf 87' lang='lat' dir='ltr'>animalia</span> <span class='ocrx_word' id='word_1_187' title='bbox 1197 1787 1256 1831; x_wconf 92' lang='lat' dir='ltr'>sic</span> <span class='ocrx_word' id='word_1_188' title='bbox 1270 1786 1487 1847; x_wconf 87' lang='lat' dir='ltr'>appellata</span> 
     </span>
     <span class='ocr_line' id='line_1_24' title="bbox 91 1853 1486 1914; baseline 0.003 -16"><span class='ocrx_word' id='word_1_189' title='bbox 91 1853 262 1913; x_wconf 86' lang='lat' dir='ltr'>reptilia</span> <span class='ocrx_word' id='word_1_190' title='bbox 285 1853 657 1914; x_wconf 87' lang='lat' dir='ltr'>quemadmodum</span> <span class='ocrx_word' id='word_1_191' title='bbox 681 1871 779 1900; x_wconf 87' lang='lat' dir='ltr'>aves</span> <span class='ocrx_word' id='word_1_192' title='bbox 800 1855 1021 1901; x_wconf 82' lang='lat' dir='ltr'>volatilia:</span> <span class='ocrx_word' id='word_1_193' title='bbox 1060 1873 1161 1901; x_wconf 88' lang='lat' dir='ltr'>nam</span> <span class='ocrx_word' id='word_1_194' title='bbox 1195 1857 1229 1901; x_wconf 93' lang='lat' dir='ltr'>si</span> <span class='ocrx_word' id='word_1_195' title='bbox 1260 1857 1330 1902; x_wconf 88' lang='lat' dir='ltr'>vel</span> <span class='ocrx_word' id='word_1_196' title='bbox 1364 1857 1486 1902; x_wconf 87' lang='lat' dir='ltr'>nulla</span> 
     </span>
     <span class='ocr_line' id='line_1_25' title="bbox 92 1925 1485 1988; baseline 0.004 -20"><span class='ocrx_word' id='word_1_197' title='bbox 92 1926 320 1980; x_wconf 79' lang='lat' dir='ltr'>memoria,</span> <span class='ocrx_word' id='word_1_198' title='bbox 346 1925 415 1970; x_wconf 88' lang='lat' dir='ltr'>vel</span> <span class='ocrx_word' id='word_1_199' title='bbox 433 1942 581 1970; x_wconf 82' lang='lat' dir='ltr'>sensus</span> <span class='ocrx_word' id='word_1_200' title='bbox 600 1928 783 1983; x_wconf 79' lang='lat' dir='ltr'>tardior,</span> <span class='ocrx_word' id='word_1_201' title='bbox 811 1929 964 1972; x_wconf 66' lang='lat' dir='ltr'>animae</span> <span class='ocrx_word' id='word_1_202' title='bbox 985 1929 1096 1974; x_wconf 65' lang='lat' dir='ltr'>vivae</span> <span class='ocrx_word' id='word_1_203' title='bbox 1119 1944 1280 1974; x_wconf 88' lang='lat' dir='ltr'>nomen</span> <span class='ocrx_word' id='word_1_204' title='bbox 1297 1929 1485 1988; x_wconf 89' lang='lat' dir='ltr'>repulis-</span> 
     </span>
     <span class='ocr_line' id='line_1_26' title="bbox 93 1997 1487 2061; baseline 0.003 -21"><span class='ocrx_word' id='word_1_205' title='bbox 93 2006 156 2040; x_wconf 88' lang='lat' dir='ltr'>set</span> <span class='ocrx_word' id='word_1_206' title='bbox 174 2013 197 2040; x_wconf 86' lang='lat' dir='ltr'>a</span> <span class='ocrx_word' id='word_1_207' title='bbox 219 1997 422 2056; x_wconf 81' lang='lat' dir='ltr'>piscibus,</span> <span class='ocrx_word' id='word_1_208' title='bbox 438 1997 685 2043; x_wconf 84' lang='lat' dir='ltr'>volatilibus</span> <span class='ocrx_word' id='word_1_209' title='bbox 702 2009 817 2044; x_wconf 88' lang='lat' dir='ltr'>certe</span> <span class='ocrx_word' id='word_1_210' title='bbox 835 1999 1329 2061; x_wconf 82' lang='lat' dir='ltr'>adhiberetur,quorum</span> <span class='ocrx_word' id='word_1_211' title='bbox 1342 2000 1487 2046; x_wconf 86' lang='lat' dir='ltr'>vitain</span> 
     </span>
     <span class='ocr_line' id='line_1_27' title="bbox 94 2066 1484 2129; baseline 0.004 -19"><span class='ocrx_word' id='word_1_212' title='bbox 94 2066 228 2111; x_wconf 86' lang='lat' dir='ltr'>oculis</span> <span class='ocrx_word' id='word_1_213' title='bbox 254 2068 405 2112; x_wconf 85' lang='lat' dir='ltr'>nostris</span> <span class='ocrx_word' id='word_1_214' title='bbox 429 2078 492 2113; x_wconf 72' lang='lat' dir='ltr'>est</span> <span class='ocrx_word' id='word_1_215' title='bbox 524 2079 567 2113; x_wconf 88' lang='lat' dir='ltr'>ct</span> <span class='ocrx_word' id='word_1_216' title='bbox 589 2085 756 2115; x_wconf 90' lang='lat' dir='ltr'>memor</span> <span class='ocrx_word' id='word_1_217' title='bbox 794 2079 837 2114; x_wconf 92' lang='lat' dir='ltr'>et</span> <span class='ocrx_word' id='word_1_218' title='bbox 859 2070 1028 2129; x_wconf 81' lang='lat' dir='ltr'>garrula</span> <span class='ocrx_word' id='word_1_219' title='bbox 1043 2107 1053 2126; x_wconf 80' lang='grc'>,</span> <span class='ocrx_word' id='word_1_220' title='bbox 1075 2081 1118 2115; x_wconf 89' lang='lat' dir='ltr'>et</span> <span class='ocrx_word' id='word_1_221' title='bbox 1146 2073 1191 2116; x_wconf 92' lang='lat' dir='ltr'>in</span> <span class='ocrx_word' id='word_1_222' title='bbox 1215 2072 1325 2116; x_wconf 91' lang='lat' dir='ltr'>nidis</span> <span class='ocrx_word' id='word_1_223' title='bbox 1356 2087 1484 2117; x_wconf 88' lang='lat' dir='ltr'>cons-</span> 
     </span>
     <span class='ocr_line' id='line_1_28' title="bbox 93 2138 1142 2201; baseline 0.006 -20"><span class='ocrx_word' id='word_1_224' title='bbox 93 2138 288 2183; x_wconf 87' lang='lat' dir='ltr'>truendis</span> <span class='ocrx_word' id='word_1_225' title='bbox 311 2139 635 2201; x_wconf 86' lang='lat' dir='ltr'>educandisque</span> <span class='ocrx_word' id='word_1_226' title='bbox 655 2138 836 2186; x_wconf 83' lang='lat' dir='ltr'>foetibus</span> <span class='ocrx_word' id='word_1_227' title='bbox 853 2141 1142 2187; x_wconf 85' lang='lat' dir='ltr'>solertissima.</span> 
     </span>
    </p>
   </div>
  </div>
 </body>
</html>
