1854 3219
409 159 491 198 462
790 172 823 197 s.
871 168 1101 199 Aucus-run
1134 172 1314 199 EPJSCOPI

403 235 600 296 quamvis
618 236 708 296 ejus
729 236 1039 295 expositionem
1060 237 1130 281 vel
1149 236 1474 298 inquisitionem
1492 244 1568 281 aut
1586 236 1688 282 alibi
1700 237 1790 297 jam

403 306 754 363 exhibuerimus,
780 316 855 352 aut
876 307 922 352 in
945 317 1114 369 tempus
1131 308 1252 353 aliud
1273 307 1540 352 differamus.

404 465 1788 485 mmmmmmmmmmmmmmmmmffl

893 589 1112 640 CAPUT
1155 591 1302 638 XIII.

400 721 659 767 Formatio
680 718 892 767 mulieris
915 738 970 767 eo
995 719 1137 767 modo
1158 737 1252 781 quo
1278 730 1513 767 narratur
1514 721 1670 786 sacta
1693 730 1763 767 est
1777 756 1790 778 ,
1844 747 1845 786 3

711 802 762 839 ut
784 792 1034 855 quidpiam
1051 795 1475 855 prcenmztiaretur.

458 930 628 974 XXIII.
664 931 779 984 Qum
803 945 905 989 ergo
928 931 1008 974 sibi
1041 930 1138 976 vult
1161 931 1291 975 ctiam
1318 930 1456 986 illud,
1488 929 1611 991 quod
1638 929 1795 974 mulier

401 1000 494 1045 viro
517 1000 572 1044 de
599 1000 734 1046 latere
764 1000 879 1046 facta
901 1004 994 1046 est?
1017 1005 1181 1046 *Verum
1211 1011 1302 1046 esto
1329 1011 1507 1061 propter
1534 1001 1668 1061 ipsius
1690 1016 1796 1046 con·
1846 989 1847 999 ¹

398 1071 636 1131 junctionis
665 1073 754 1118 vim
785 1072 1181 1117 commendandam
1218 1073 1303 1117 1100
1335 1073 1392 1117 ita
1428 1073 1522 1117 fieri
1556 1072 1796 1132 oportuisse

400 1142 683 1201 credamus¹3
713 1143 932 1204 numquid
959 1144 1091 1188 ctiam
1126 1153 1178 1187 ut
1204 1142 1439 1188 dormienti
1466 1144 1610 1199 fieret,
1644 1144 1797 1187 eadem

400 1214 512 1257 ratio
529 1213 600 1258 vel
622 1214 850 1258 necessitas
880 1213 1132 1273 flagitabat,
1159 1223 1210 1259 ut
1238 1214 1430 1275 denique
1457 1230 1549 1259 osse
1576 1213 1793 1270 detracto,

402 1283 449 1327 in
471 1284 596 1344 cujus
616 1282 766 1328 locum
791 1300 892 1329 caro
923 1284 1230 1344 suppleretur?
1252 1287 1369 1331 Num
1393 1286 1511 1329 enim
1542 1300 1632 1330 non
1653 1283 1799 1344 potuit

401 1355 493 1415 ipsa
520 1370 620 1399 caro
643 1354 838 1411 detrahi,
874 1365 924 1400 ut
950 1355 1055 1399 inde
1083 1357 1419 1415 congruentius,
1445 1355 1568 1418 quod
1590 1356 1644 1400 sit
1669 1370 1798 1400 sexus

402 1425 640 1481 infirmior,
680 1424 838 1470 mulier
865 1426 1160 1471 formaretur?
1188 1430 1257 1472 An
1284 1443 1387 1473 vero
1425 1436 1516 1471 tam
1541 1426 1690 1472 multis
1719 1425 1798 1470 ad-

403 1496 527 1552 ditis,
552 1505 718 1541 costam
741 1499 856 1541 Deus
886 1496 1101 1541 aedificare
1128 1498 1274 1557 potuit
1294 1498 1340 1542 in
1361 1497 1613 1554 mulierem,
1638 1506 1681 1542 et
1700 1512 1797 1542 car·
1849 1544 1850 1548 ,

403 1582 505 1611 110111
521 1567 756 1626 pulpamve
784 1582 875 1611 non
897 1567 1042 1626 potuit
1058 1602 1068 1622 ,
1098 1568 1174 1628 qui
1197 1567 1252 1612 de
1277 1567 1456 1628 pulvere
1483 1569 1627 1628 ipsum
1657 1567 1799 1613 homi·
1848 1594 1850 1608 .

403 1654 505 1683 nem
526 1638 656 1683 fecit?
679 1641 768 1682 Aut
799 1639 833 1682 si
856 1639 947 1698 jam
974 1648 1094 1683 costa
1121 1638 1263 1683 fuerat
1285 1639 1555 1685 detrahenda
1570 1675 1581 1696 ,
1606 1656 1685 1685 cur
1708 1655 1798 1684 non
1849 1645 1854 1711 ζ

403 1709 539 1754 altera
572 1724 652 1768 pro
687 1724 735 1752 ea
759 1717 877 1753 costa
910 1709 1095 1768 reposita
1118 1712 1206 1754 est?
1235 1712 1325 1755 Cur
1352 1710 1482 1754 etiam
1511 1726 1601 1755 non
1629 1709 1798 1755 dictum
1848 1718 1854 1766 ξ

403 1791 490 1826 est:
515 1800 536 1823 «
557 1779 720 1835 Finxit,
737 1788 814 1823 aut
830 1777 948 1833 fecit,
969 1797 989 1820 »
1008 1780 1120 1825 sicut
1136 1780 1182 1824 in
1200 1781 1404 1825 omnibus
1421 1797 1550 1841 supra
1568 1782 1795 1842 operibus,
1811 1822 1812 1825 ,

402 1851 495 1908 sed,
526 1871 547 1894 «
571 1850 837 1906 AEdificavit,
864 1851 1028 1912 inquit,
1055 1852 1267 1897 Dominus
1287 1855 1402 1897 Deus
1424 1852 1543 1897 illam
1564 1863 1749 1909 costam,
1772 1871 1793 1895 n
1851 1842 1854 1891 ἶ

403 1939 494 1968 11011
516 1933 726 1984 tanquam
754 1938 912 1982 corpus
940 1923 1204 1979 humanum,
1241 1924 1316 1969 sed
1344 1934 1554 1985 tanquam
1587 1924 1798 1970 domum?
1852 1957 1854 1959 -

402 1998 502 2042 Non
526 2004 589 2040 est
612 1996 758 2055 itaque
781 1993 1102 2053 dubitandum,
1137 1996 1345 2055 quoniam
1366 1997 1461 2041 haec
1493 1997 1608 2041 facta
1631 2006 1733 2041 sunt
1754 2006 1797 2041 et

403 2066 536 2112 stulta
564 2082 653 2111 0550
687 2081 777 2110 11011
804 2075 1011 2125 possunt,
1054 2067 1111 2110 ob
1142 2067 1309 2128 aliquid
1338 2067 1674 2127 significandum
1707 2084 1796 2113 esse

403 2138 517 2183 facta
535 2173 545 2192 ,
575 2137 770 2182 fructum
800 2136 940 2181 futuri
969 2136 1116 2181 saeculi
1139 2138 1193 2181 ab
1216 2138 1309 2197 ipso
1333 2139 1423 2198 jam
1446 2137 1684 2198 primordio
1720 2155 1796 2199 ge-

403 2210 516 2254 neris
538 2209 720 2253 humani
738 2212 826 2253 Deo
842 2208 1023 2268 praescio
1046 2208 1089 2252 in
1108 2209 1208 2268 ipsis
1231 2209 1315 2253 suis
1334 2209 1538 2268 operibus
1560 2209 1797 2255 miscricor-

403 2280 516 2325 diter
537 2280 829 2340 praedicante,
865 2289 915 2324 ut
943 2289 1061 2325 certo
1085 2290 1281 2341 tempore
1316 2281 1446 2326 servis
1468 2282 1576 2337 suis,
1598 2281 1697 2328 ‚sive
1719 2298 1797 2342 per

402 2352 632 2397 hominum
677 2351 994 2407 successiones,
1043 2352 1131 2396 sive
1180 2367 1258 2411 per
1295 2367 1424 2396 suum
1473 2353 1682 2412 Spiritum
1717 2352 1796 2399 'vel

402 2424 673 2484 Angelorum
709 2423 998 2468 ministerium
1042 2423 1229 2469 revelata
1268 2433 1397 2485 atque
1437 2425 1707 2486 conscripta,
1752 2434 1795 2469 et

452 2530 461 2547 ¹
477 2532 496 2556 2
515 2526 604 2556 Sent.
623 2523 698 2556 dist.
714 2533 802 2564 xviii,
823 2533 897 2565 cap.
917 2524 998 2555 Cum
1013 2531 1122 2555 atatem
1141 2535 1230 2563 cum,
1249 2527 1283 2556 et
1300 2535 1368 2566 seq.
1387 2541 1428 2547 —
1449 2530 1462 2546 ²
1480 2527 1558 2558 Gen.
1577 2535 1612 2567 11,
1630 2533 1685 2557 22.
