1854 3219
314 224 369 251 DE
400 224 551 251 GENEsr
584 219 640 249 AD
672 219 912 259 LITTERAM,
949 223 1031 249 Lm.
1069 224 1146 249 vn.
1332 211 1415 250 383

31 290 209 335 omnino
231 289 636 335 incommutabilem
664 297 708 333 et
728 288 1105 349 incorruptibilem
1129 292 1297 346 Deum,
1326 297 1417 333 tota

29 376 182 406 eorum
193 359 464 406 milleformis
486 358 637 404 fabula
658 369 838 419 repente
860 359 1090 415 dilabitur,
1112 375 1247 420 quam
1269 360 1314 403 in
1332 360 1418 404 suis

28 433 150 479 vanis
178 448 226 478 ac
254 431 466 491 sacrilegis
492 431 740 487 mentibus,
771 432 944 477 nonnisi
972 432 1027 477 de
1056 432 1134 478 Dei
1167 431 1416 491 turpissima

28 502 321 549 mutabilitate
341 504 578 548 finxerunt.

29 660 289 679 'mmmm
292 660 573 678 mmmm
576 660 711 678 MMQW
714 659 1205 677 ΑΛΜΜΑΝΜΜΝΝἎΛΙΙΝΙΜἉἈΛΛ
1208 658 1418 676 mmm

542 777 765 826 CAPUT
800 778 905 823 XII.

219 929 405 973 Anima
425 943 522 974 non
545 937 616 974 est
636 944 699 973 ex
719 943 949 988 corporeo
973 926 1221 975 elemento.

85 1062 251 1106 XVIII.
266 1064 363 1108 NON
384 1071 448 1107 est
467 1063 600 1122 igitur
621 1064 821 1107 materies
845 1064 1001 1107 animae
1022 1063 1250 1117 humanae,
1274 1061 1417 1105 anima

25 1132 297 1177 irrationalis.
323 1132 439 1186 Quid
457 1142 520 1178 est
535 1149 655 1193 ergo,
677 1134 795 1178 unde
814 1135 955 1178 anima
974 1135 1083 1178 ssatu
1102 1134 1179 1177 Dei
1195 1132 1307 1177 facta
1325 1142 1387 1176 est
1400 1134 1418 1176 Ρ

24 1204 94 1247 An
131 1219 287 1263 corpus
317 1202 497 1264 aliquod
525 1214 616 1248 erat
641 1214 862 1249 terrenum
889 1204 1067 1266 quidem
1089 1213 1131 1247 ct
1152 1203 1418 1247 humidum?

23 1272 156 1319 Nullo
178 1273 339 1319 modo:
366 1274 470 1319 hinc
493 1275 608 1318 enim
631 1276 774 1335 potius
798 1292 897 1320 caro
928 1276 1043 1320 facta
1074 1284 1150 1319 est.
1177 1278 1286 1320 Nam
1310 1273 1418 1334 quid

25 1343 146 1389 aliud
168 1352 232 1389 est
251 1343 379 1390 limus
401 1362 534 1405 quam
557 1355 669 1390 terra
698 1346 910 1390 humida?
931 1349 1020 1392 Nec
1043 1346 1096 1390 dc
1119 1346 1303 1390 humore
1325 1345 1417 1389 solo

25 1416 168 1460 anima
190 1414 304 1460 facta
328 1415 545 1460 credenda
573 1426 657 1473 est,
680 1419 804 1478 quasi
835 1434 935 1462 caro
964 1417 1018 1461 de
1046 1427 1182 1472 terra,
1209 1426 1252 1461 et
1274 1417 1418 1461 anima

25 1486 81 1531 de
109 1502 237 1547 aqua.
261 1486 397 1532 Nimis
420 1486 537 1530 enim
569 1487 809 1531 absurdum
832 1498 917 1543 est,
938 1487 1041 1532 inde
1072 1488 1233 1532 saetam
1264 1497 1418 1547 putare

26 1558 216 1603 animam
237 1557 440 1613 hominis,
462 1558 581 1601 unde
600 1556 712 1602 facta
736 1567 800 1601 est
817 1573 916 1601 caro
938 1557 1064 1617 piscis
1087 1567 1131 1601 et
1152 1557 1355 1602 volucris.

83 1631 207 1673 XIX.
227 1630 344 1687 Ergo
362 1626 554 1672 fortassis
571 1643 624 1672 ex
637 1630 761 1672 aere?
783 1628 897 1672 Huic
912 1628 1029 1671 enim
1048 1626 1267 1673 elemento
1287 1629 1417 1672 etiam

27 1700 154 1745 ssatus
175 1700 409 1760 competit,
433 1699 510 1744 sed
535 1709 703 1755 noster,
733 1716 823 1744 non
857 1699 950 1744 Dei.
983 1699 1109 1744 Unde
1141 1716 1270 1760 supra
1304 1700 1418 1744 dixi-

25 1786 123 1815 mus
152 1771 235 1816 hoc
262 1771 454 1831 potuisse
485 1779 777 1829 congruenter
804 1770 970 1829 putari,
996 1770 1029 1813 si
1052 1771 1241 1814 animam
1263 1772 1419 1816 mundi

25 1851 233 1903 tanquam
266 1842 395 1886 unius
426 1842 601 1885 maximi
623 1842 852 1886 animantis
874 1845 1014 1885 Deum
1046 1841 1342 1897 crederemus,
1368 1853 1419 1887 ut

26 1914 87 1959 ita
108 1929 204 1958 eam
229 1913 400 1958 flaverit
427 1914 482 1957 de
508 1917 606 1958 aere
627 1914 819 1974 corporis
842 1914 930 1970 sui,
957 1914 1069 1958 sicut
1091 1914 1168 1958 ssat
1196 1925 1341 1960 nostra
1363 1916 1418 1960 de

27 1986 108 2031 sui.
139 1988 254 2031 Cum
283 2000 387 2031 vero
419 1988 561 2030 Deum
601 2001 691 2032 esse
734 1995 903 2031 constet
935 2002 1064 2046 supra
1101 2002 1231 2031 omne
1264 1986 1419 2032 mundi

28 2071 205 2117 corpus,
230 2064 274 2100 et
297 2071 428 2116 supra
448 2071 625 2101 omnem
657 2057 856 2117 spiritum
881 2072 1014 2118 quem
1046 2058 1229 2114 creavit,
1250 2059 1420 2103 incom-

28 2126 210 2188 parabili
235 2127 416 2172 omnino
437 2126 663 2184 distantia,
689 2127 915 2189 quomodo
935 2128 983 2173 id
1005 2137 1121 2173 recte
1144 2129 1229 2174 dici
1254 2132 1421 2190 potest?

27 2201 98 2244 An
116 2198 230 2243 forte
252 2207 420 2259 quanto
441 2199 578 2259 magis
602 2202 719 2243 Deus
741 2200 954 2245 universae
972 2215 1061 2243 suae
1084 2209 1294 2245 creaturae
1307 2216 1422 2261 prae-

26 2284 123 2314 sens
137 2278 202 2314 est
215 2269 532 2329 omnipotentia
549 2269 774 2329 singulari,
790 2279 914 2316 tanto
933 2271 1069 2330 magis
1090 2273 1237 2331 potuit
1258 2287 1311 2317 ex
1324 2276 1421 2317 aere

27 2340 184 2386 flatum
201 2340 366 2397 facere,
387 2357 488 2402 quae
509 2342 655 2386 anima
676 2342 865 2388 hominis
888 2345 1029 2388 esset?
1051 2344 1136 2389 Sed
1152 2360 1254 2389 cum
1275 2345 1420 2389 anima

29 2427 120 2458 non
152 2413 208 2458 sit
236 2428 466 2473 corporea,
501 2413 719 2476 quidquid
755 2424 900 2460 autem
932 2432 985 2460 ex
1020 2415 1175 2461 mundi
1203 2418 1420 2477 corporeis

31 2482 255 2529 elementis
276 2483 342 2540 fit,
359 2499 619 2544 corporeum
640 2485 694 2529 sit
715 2501 887 2530 necesse
909 2496 989 2543 est,
1005 2487 1138 2548 inque
1160 2487 1315 2531 mundi
1332 2487 1420 2531 ele-

31 2555 188 2600 mentis
218 2555 350 2600 etiam
381 2558 453 2601 aer
481 2555 561 2601 iste
590 2565 867 2613 numeretur,
902 2573 986 2603 nec
1018 2558 1051 2602 si
1083 2557 1138 2602 de
1176 2558 1275 2617 puri
1304 2557 1419 2602 illius
