1854 3219
363 192 442 230 ,334
800 206 832 234 s.
871 208 1098 236 accus‘rnvi
1132 209 1311 235 EPlscot’t

361 271 590 323 videntur,
613 285 691 313 nce
714 270 815 314 ulla¹
839 287 964 316 voees
988 289 1162 333 prorsus
1186 272 1452 317 audiuntur:
1483 279 1596 315 totus
1617 269 1749 314 animi

362 341 586 385 contuitus
606 351 680 385 aut
705 342 749 385 in
771 357 1004 402 corporum
1026 345 1286 403 imaginibus
1307 353 1370 388 cst
1389 358 1465 404 per
1487 340 1746 402 spiritalem,

364 422 440 456 aut
468 413 513 456 in
535 413 664 457 rebus
689 413 954 474 incorporeis
976 415 1096 461 nulla
1129 416 1319 477 corporis
1342 414 1530 475 imagine
1558 412 1750 475 figuratis

362 498 439 543 per
461 483 805 529 intellectualem
824 486 1050 531 visionem.

418 557 582 599 XXVI.
622 556 705 600 Sed
725 572 827 601 cum
845 557 1045 617 spiritalis
1057 559 1165 604 visio
1182 594 1192 614 ,
1217 558 1392 619 penitus
1409 558 1596 603 alienato
1609 573 1632 603 a
1651 573 1753 604 sen·-

362 627 481 672 sibus
506 628 699 687 corporis
727 629 872 674 animo
889 665 899 685 ‚
917 630 1179 690 imaginibus
1202 628 1494 690 corporalium
1516 628 1750 687 detinetur,

362 700 451 745 sive
473 700 518 743 in
547 700 734 756 somnis,
773 701 861 746 sive
891 702 935 746 in
969 704 1126 758 extasi,
1162 702 1197 747 si
1236 701 1345 747 nihil
1378 703 1623 763 significant
1655 718 1755 764 quae

362 771 583 826 videntur‚
609 772 742 832 ipsius
771 773 926 817 animae
964 783 1064 818 sunt
1087 774 1417 833 imaginationes
1441 794 1450 819 ε
1482 775 1593 819 sicut
1624 774 1756 819 etiam

361 842 591 901 vigilantes
631 852 674 886 ct
705 844 819 899 sani,
846 853 888 888 et
916 843 1037 889 nulla
1061 844 1321 889 alienatione
1344 845 1478 901 moti,
1513 844 1756 890 multorum

361 929 596 973 corporum
612 930 711 974 quae
733 930 823 959 non
852 914 1011 960 adsunt
1037 916 1231 960 sensibus
1248 917 1439 977 corporis
1458 952 1468 972 ‚
1494 916 1757 975 cogitatione

362 985 570 1044 imagines
593 995 781 1030 versant.
809 988 974 1030 Verum
1008 988 1091 1032 hoc
1113 989 1319 1043 interest,
1344 987 1466 1049 quod
1488 1004 1557 1032 eas
1580 1004 1604 1032 a
1640 1003 1757 1048 prae-

364 1056 559 1100 sentibus
593 1056 792 1117 verisque
814 1059 1070 1118 corporibus
1098 1059 1313 1104 constanti
1337 1059 1571 1104 affectione
1594 1058 1757 1103 discer-

364 1136 491 1170 nunt.
537 1127 579 1171 Si
614 1137 761 1171 autem
795 1128 961 1190 aliquid
1001 1130 1245 1189 significant
1262 1166 1272 1186 ,
1312 1131 1401 1175 sive
1441 1130 1760 1175 dormientibus

365 1196 668 1253 exhibeantur,
693 1199 780 1243 sive
801 1199 1107 1260 vigilantibus,
1133 1216 1233 1245 cum
1251 1210 1294 1245 et
1316 1199 1453 1245 oculis
1473 1200 1625 1245 vident
1646 1216 1761 1260 prae-

364 1268 502 1312 sentia
532 1285 735 1329 corpora,
767 1281 811 1315 et
845 1272 1090 1316 absentium
1112 1272 1322 1332 imagines
1354 1281 1542 1317 cernunt
1579 1272 1757 1332 spiritu,

360 1348 571 1399 tanquam
602 1340 738 1385 oculis
761 1352 919 1401 praesto
945 1343 1055 1399 sint,
1087 1345 1176 1387 sive
1198 1342 1270 1387 illa
1299 1360 1398 1404 quae
1423 1343 1578 1387 extasis
1601 1342 1761 1386 dicitur

367 1411 553 1456 alienato
575 1429 751 1473 prorsus
775 1414 920 1458 animo
942 1430 965 1458 a
983 1415 1180 1459 sensibus
1201 1415 1419 1475 corporis,
1446 1415 1581 1458 mirus
1603 1413 1761 1458 modus

367 1493 431 1527 est
455 1504 463 1528 :
494 1484 568 1528 sed
591 1486 900 1530 commixtione
924 1484 1099 1530 alterius
1120 1486 1293 1546 spiritus
1322 1487 1415 1530 fieri
1437 1495 1579 1546 potest
1596 1521 1607 1540 ,
1632 1495 1684 1529 ut
1712 1500 1762 1530 ea

367 1572 467 1616 quae
484 1557 575 1616 ipse
597 1558 678 1601 scit
693 1593 703 1612 ‚
725 1573 803 1617 per
824 1557 1074 1617 hujusmodi
1097 1558 1306 1616 imagines
1323 1558 1362 1602 ei
1383 1558 1453 1602 cui
1471 1557 1677 1601 miscetur
1697 1572 1763 1601 os-

368 1626 536 1682 tendat,
561 1628 648 1671 sive
664 1627 944 1685 intelligenti,
970 1628 1057 1672 sive
1079 1637 1129 1671 ut
1146 1628 1200 1671 al)
1223 1628 1307 1673 alio
1329 1627 1549 1672 intellecta
1567 1626 1762 1687 pandan-

367 1709 453 1744 tur.
485 1699 527 1744 Si
551 1700 667 1743 enim
689 1699 1046 1744 demonstrantur
1081 1700 1202 1755 haec,
1230 1715 1310 1744 nec
1339 1700 1493 1760 utique
1527 1715 1551 1743 a
1581 1715 1762 1759 corpore

368 1771 655 1816 demonstrari
673 1780 880 1830 possunt,
910 1771 1018 1831 quid
1040 1780 1172 1816 restat
1194 1770 1276 1815 nisi
1293 1780 1342 1815 ut
1360 1771 1415 1815 ab
1438 1770 1585 1831 aliquo
1607 1770 1763 1832 spiritu

369 1844 755 1889 demonstrentur?

370 2004 438 2019 &Qu
444 2003 574 2019 xvvvavh
578 2001 848 2019 svvvnvvvxwuvvw
853 2000 984 2017 &muna
987 2000 1053 2016 WVC·
1058 2000 1124 2016 §W
1129 2000 1195 2016 ἱΛΜ
1201 2000 1266 2016 m}
1271 1999 1476 2016 SAMWVWMB
1482 1998 1619 2015 mmmm!
1625 1998 1690 2016 Um
1695 1999 1763 2015 &W

873 2112 1087 2161 CAPUT
1124 2114 1265 2159 X'ttl.

596 2251 678 2295 An
711 2250 822 2294 insit
845 2250 891 2293 in
916 2249 1084 2294 anima
1107 2248 1177 2292 vis
1197 2246 1519 2294 divinationis.

430 2391 616 2433 XXVH.
653 2391 883 2432 Nom-um
916 2386 1092 2447 quidem
1119 2385 1276 2430 volunt
1304 2384 1491 2428 animam
1524 2384 1762 2427 humanam

370 2460 533 2505 habere
547 2460 636 2505 vim
651 2459 888 2520 quamdam
910 2456 1187 2502 divinationis
1203 2457 1248 2500 in
1270 2457 1428 2515 seipsa.
1450 2453 1535 2500 Sed
1551 2454 1585 2498 si
1598 2454 1656 2498 ita
1670 2463 1734 2498 est
1746 2488 1757 2509 ‚

370 2548 448 2575 cur
470 2548 559 2576 non
581 2546 749 2590 semper
779 2539 914 2590 potest
952 2544 1051 2574 cum
1085 2543 1253 2587 semper
1273 2527 1403 2572 velit?
1436 2529 1503 2571 An
1537 2526 1638 2587 quia
1671 2540 1759 2569 non
