1854 3219
328 208 382 235 DE
413 207 563 236 GENEs1
596 204 652 234 An
684 205 930 244 LITTERAM,
965 207 1048 234 Lm.
1084 208 1145 234 1x.
1360 194 1443 234 465

59 369 94 386 M

736 369 1446 388 wwwmmwvvmmmmm

576 491 794 542 CAPUT
840 494 950 544 XV.

131 626 388 673 Formatio
409 625 616 673 mulieris
637 642 733 673 non
751 643 843 687 per
862 625 1012 673 alium
1034 642 1181 686 quam
1201 625 1374 672 Deum,

121 765 285 808 XXVI.
309 766 335 808 J
338 779 401 808 AM
418 779 520 823 ergo
537 762 776 819 videamUS‚
792 764 882 824 ipsa
899 763 1090 809 mulieris
1111 764 1331 820 formatio,
1352 781 1452 825 quae

63 836 244 893 mystice
265 836 395 880 etiam
420 834 650 880 aedificatio
678 834 795 880 dicta
823 844 912 889 est,
939 835 1315 896 quemadmodum
1336 835 1452 881 facta

63 906 131 950 sit.
156 908 320 951 Natura
342 906 505 967 quippe
521 905 713 951 mulieris
740 915 883 951 creata
904 915 994 961 est,
1021 907 1219 967 quamvis
1238 923 1288 951 ex
1311 906 1450 962 virili,

62 992 162 1036 quae
185 977 276 1037 jam
296 986 388 1022 erat
402 1012 413 1032 ‚
439 992 529 1021 non
551 976 698 1037 aliquo
721 986 845 1022 motu
864 978 955 1038 jam
978 978 1254 1022 existentium
1271 986 1451 1022 natura-

64 1062 176 1091 rum.
202 1046 357 1105 Angeli
379 1056 525 1091 autem
552 1045 719 1091 nullam
750 1047 929 1092 omnino
949 1057 1132 1108 possunt
1152 1063 1296 1092 creare
1324 1058 1455 1093 natu-

63 1133 155 1163 ram
176 1137 185 1163 ε
211 1117 327 1162 solus
344 1118 461 1161 enim
482 1133 596 1162 unus
619 1117 854 1178 cujuslibet
871 1128 1038 1163 naturae
1055 1155 1064 1174 ,
1092 1135 1169 1163 seu
1189 1135 1360 1178 magnae
1380 1135 1454 1164 seu

63 1189 277 1244 minimae,
302 1199 470 1234 creator
484 1199 547 1233 est
563 1193 678 1234 Deus
697 1225 707 1244 ‚
724 1188 769 1233 id
785 1199 874 1245 est,
899 1190 988 1249 ipsa
1015 1190 1198 1235 Trinitas
1214 1226 1224 1245 ‚
1253 1194 1394 1244 Pater,
1414 1200 1457 1235 et

64 1260 201 1305 Filius
223 1269 267 1304 et
289 1260 470 1320 Spiritus
490 1270 678 1305 sanctus.
704 1259 842 1304 Aliter
863 1274 964 1318 ergo
991 1261 1219 1321 quaeritur,
1240 1262 1455 1322 quemad-

63 1331 247 1376 modum
264 1331 320 1376 sit
335 1340 562 1391 soporatus
574 1331 730 1386 Adam,
749 1340 954 1391 costaque
971 1332 1062 1391 ejus
1075 1332 1165 1375 sine
1186 1331 1278 1376 ullo
1297 1331 1458 1377 doloris

64 1398 193 1446 sensu
215 1418 239 1446 a
261 1402 452 1461 corporis
476 1416 684 1462 compage
707 1400 900 1445 detracta
921 1400 990 1444 sit.
1014 1403 1117 1445 Haec
1139 1401 1257 1445 enim
1276 1402 1459 1447 fortasse

65 1471 269 1517 dicantur
288 1472 481 1532 potuisse
509 1487 586 1532 per
615 1470 805 1530 Angelos
832 1471 926 1515 fieri
949 1489 958 1515 :
984 1469 1173 1515 formare
1208 1480 1355 1516 autem
1388 1471 1458 1517 vel

3 1562 5 1565 ⁴
64 1541 281 1588 aedificare
302 1531 465 1588 costam
481 1576 492 1597 ‚
517 1550 567 1586 ut
587 1538 745 1585 mulier
767 1549 892 1595 esset,
917 1555 1057 1601 usque
1076 1542 1184 1587 adeo
1202 1557 1293 1587 non
1312 1543 1460 1603 potuit

64 1613 147 1658 nisi
172 1616 287 1658 Deus
303 1647 314 1669 ,
344 1628 370 1657 a
396 1628 485 1674 quo
518 1611 720 1657 universa
751 1619 908 1655 natura
934 1610 1155 1667 subsistit,
1191 1621 1243 1656 ut
1268 1628 1327 1656 ne
1346 1612 1460 1658 illud

65 1683 247 1745 quidem
263 1684 403 1729 carnis
425 1682 780 1744 supplementum
801 1683 848 1726 in
865 1697 1047 1743 corpore
1067 1683 1171 1739 viri,
1190 1683 1312 1744 quod
1334 1685 1380 1729 in
1402 1684 1459 1729 il-

65 1753 150 1798 lius
170 1763 301 1799 costae
324 1754 526 1798 successit
545 1752 714 1808 locum,
746 1752 801 1796 ab
823 1752 998 1811 Angelis
1020 1751 1187 1798 factum
1205 1769 1295 1799 esse
1319 1755 1462 1800 credi-

67 1824 228 1880 derim,
254 1824 366 1869 sicut
385 1839 465 1868 nec
492 1824 636 1883 ipsum
656 1822 880 1867 hominem
907 1821 961 1866 de
987 1832 1113 1867 terrae
1135 1824 1316 1883 pulvere
1337 1845 1345 1869 :
1369 1841 1462 1870 non

68 1896 190 1957 quod
210 1894 332 1940 nulla
355 1895 410 1940 sit
431 1893 702 1954 Angelorum
726 1909 856 1954 opera
870 1929 881 1949 ‚
905 1903 956 1938 ut
985 1893 1152 1955 aliquid
1174 1905 1359 1952 creetur,
1384 1897 1461 1941 sed

68 1982 160 2012 non
179 1965 278 2012 ideo
306 1974 519 2011 creatores
541 1974 665 2023 sunt3
691 1965 794 2026 quia
818 1980 898 2009 nec
919 1964 1126 2023 agricolas
1153 1976 1366 2012 creatores
1394 1983 1462 2012 se-

69 2046 218 2096 getum
235 2045 366 2097 atque
379 2035 585 2081 arborum
607 2034 806 2080 dicimus.
831 2054 851 2077 «
871 2037 970 2080 Non
987 2036 1103 2080 enim
1116 2036 1192 2096 qui
1208 2037 1378 2097 plantat
1399 2048 1465 2082 est

73 2125 94 2150 »
130 2107 318 2168 aliquid,
354 2122 496 2167 neque
533 2106 609 2166 qui
637 2105 746 2163 rigat
761 2141 772 2161 ‚
809 2105 885 2150 sed
922 2106 998 2166 qui
1029 2107 1350 2152 incrementum
1386 2108 1463 2154 dat

75 2196 96 2219 »
130 2180 291 2223 Deus¹.
325 2195 346 2219 »
381 2176 449 2221 Ad
473 2177 557 2220 hoc
578 2176 897 2220 incrementum
918 2177 1107 2235 pertinet
1134 2178 1262 2222 etiam
1292 2179 1338 2222 in
1361 2195 1462 2224 cor-

73 2263 178 2308 pore
199 2248 395 2291 humano
412 2282 422 2302 ,
443 2247 564 2307 quod
586 2261 678 2290 osse
705 2245 884 2306 dempto
901 2282 911 2301 ‚
940 2246 1062 2291 locus
1084 2263 1214 2292 carne
1235 2248 1462 2309 suppletus

72 2327 158 2374 est,
183 2317 259 2363 illo
282 2317 444 2362 scilicet
459 2332 588 2377 opere
611 2316 717 2371 Dei,
737 2332 826 2377 quo
843 2326 1019 2362 naturas
1040 2317 1263 2364 substituit
1284 2329 1334 2364 ut
1356 2321 1458 2377 sint,

73 2405 162 2450 quo
183 2389 298 2449 ipsos
319 2404 496 2449 quoque
517 2386 706 2446 Angelos
723 2386 899 2431 creavit.

131 2461 318 2504 XXVII.
340 2460 461 2520 Opus
477 2458 625 2518 itaque
642 2456 843 2516 agricolae
862 2467 946 2513 est,
968 2467 1017 2503 ut
1031 2474 1191 2520 aquam
1208 2460 1340 2506 ducat
1358 2478 1462 2507 cum

124 2561 131 2578 ¹
158 2566 171 2587 1
200 2555 275 2587 Cor.
294 2565 340 2595 111,
362 2564 394 2595 7.

240 2618 346 2647 cxu.
1222 2610 1273 2649 30
