1854 3219
349 268 403 295 DE
434 267 584 295 GElesr
617 266 672 295 An
705 265 944 306 LtTTERAM,
981 270 1063 296 Lm.
1100 270 1166 296 111.
1369 257 1454 298 249

73 333 175 389 Dei,
206 347 296 378 non
321 341 575 393 separantur
596 333 811 388 foeminae,
843 334 1039 394 quamvis
1067 334 1113 378 in
1133 349 1237 379 sexu
1264 337 1455 396 corporis

73 419 222 448 earum
244 402 363 448 aliud
380 403 616 463 figuratum
637 403 711 460 sit,
736 412 914 464 propter
935 403 1055 465 quod
1076 405 1143 450 vir
1159 404 1274 450 solus
1297 405 1456 451 dicitur

73 489 162 519 esse
190 475 334 534 imago
356 483 399 518 et
423 473 559 533 gloria
579 475 684 532 Dei,
719 475 778 519 sic
800 483 844 519 et
861 474 908 518 in
930 475 1021 534 ipsa
1042 475 1182 535 prima
1204 475 1456 522 conditione

72 545 281 602 hominis,
307 546 550 591 secundum
575 546 622 591 id
648 545 769 607 quod
800 555 844 590 et
871 544 1051 591 foemina
1080 547 1214 591 homo
1237 557 1350 603 erat,
1378 549 1459 593 ha-

72 617 206 661 bebat
226 617 380 678 utique
400 626 595 662 mentem
619 632 741 662 suam
763 615 1050 677 eamdemque
1082 617 1338 663 rationalem
1355 654 1365 674 ,
1392 635 1458 664 se-

71 688 267 733 cundum
299 704 432 750 quam
463 689 555 749 ipsa
586 703 762 749 quoque
794 688 905 732 facta
933 697 995 732 est
1026 687 1081 732 ad
1108 688 1340 747 imaginem
1361 690 1454 734 Dei.

73 758 158 805 Sed
178 769 356 820 propter
372 760 585 805 unitatem
604 759 938 820 conjunctionis,
960 778 979 800 «
997 759 1119 804 Fecit
1136 763 1267 814 Deus,
1293 760 1455 821 inquit,

8 864 10 867 .
74 848 95 872 »
129 831 353 875 hominem
375 831 431 876 ad
446 831 681 891 imaginem
698 831 816 876 Dei1.
841 849 861 872 >›
883 833 945 875 Ac
961 845 1016 874 ne
1036 831 1267 891 quisquam
1285 841 1460 891 putaret

70 899 211 945 solum
229 901 428 960 spiritum
439 901 627 946 hominis
641 899 822 956 factum,
840 901 1038 961 quamvis
1057 900 1299 946 secundum
1316 901 1458 946 solum

70 972 269 1032 spiritum
296 972 419 1016 fieret
442 971 498 1017 ad
517 972 752 1032 imaginem
774 972 876 1017 Dci:
906 992 926 1015 «
953 973 1074 1017 Fecit
1103 972 1254 1029 illum,
1286 973 1456 1034 inquit,

73 1061 95 1085 »
129 1042 374 1088 masculum
396 1053 440 1088 et
462 1042 709 1100 foeminam,
738 1062 758 1085 »
783 1053 833 1088 ut
848 1046 939 1106 jam
962 1045 1090 1089 etiam
1113 1060 1270 1104 corpus
1291 1044 1459 1090 factum

70 1113 353 1175 intelligatur.
375 1108 567 1160 Rursum
581 1131 637 1161 ne
654 1116 884 1177 quisquam
903 1116 1185 1161 arbitraretur
1200 1117 1260 1160 ita
1274 1115 1455 1172 factum,

70 1194 121 1230 ut
141 1185 186 1229 in
207 1186 386 1231 homine
412 1186 619 1246 singulari
640 1196 825 1248 uterque
848 1202 970 1232 sexus
1000 1187 1328 1247 exprimeretur,
1349 1188 1460 1231 sicut

0 1265 3 1320 {
70 1256 294 1301 interdum
320 1267 581 1314 nascuntur,
611 1274 720 1318 quos
747 1258 1025 1318 androgynos
1052 1268 1236 1314 vocant,
1269 1258 1460 1303 ostendit

1 1344 4 1373 1
68 1342 113 1372 56
143 1327 406 1387 singularem
433 1344 667 1373 numerum
698 1338 876 1389 propter
897 1330 1217 1390 conjunctionis
1246 1330 1458 1374 unitatem

2 1403 4 1447 ἓ
68 1398 280 1458 posuisse,
312 1408 356 1443 et
385 1399 506 1459 quod
534 1400 589 1443 de
616 1400 708 1444 viro
730 1399 888 1444 mulier
920 1400 1034 1445 facta
1063 1410 1151 1456 est,
1176 1401 1287 1445 sicut
1308 1409 1457 1460 postea

67 1466 432 1525 manifestabitur,
459 1484 562 1514 cum
578 1468 624 1513 id
647 1469 770 1530 quod
795 1470 866 1515 1116
887 1470 1077 1515 breviter
1095 1470 1262 1516 dictum
1283 1480 1367 1526 est,
1390 1471 1458 1514 di-

3 1538 5 1587 }
67 1538 271 1598 ligentius
301 1539 483 1600 coeperit
511 1539 712 1600 explicari
735 1560 743 1585 :
776 1550 820 1585 et
849 1540 949 1585 ideo
976 1541 1193 1601 pluralem
1223 1557 1457 1586 numerum

66 1610 276 1656 continuo
298 1611 501 1672 subjecit,
518 1611 665 1656 dicens
689 1631 698 1657 :
727 1630 747 1654 «
774 1612 896 1657 Fecit
913 1628 984 1658 eos
1008 1622 1051 1657 et
1067 1612 1294 1657 benedixit
1316 1629 1403 1658 eos.
1433 1632 1454 1655 >›

70 1682 156 1727 Sed
177 1691 229 1726 ut
249 1682 340 1742 jam
362 1681 471 1738 dixi,
492 1682 743 1742 diligentius
765 1682 813 1728 in
833 1684 1121 1745 consequenti
1152 1684 1374 1745 Scriptura
1402 1684 1458 1729 de

5 1779 7 1798 1
67 1753 254 1799 hominis
274 1754 491 1800 creatione
512 1754 798 1815 requiremus.

6 1915 7 1930 l
69 1911 1456 1932 mmm-WWUMMMMWMMMMMMWUWUMMMMMMWWUMMM

538 2023 757 2075 CAPUT
794 2027 986 2074 XXIII.

121 2169 230 2232 Quo
255 2176 436 2230 spectet
463 2166 586 2215 illud
612 2169 838 2216 versiculi
868 2177 950 2218 30:
975 2174 1033 2218 Et
1058 2173 1117 2218 516
1139 2171 1399 2219 estfactum.

9 2345 11 2354 4
125 2305 306 2349 XXXV.
319 2306 442 2351 NUNC
455 2304 772 2351 advertendum
785 2315 870 2363 est,
888 2306 1010 2368 quod
1024 2317 1312 2369 posteaquam
1328 2308 1452 2365 dixit,

9 2377 12 2417 ἑ
73 2393 93 2417 κ
128 2377 185 2418 Et
199 2374 258 2418 sic
269 2373 435 2420 factum
446 2384 510 2420 est
521 2393 532 2428 3
549 2376 726 2420 »statim
739 2376 940 2437 subjecit,
957 2397 977 2420 «
992 2381 1050 2422 Et
1065 2377 1174 2424 vidit
1186 2382 1299 2424 Deus
1310 2380 1456 2424 omnia

10 2447 13 2470 -'
71 2461 92 2486 »
126 2460 226 2505 quae
243 2443 361 2501 fecit,
379 2455 422 2490 et
438 2461 537 2492 ecce
550 2446 666 2491 bona
682 2446 809 2492 valde
827 2467 836 2492 2
862 2467 880 2488 »
898 2448 976 2492 ubi
995 2448 1254 2508 intelligitur
1266 2460 1454 2510 potestas

69 2523 114 2560 et
133 2514 315 2560 facultas
341 2516 433 2576 ipsa
453 2516 554 2564 data
582 2526 750 2580 naturae
780 2518 984 2565 humanae
1012 2520 1214 2567 sumendi
1235 2521 1290 2566 ad
1312 2536 1453 2567 escam

116 2619 126 2636 1
143 2614 222 2646 Gen.
239 2624 263 2656 ¹,
283 2621 338 2657 27.
