1854 3219
369 200 422 225 DE
455 198 606 226 GENEsi
637 195 693 223 AD
726 196 963 234 Lu‘TEnAM,
999 197 1081 223 Lis.
1117 197 1212 222 vui.
1396 179 1479 220 435

101 278 234 325 quam
256 278 338 309 nec
359 264 466 309 alius
487 278 569 308 nec
589 262 753 318 nullm,
774 262 850 307 sed
871 263 1048 307 omnino
1067 263 1158 322 ipse
1180 259 1412 305 informem
1434 274 1484 303 ac

99 334 378 381 formabilem
394 334 598 388 instituit,
620 343 671 378 ut
686 334 993 379 formationem
1015 348 1137 378 suam
1153 348 1243 378 non
1260 341 1455 391 tempore
1469 365 1482 385 ‚

98 403 178 450 sed
197 405 363 465 origine
385 403 661 465 praeveniret.
689 403 933 463 Spiritalem
955 413 1100 448 autem
1122 412 1363 448 creaturam
1385 416 1486 446 eor-

100 475 239 535 porali
259 474 524 535 praeposuit3
557 473 680 535 quod
699 473 901 534 spiritalis
929 473 1234 519 tantummodo
1262 468 1340 533 per‘
1370 481 1483 516 tem-

98 562 206 607 pora
224 546 386 593 mutari
401 555 561 607 posset,
581 545 814 606 corporalis
828 555 973 590 autem
990 562 1068 607 per
1082 555 1279 605 tempora
1300 554 1344 589 et
1363 543 1476 588 loca.

98 617 299 678 Exempli
310 618 447 674 enim,
466 617 602 678 gratia
618 632 696 678 per
714 626 885 678 tempus
902 626 1103 663 movetur
1118 616 1303 671 animus,
1323 613 1394 661 vel
1413 629 1483 659 re-

99 689 370 735 miniscendo
391 689 513 751 quod
533 689 694 735 oblitus
708 698 821 745 erat,
838 688 911 735 vel
927 688 1134 734 discendo
1146 724 1157 745 ‚
1177 686 1299 749 quod
1318 686 1480 731 nescie-

97 759 202 819 bat3
224 759 295 810 vel
314 760 504 807 volendo
527 759 650 822 quod
669 760 849 806 nolebat
868 780 879 805 z
908 776 986 820 per
1006 760 1102 806 loca
1126 769 1273 805 autem
1307 772 1482 818 corpus,

99 830 170 877 vel
187 848 211 877 a
229 840 348 881 *terra
365 832 412 876 in
423 831 611 888 coelum,
637 831 706 877 vel
718 847 742 876 a
755 831 869 877 coelo
885 831 931 875 in
947 840 1122 887 terram,
1147 829 1217 876 vel
1235 831 1288 874 ab
1302 829 1480 873 Oriente

99 902 146 947 in
166 903 472 959 Occidentem,
492 902 562 948 vel
583 903 618 948 si
639 919 729 964 quo
749 902 834 949 alio
856 902 982 949 simili
1001 903 1148 948 modo.
1174 904 1315 947 Omne
1336 908 1484 944 autem

99 974 221 1035 quod
238 983 440 1024 movetur
459 990 538 1034 per
559 973 706 1019 locum
720 1010 730 1030 ,
762 991 851 1019 non
873 983 1017 1035 potest
1036 973 1116 1018 nisi
1138 982 1182 1017 et
1203 988 1280 1033 per
1308 981 1483 1031 tempus

99 1046 230 1092 simul
246 1047 413 1092 moveri
439 1066 448 1092 ε
474 1055 518 1091 at
537 1062 628 1092 non
651 1062 780 1092 omne
807 1047 928 1107 quod
957 1054 1158 1092 movetur
1178 1060 1256 1104 per
1278 1053 1449 1102 tempus
1467 1076 1479 1097 ,

100 1133 274 1163 necesse
297 1127 361 1164 est
379 1118 510 1163 etiam
525 1134 604 1178 per
623 1117 772 1164 locum
794 1119 974 1164 moveri.
1004 1118 1125 1164 Sicut
1153 1131 1254 1174 ergo
1278 1115 1483 1160 substan-

100 1189 222 1247 tiam,
251 1206 351 1251 quae
372 1199 573 1236 movetur
594 1206 671 1251 per
692 1200 865 1251 tempus
886 1200 930 1235 et
953 1190 1101 1236 locum
1114 1225 1124 1245 ,
1145 1188 1354 1249 praeeedit
1377 1187 1483 1232 sub-

99 1262 259 1306 stantia
278 1278 380 1323 quae
396 1271 569 1306 tantum
585 1278 663 1322 per
683 1271 856 1322 tempus
883 1282 891 1306 :
917 1262 977 1306 ita
999 1262 1138 1322 ipsam
1159 1259 1366 1321 praecedit
1384 1258 1457 1302 illa
1471 1293 1484 1314 ‚

101 1347 202 1393 quae
223 1348 304 1377 nec
326 1348 403 1392 per
422 1332 571 1378 locum
592 1349 673 1378 nee
689 1349 766 1393 per
790 1342 977 1393 tempus.
999 1335 1062 1378 Ac
1083 1348 1160 1392 per
1176 1332 1260 1376 hoc
1282 1331 1393 1375 sicut
1409 1344 1487 1389 per

101 1411 274 1463 tempus
296 1412 340 1447 et
353 1402 507 1448 locum
520 1413 680 1449 -movet
708 1419 866 1464 eorpus
896 1404 987 1463 ipse
1016 1412 1190 1447 tantum
1217 1417 1295 1462 per
1316 1411 1489 1459 tempus

101 1483 247 1519 motus
268 1473 472 1519 conditus
494 1474 694 1534 spiritus3
720 1474 780 1519 ita
803 1490 880 1534 per
899 1483 1071 1533 tempus
1092 1483 1240 1519 movet
1260 1472 1489 1518 conditum

101 1544 303 1604 spiritum
323 1544 415 1605 ipse
435 1560 516 1590 nec
539 1561 616 1605 per
633 1554 828 1605 tempus,
853 1560 934 1590 nec
951 1560 1029 1605 per
1044 1544 1194 1589 locum
1215 1554 1360 1589 motus
1380 1559 1489 1588 con-

101 1614 220 1664 ditor
241 1615 425 1676 Spiritus
447 1635 457 1661 ι
481 1616 559 1661 sed
589 1616 765 1676 spiritus
793 1625 963 1661 creatus
992 1625 1140 1661 movet
1169 1631 1214 1660 se
1244 1615 1386 1675 ipsum
1413 1629 1492 1674 per

103 1695 298 1747 tempus,
319 1697 364 1732 et
382 1703 458 1747 per
475 1697 648 1748 tempus
671 1703 720 1733 ae
743 1687 892 1733 locum
914 1704 1095 1748 corpus3
1129 1687 1313 1747 Spiritus
1342 1695 1489 1731 autem

104 1767 273 1804 creator
294 1768 442 1805 movet
462 1759 666 1819 seipsum
686 1758 778 1804 sine
800 1768 996 1819 tempore
1013 1774 1061 1803 ac
1082 1758 1196 1813 loco,
1224 1767 1370 1803 movet
1391 1773 1494 1802 con-

105 1829 248 1875 ditum
267 1830 468 1891 spiritum
492 1846 571 1891 per
592 1839 764 1891 tempus
784 1831 877 1875 sine
900 1829 998 1876 loco
1013 1865 1025 1886 ‚
1055 1839 1202 1876 movet
1229 1845 1387 1890 corpus
1414 1844 1492 1889 per

106 1908 278 1965 tempus
295 1911 341 1948 et
357 1901 521 1947 locum.

105 2035 671 2054 mmmmmmmm
675 2035 1491 2054 mmmmmwumm mmmmmmm

602 2097 819 2185 CAPUT
854 2137 996 2184 xxi.

115 2264 512 2328 QuomodoDeus
530 2267 751 2313 immotas
768 2278 959 2314 moveat
972 2278 1247 2326 creaturas,
1267 2266 1489 2329 exemplo,

546 2339 723 2385 anz'moe
745 2337 1053 2400 deprehendi.

165 2463 259 2507 XL.
279 2464 496 2518 Quocch
512 2463 709 2525 quisquis
726 2463 965 2524 intelligere
987 2474 1187 2522 conatur,
1206 2463 1491 2526 quemadmo-

106 2530 216 2582 dum
233 2549 336 2581 vere
360 2543 550 2590 aeternus
570 2544 616 2581 et
638 2550 740 2582 vere
760 2535 1017 2583 immortalis
1044 2545 1177 2598 atque
1203 2537 1492 2581 incommuta-

1214 2607 1283 2647 28.
