1854 3219
333 146 387 175 DE
419 144 630 174 DochNA
661 143 912 174 cnmsnffla
945 146 1028 174 Lm.
1065 147 1124 173 1v.
1366 135 1415 172 91

39 228 129 258 non
155 211 254 263 ideo
276 212 418 274 tepuit
437 211 610 270 grandis
632 211 814 256 affectus
830 246 841 266 ‚
877 227 965 273 quo
999 211 1223 273 eloquium
1254 211 1422 256 fervere

39 292 264 334 sentimus.

37 427 674 450 mmmmm
727 446 729 449 ⁴
1030 426 1418 445 mmmmm

526 549 745 600 CAPUT
772 552 915 605 XXI.

35 694 288 758 Exempla
322 712 386 745 ex
405 694 680 747 doctoribus
710 692 1058 741 ecclesiasticis.
1084 721 1142 730 ——-
1163 694 1423 742 Sabmz'ssoe

93 765 315 812 dictionis
333 766 621 828 exemplum.
632 767 1006 827 —Temperatoe
1025 766 1248 821 dictionis
1260 782 1423 813 exem-

87 836 237 903 plum,
261 864 323 874 —
348 837 565 889 Grandis
579 838 770 906 generis
793 836 1079 898 exemplum.

91 976 226 1020 XLV.
256 976 342 1021 SEn
359 974 592 1042 apostolica
610 976 690 1020 ista
718 974 778 1020 sic
799 975 913 1020 clara
930 983 1031 1019 sunt
1044 1010 1054 1030 ,
1075 984 1126 1019 ut
1143 983 1187 1018 et
1202 972 1423 1034 profunda

32 1045 140 1104 sint3
165 1054 297 1107 atque
323 1046 383 1090 ita
404 1047 647 1107 conscripta
675 1046 986 1107 memoriaeque
1008 1045 1234 1100 mandata,
1261 1054 1311 1089 ut
1333 1060 1424 1090 non

33 1116 174 1162 solum
196 1115 357 1161 lectore
379 1116 450 1162 vel
471 1117 669 1162 auditore
684 1153 695 1174 ,
721 1116 1008 1162 verumetiam
1040 1117 1281 1176 expositore
1314 1131 1422 1176 opus

31 1189 248 1245 habeant,
275 1189 310 1233 si
331 1189 427 1250 quis
454 1189 502 1233 in
524 1190 583 1234 eis
612 1206 701 1235 non
723 1189 951 1250 superficie
973 1198 1205 1234 contentus
1227 1187 1424 1233 altitudi-

31 1275 134 1305 nem
155 1269 336 1320 quaerat.
351 1253 639 1320 ⁴Quapropter
661 1260 883 1305 videamus
908 1261 988 1304 ista
1006 1275 1162 1317 genera
1185 1259 1360 1309 dicendi
1379 1260 1423 1303 in

31 1322 115 1387 eis,
134 1330 209 1393 qui
225 1331 409 1378 istorum
429 1331 615 1375 lectione
637 1330 691 1374 ad
715 1347 860 1375 rerum
884 1331 1130 1375 divinarum
1152 1340 1284 1390 atque
1304 1329 1421 1374 salu--

31 1402 176 1447 brium
193 1402 418 1447 scientiam
438 1400 722 1463 profecerunt
738 1437 748 1457 ‚
774 1417 958 1462 eamque
980 1400 1186 1445 Ecclesiae
1204 1401 1422 1446 ministra—

0 1525 1 1532 *
32 1483 149 1518 runt.
169 1476 326 1518 Beatus
347 1473 592 1533 Cyprianus
615 1473 827 1517 submisso
850 1471 1024 1517 dicendi
1048 1487 1203 1530 genere
1220 1473 1360 1516 utitur
1376 1473 1422 1517 in

0 1574 2 1617 ἱ
31 1559 83 1590 eo
114 1543 228 1593 libro
242 1579 253 1600 ‚
289 1543 368 1588 ubi
402 1543 457 1588 de
492 1546 771 1589 Sacramento
808 1543 951 1588 calicis
987 1542 1194 1603 disputat.
1230 1543 1421 1588 Solvitur

0 1624 2 1650 ἱ
31 1615 195 1677 quippe
219 1614 279 1659 ibi
301 1614 482 1676 quaestio
499 1650 510 1670 ‚
536 1615 582 1659 in
604 1631 691 1678 qua
723 1615 935 1676 quaeritur
962 1624 1112 1659 utrum
1135 1613 1248 1660 calix
1278 1615 1421 1659 domi-

0 1704 3 1758 i
31 1680 153 1730 nicus
173 1701 332 1747 aquam
352 1685 508 1742 solam,
536 1702 591 1730 an
620 1702 716 1730 eam
734 1687 837 1731 vino
860 1686 1037 1730 mixtam
1061 1685 1218 1730 debeat
1239 1687 1415 1730 habere.

0 1759 25 1819 i„
34 1756 118 1802 Sed
141 1756 328 1816 exempli
347 1756 481 1814 gratia
498 1755 664 1817 aliquid
680 1757 783 1800 inde
800 1757 1055 1817 ponendum
1075 1766 1151 1801 est.
1181 1761 1283 1802 Post
1300 1758 1422 1818 prin-

1 1810 6 1892 }
32 1828 194 1888 cipium
226 1842 327 1885 ergo
357 1827 587 1887 Epistolae,
613 1829 704 1888 jam
726 1826 893 1872 solvere
914 1828 1126 1887 incipiens
1156 1829 1421 1889 propositam

1 1896 7 1958 ff
33 1898 347 1960 quaestionem,
371 1917 391 1941 α
415 1896 675 1943 Admonitos
699 1908 844 1942 autem
866 1915 944 1943 nos
963 1899 1067 1943 scias
1084 1934 1094 1954 ‚
1115 1899 1280 1960 inquit,
1310 1909 1359 1944 ut
1376 1901 1421 1944 in

3 1979 5 2037 j
35 1987 56 2011 »
92 1968 224 2013 calice
239 1967 468 2013 offerendo
482 1968 700 2013 dominica
724 1969 898 2014 traditio
912 1979 1122 2025 servetur,
1141 1986 1285 2030 neque
1303 1970 1421 2016 aliud

2 2041 7 2084 1
35 2056 56 2082 ι)
90 2039 167 2085 fiat
188 2055 212 2083 a
229 2038 377 2095 nobis,
397 2055 529 2100 quam
547 2038 669 2102 quod
683 2055 762 2100 pro
776 2040 903 2084 nobis
924 2041 1135 2085 Dominus
1157 2041 1274 2100 prior
1290 2040 1417 2098 fecit,

4 2085 8 2173 ξ
37 2127 57 2151 »
91 2118 141 2159 ut
161 2107 272 2154 calix
287 2145 298 2166 ‚
323 2110 401 2170 qui
421 2111 468 2154 in
487 2111 947 2155 commemorationem
969 2112 1059 2172 ejus
1093 2111 1292 2168 ossertur⁷
1317 2113 1420 2158 vino

5 2178 8 2239 ξ
37 2199 58 2222 »
91 2181 248 2225 mixtus
271 2179 497 2230 offeratur.
528 2184 640 2227 Nam
662 2197 762 2226 cum
784 2181 901 2226 dicat
929 2182 1125 2227 Christus
1141 2218 1151 2238 ,
1178 2181 1292 2245 Ego
1317 2199 1422 2228 sum

6 2244 9 2308 ξ·
37 2257 57 2292 ›'›
91 2250 199 2297 vitis
219 2266 338 2295 vera
350 2252 389 2306 ¹,·
408 2252 580 2310 sanguis
603 2252 789 2308 Christi,
810 2269 900 2298 non
924 2269 1035 2314 aqua
1054 2263 1117 2297 est
1140 2254 1292 2314 utique
1309 2289 1319 2309 ‚
1346 2253 1422 2298 sed

38 2338 58 2362 »
91 2321 243 2365 vinum
257 2355 268 2377 ‚
284 2336 364 2366 nec
386 2331 530 2383 potest
544 2322 682 2367 videri
705 2323 878 2381 sanguis
897 2325 1009 2384 ejus,
1030 2340 1119 2385 quo
1142 2323 1356 2385 redempti
1378 2333 1421 2368 et

8 2403 9 2406 ¹
38 2389 59 2433 ἰ)
92 2390 293 2435 vivificati
320 2406 494 2449 sumus,
530 2408 619 2438 esse
649 2393 696 2437 in
727 2392 882 2450 calice,
919 2394 1098 2454 quando
1128 2395 1283 2440 vinum
1310 2395 1420 2439 desit

7 2446 11 2487 ¹.
84 2495 92 2511 ¹
113 2490 204 2522 Joan.
221 2499 278 2531 xv,
299 2488 330 2521 5.
