1854 3219
399 193 482 233 554
855 209 887 234 s.
925 206 1154 235 Aucus‘rrm
1188 207 1367 234 EPISCOPI

395 281 618 316 scuratum
651 280 714 315 cst
742 272 945 331 insipiens
969 287 1043 316 cor
1074 273 1267 316 corum¹.
1304 274 1355 316 Sc
1388 270 1550 331 quippe
1580 271 1785 317 dixerunt

396 359 486 386 csse
503 342 716 401 sapientes
733 342 778 385 in
799 341 1066 386 abundantia
1083 358 1158 386 sua
1171 377 1182 397 ‚
1210 352 1252 387 ct
1270 342 1344 387 illo
1362 350 1582 388 avertente
1604 341 1757 387 faciem
1770 377 1782 397 ‚

395 413 518 458 stulti
532 412 635 457 facti
657 422 773 457 sunt.
793 412 923 466 Quod
945 414 1059 457 enim
1075 415 1165 474 jam
1186 415 1297 473 ipsos
1320 413 1516 474 pudebat
1537 427 1634 471 erga
1658 429 1701 457 se
1718 414 1787 474 ip-

395 501 486 539 sos,
512 484 631 528 unde
655 484 737 529 sibi
763 494 807 528 et
828 484 1113 529 succinctoria
1136 483 1352 540 fecerant,
1385 484 1525 528 multo
1547 485 1786 529 vehemen-

395 556 480 600 tius
515 555 569 599 ab
603 554 679 599 illo
712 555 841 598 etiam
878 555 936 598 sic
970 555 1177 600 succincti
1215 553 1353 599 videri
1385 555 1674 611 verebantur,
1709 556 1786 617 qui

393 636 601 686 tanquam
642 624 844 670 familiari
888 634 1230 685 temperamento
1264 624 1320 669 ad
1354 640 1426 669 eos
1463 624 1674 671 videndos
1708 641 1786 685 per

393 706 635 742 creaturam
664 694 879 739 visibilem
908 695 1032 741 velut
1062 698 1277 740 humanos
1311 696 1459 741 oculos
1482 696 1706 741 afferebat.
1743 698 1785 742 Si

394 768 511 811 enim
534 776 763 827 propterea
793 767 852 811 sic
876 768 1111 827 apparebat
1126 803 1136 822 ,
1161 776 1210 811 ut
1231 767 1429 811 homines
1453 776 1663 828 tanquam
1685 783 1786 812 cum

393 840 573 884 homine
597 839 905 899 loquerentur,
931 838 1312 900 quemadmodum
1333 839 1556 884 Abraham
1579 838 1633 883 ad
1653 854 1786 899 quer-

394 926 496 955 cum
524 910 772 965 Mambre2,
804 909 877 954 illa
907 910 997 969 ipsa
1019 925 1157 969 prope
1177 910 1364 954 amicitia
1387 909 1555 970 pudore
1578 910 1786 955 onerabat

392 991 492 1042 post
514 989 767 1040 peccatum,
791 997 891 1041 quse
914 980 1119 1025 fiduciam
1141 980 1276 1024 dabat
1300 990 1400 1024 ante
1428 989 1678 1040 peccatum,
1706 996 1786 1025 nec

388 1054 480 1114 jam
501 1052 623 1097 illam
657 1052 904 1097 nuditatem
926 1052 1149 1097 audebant
1170 1052 1400 1097 ostendere
1428 1051 1589 1096 talibus
1619 1051 1755 1097 oculis
1770 1087 1782 1108 ,

395 1140 495 1184 quae
517 1122 774 1183 displicebat
796 1132 840 1168 et
860 1125 963 1167 suis.

393 1279 1785 1299 mmmmmmmmmmmmmmmmmmmm

857 1402 1077 1452 CAPUT
1115 1403 1321 1452 XXXV.

689 1547 1053 1593 Eoeczcsationes
1074 1546 1266 1593 Adami
1283 1557 1329 1592 et
1349 1546 1401 1593 E
1404 1562 1486 1593 vce.

451 1687 633 1729 XLVII.
657 1687 859 1728 Dozvnmis
881 1696 983 1740 ergo
1004 1683 1154 1727 volens
1172 1683 1263 1742 jam
1291 1692 1541 1742 peccatores
1557 1698 1679 1728 more
1690 1685 1785 1744 jus-

389 1758 495 1803 titiae
515 1757 803 1813 interrogatos
817 1754 975 1814 punire
990 1754 1176 1813 amplius
1198 1769 1333 1814 quam
1356 1764 1447 1799 erat
1468 1753 1540 1798 illa
1561 1770 1708 1814 poena,
1730 1755 1785 1800 de

387 1844 474 1889 qua
495 1829 585 1887 jam
616 1826 890 1885 cogebantur
925 1824 1213 1870 erubescere:
1252 1844 1272 1867 α
1298 1824 1402 1878 Quis
1425 1825 1670 1881 nuntiavit,
1710 1827 1781 1871 in-

389 1917 410 1941 »
445 1898 564 1958 quit,
586 1897 667 1940 tibi
690 1896 793 1957 quia
816 1895 961 1941 nudus
980 1911 1045 1950 es,
1067 1896 1147 1940 nisi
1164 1912 1188 1940 a
1210 1895 1329 1954 ligno
1346 1895 1469 1956 quod
1490 1912 1785 1957 praeceperam

388 1988 409 2012 n
445 1968 527 2013 tibi
545 1977 716 2013 tantum
735 1983 790 2011 ne
809 1982 861 2011 ex
877 1983 929 2012 eo
949 1966 1257 2022 manducareS‚
1285 1966 1340 2011 ab
1363 1982 1415 2011 eo
1431 1966 1608 2012 edistiss?
1626 1986 1645 2009 υ
1670 1968 1783 2012 Hinc

385 2041 502 2085 enim
525 2055 640 2085 mors
659 2049 872 2099 concepta
885 2074 896 2095 ‚
921 2047 1100 2098 propter
1120 2038 1199 2083 Dei
1216 2039 1493 2095 sententiam,
1514 2040 1591 2100 qui
1609 2039 1668 2084 sic
1690 2039 1784 2084 fue-

385 2121 451 2157 rat
467 2111 774 2166 comminatus‚
796 2110 901 2156 fecit
913 2109 1079 2155 adverti
1097 2109 1552 2171 concupiscentialiter
1565 2111 1778 2165 membra,

384 2183 463 2227 ubi
484 2182 588 2227 dicti
612 2191 715 2227 sunt
735 2182 874 2242 aperti
896 2181 1037 2237 oculi,
1064 2192 1108 2227 et
1128 2191 1327 2227 secutum
1345 2191 1409 2226 est
1431 2180 1553 2242 quod
1576 2183 1776 2242 puderet.

387 2274 408 2297 «
444 2257 500 2298 Et
521 2253 631 2298 dixit
647 2253 789 2299 Adam
808 2274 816 2299 :
837 2253 996 2299 Mulier
1015 2270 1149 2315 quam
1172 2253 1330 2298 dedisti
1353 2269 1543 2308 mecum,
1560 2255 1655 2299 haec
1672 2255 1779 2298 mihi

385 2342 406 2366 »
441 2324 563 2368 dedit
579 2340 602 2369 a
623 2323 769 2383 ligno,
794 2334 837 2369 et
863 2324 973 2369 edi4.
999 2344 1018 2367 »
1041 2326 1118 2369 Eia
1139 2325 1344 2384 superbia
1366 2325 1374 2368 l
1399 2325 1619 2385 numquid
1642 2325 1748 2369 dixit
1767 2344 1775 2370 :

382 2395 591 2440 Peccavi?
614 2395 758 2439 Habet
779 2395 1047 2441 confusionis
1073 2394 1400 2440 deformitatem
1415 2431 1426 2451 ,
1461 2405 1502 2439 et
1525 2411 1615 2440 non
1641 2395 1775 2439 habet

433 2498 443 2514 ¹
471 2493 560 2523 Rom.
590 2502 614 2533 1,
647 2501 702 2533 21,
724 2496 759 2523 et
780 2491 894 2534 Eplies.
922 2502 966 2532 iv,
1002 2491 1050 2523 18.
1074 2499 1144 2515 —-²
1170 2494 1251 2524 Gen.
1273 2502 1363 2532 vvm,
1383 2503 1412 2525 1.
1432 2491 1538 2523 -1d.
1565 2502 1610 2530 iu,
1646 2503 1696 2523 11.
1731 2509 1771 2514 —-

388 2545 501 2578 ⁵1bid.
526 2556 578 2579 12.
