1854 3219
331 266 386 293 DE
417 261 567 294 GENESI
600 261 654 291 An
686 260 930 302 LITTERAM,
967 265 1048 290 mn.
1086 265 1132 290 11.
1348 252 1430 289 ‘215

52 333 363 394 principatum,
379 333 396 390 (
407 346 505 376 nam
528 339 571 375 et
592 342 780 388 graecum
796 330 976 373 verbum
1000 330 1082 374 hoc
1096 329 1231 388 magis
1248 327 1427 383 indicat,

51 419 153 449 cum
169 402 336 449 dictum
355 406 419 447 est
440 408 537 456 ἀρχὴν
553 422 564 460 3
582 409 625 445 et
645 401 691 444 in
706 398 882 444 Psalmis
900 401 1090 460 apertius
1112 400 1322 459 scriptum
1343 407 1431 455 est,

55 489 76 518 (ι
113 474 256 521 Solem
277 474 323 518 in
343 478 602 534 potestatem
624 470 731 527 diei,
762 470 913 515 lunam
935 479 977 515 et
997 469 1140 515 stellas
1167 470 1214 514 in
1240 479 1435 530 potesta-

54 561 76 588 »
110 552 199 591 tem
220 545 359 591 noctis
369 546 406 591 1:
430 558 451 587 »
467 547 484 604 )
499 555 589 589 non
601 543 772 604 cogitur
784 557 808 588 a
821 542 1171 604 quarta-decima
1187 556 1432 599 numerare,

52 624 97 663 et
115 616 290 663 credere
305 616 457 662 lunam
478 614 638 662 iactam
653 614 796 677 primo
812 629 903 660 esse
923 626 1013 660 non
1033 614 1234 675 primam.

63 761 234 780 mm

550 882 766 934 CAPUT
798 883 935 933 XVL

345 1031 430 1076 An
448 1027 612 1077 sidera
636 1027 1139 1093 oequalz'terffilgeanc.

110 1168 323 1212 XXXIII.
344 1169 496 1222 QnAEnr
518 1168 649 1213 etiam
665 1167 796 1224 solet,
816 1176 967 1212 utrum
987 1165 1090 1212 coeli
1110 1165 1341 1212 luminaria
1358 1166 1438 1212 ista

52 1239 301 1299 conspicua,
317 1238 366 1283 id
381 1247 462 1294 est,
483 1238 549 1284 sol
568 1248 612 1284 et
631 1238 737 1283 luna
758 1248 802 1284 et
818 1238 955 1284 steflae
975 1239 1202 1300 aequaliter
1222 1237 1436 1299 fulgeant,

52 1308 128 1354 sed
158 1307 279 1370 quod
310 1308 487 1355 diversis
520 1309 757 1355 intervallis
785 1308 948 1355 distent
980 1326 1004 1354 a
1035 1319 1172 1366 terra,
1207 1319 1439 1371 propterea

51 1380 221 1426 diversa
241 1379 437 1425 claritate
457 1381 594 1441 magis
613 1382 845 1442 minusque
862 1382 1018 1427 nostris
1035 1381 1171 1427 oculis
1184 1391 1435 1442 appareant;

51 1455 109 1498 Et
124 1452 179 1497 de
197 1451 304 1497 luna
335 1452 516 1514 quidem
543 1453 621 1515 qui
642 1453 737 1499 haec
756 1453 932 1510 dicunt,
955 1469 1045 1499 non
1067 1453 1274 1498 dubitant
1295 1454 1441 1500 minus

50 1538 146 1570 eam
166 1523 313 1570 lucere
333 1540 466 1586 quam
489 1524 646 1583 solem,
663 1542 687 1570 a
710 1541 800 1587 quo
824 1526 955 1570 etiam
968 1526 1203 1587 perhibent
1214 1525 1437 1571 illustrari.

50 1596 210 1642 Multas
232 1605 379 1642 autem
410 1596 555 1642 stellas
572 1598 644 1643 vel
663 1597 852 1658 aequales
874 1597 975 1654 soli,
1000 1596 1071 1643 vel
1098 1598 1229 1643 etiam
1255 1599 1442 1659 majores

51 1666 216 1713 audent
235 1667 395 1725 dicere,
416 1668 493 1713 sed
511 1667 685 1729 longius
707 1669 868 1730 positas
889 1684 1043 1730 parvas
1059 1669 1213 1715 videri.
1234 1673 1292 1715 Et
1312 1669 1439 1716 nobis

51 1740 230 1801 quidem
256 1749 400 1801 potest
428 1741 613 1786 fortasse
633 1741 848 1798 sufficere,
869 1757 1049 1803 quoquo
1065 1741 1198 1787 modo
1221 1757 1265 1786 se
1279 1742 1361 1786 ista
1375 1757 1441 1787 res

51 1812 233 1868 habeat,
257 1812 421 1857 artifice
442 1815 534 1857 Deo
554 1812 731 1858 condita
753 1812 908 1857 sidera.
934 1815 1198 1874 Quanquam
1215 1821 1440 1858 teneamus

51 1883 308 1928 auctoritate
342 1882 579 1943 apostolica
615 1882 784 1928 dictum
802 1902 811 1929 ε
841 1899 862 1925 »
900 1883 996 1929 Alia
1030 1883 1166 1942 gloria
1199 1883 1320 1939 solis,
1358 1883 1441 1928 alia

53 1971 74 1995 »
110 1952 246 2013 gloria
273 1953 414 2010 lunae,
435 1962 480 1998 et
510 1952 592 1998 alia
627 1953 762 2013 gloria
794 1953 1043 1999 stellarum:
1079 1953 1204 1999 stella
1234 1954 1351 1999 enim
1384 1955 1439 1999 ab

52 2041 74 2067 »
107 2023 232 2069 stella
260 2024 411 2069 diflert
424 2024 470 2069 in
495 2024 670 2085 gloria2.
698 2043 720 2067 »
750 2024 834 2071 Sed
861 2026 965 2086 quia
992 2034 1177 2086 possunt
1203 2024 1348 2071 adhuc
1369 2025 1439 2070 di-

48 2110 161 2151 cere,
180 2096 347 2141 etiamsi
369 2114 460 2143 non
479 2098 681 2143 resistant
696 2099 907 2159 Apostolo
922 2133 933 2155 ,
953 2098 1168 2145 differunt
1188 2100 1369 2161 quidem
1392 2101 1438 2146 in

50 2168 207 2229 gloria,
229 2168 307 2215 sed
332 2167 389 2214 ad
413 2169 562 2215 oculos
589 2179 890 2230 terrenorum,
914 2179 990 2216 aut
1009 2171 1111 2234 quia
1139 2172 1224 2217 hoc
1256 2182 1436 2234 propter

48 2240 366 2299 resurgentium
394 2240 725 2286 simflitudinem
755 2241 930 2288 dicebat
955 2242 1212 2304 Apostolus,
1238 2245 1316 2305 qui
1346 2261 1437 2290 non

46 2311 200 2372 utique
220 2310 276 2357 ad
292 2310 441 2357 oculos
463 2311 586 2357 aliter
606 2322 736 2358 erunt
757 2323 801 2358 et
821 2314 867 2359 in
888 2330 932 2359 se
949 2315 1087 2360 aliter.
1105 2315 1327 2361 Differunt
1339 2318 1448 2378 qui-‘

49 2382 150 2427 dem
177 2392 221 2428 et
251 2384 298 2428 in
327 2399 372 2429 se
391 2384 492 2444 ipsis
524 2385 664 2430 sidera
693 2386 739 2429 in
766 2386 922 2445 gloria,
954 2387 1030 2433 sed
1052 2397 1200 2434 tamen
1221 2389 1435 2434 nonnulla

50 2463 153 2498 sunt
174 2453 306 2498 etiam
329 2454 418 2500 sole
438 2457 626 2516 majora:
652 2455 733 2516 ipsi
753 2457 942 2503 viderint
963 2458 1336 2520 quemadmodum
1359 2459 1439 2504 soli

51 2534 142 2571 tam
169 2540 380 2585 magnum
411 2527 608 2572 tribuant
648 2528 943 2588 principatum
981 2540 1030 2576 ut
1058 2546 1158 2575 eum
1193 2531 1322 2576 radiis
1357 2531 1443 2575 suis

102 2628 110 2643 ¹
133 2621 211 2654 Psal.
236 2631 352 2663 cmm,
375 2622 408 2663 8,
425 2634 458 2665 9.
475 2640 516 2646 —
538 2631 550 2646 ²
570 2637 581 2656 1
604 2626 674 2657 Cor.
702 2624 821 2665 xv‚41‚
