1854 3219
654 200 803 228 mnnx.
1336 191 1424 232 635

67 264 142 296 CM».
163 274 197 296 x.
221 268 269 298 De
285 264 356 297 coeli
372 268 473 300 motu.
1360 271 1426 303 205

141 331 187 352 xz.
214 322 261 352 De
278 319 444 352 versiculis
456 321 476 357 9
496 323 530 352 et
551 321 593 352 10
612 322 782 354 Geneseos.
1359 326 1426 358 206

129 386 189 408 111.
212 377 259 408 De
275 375 440 409 versiculis
459 378 514 419 11,
537 378 579 407 12
594 381 627 409 et
644 380 685 408 13
699 379 872 410 Geneseos.
1362 381 1428 413 207

119 442 189 464 xm.
212 434 259 465 De
271 431 431 465 versiculis
447 434 502 474 14,
516 434 571 474 15,
583 437 648 465 etc.
668 435 839 466 Geneseos.
861 433 1041 468 Luminaria
1058 444 1115 477 cur
1131 433 1184 466 die
1201 438 1316 478 quarto

262 487 411 521 condita:
1361 492 1428 524 208

123 554 187 576 xiv.
213 543 379 582 Quomodo
392 542 557 576 luminaria
573 542 636 575 sint
653 543 686 575 in
704 542 790 587 signa
807 548 841 577 et
858 549 1019 588 tempora,
1030 544 1064 578 in
1076 544 1143 578 dies
1154 549 1189 588 et
1205 555 1313 577 annos.
1363 549 1426 579 211

136 610 199 635 μη,
216 601 305 631 Luna
317 599 415 644 qualis
431 604 542 632 creata
558 598 673 631 fuerit.
1364 603 1429 633 213

123 666 187 688 xvz.
214 657 263 690 An
278 653 383 688 sidera
401 654 564 701 aequaliter
579 654 737 697 fulgeant.
1365 658 1430 689 215

112 721 190 743 xvn.
215 713 251 743 In
264 711 500 744 Genethliacos.
1360 713 1426 743 217

101 777 187 800 xvm.
211 766 386 801 Difficultas
401 768 442 801 de
458 767 626 809 sideribuS‚
641 778 682 800 an
694 777 752 810 per
765 765 893 810 spiritus
912 770 1062 808 regantur
1077 770 1112 801 et
1128 766 1317 800 animentur.
1365 768 1431 800 219

590 888 767 931 LIBER
795 887 878 930 III.

42 1020 99 1058 De
114 1019 308 1060 versiculo
324 1025 370 1057 20
387 1031 396 1063 ;
418 1033 437 1054 «
455 1019 504 1056 Et
525 1019 622 1061 dixit
640 1020 744 1061 Deus
760 1033 769 1055 ε
785 1019 962 1059 Edueant
977 1029 1098 1065 aquae,
1113 1033 1131 1055 »
1152 1021 1192 1057 et
1209 1020 1256 1057 de
1273 1020 1432 1068 reliquis

428 1089 549 1124 usque
567 1078 613 1115 ad
630 1078 746 1125 primi
764 1079 899 1124 capitis
918 1078 1049 1114 finem.

65 1167 139 1209 GAPss
165 1184 188 1208 ι.
214 1172 404 1208 Animalium
419 1183 458 1206 ex
479 1173 567 1216 aquis
584 1174 712 1206 eductio
725 1173 811 1216 prius
828 1177 977 1206 narratur
994 1183 1089 1216 quam
1107 1184 1176 1215 quae
1190 1173 1231 1205 de
1248 1177 1319 1205 ter-

209 1240 211 1242 ·
262 1241 317 1274 ra;
334 1230 420 1273 quod
435 1241 516 1274 aqua
535 1230 599 1262 aeri
609 1255 618 1271 ,
634 1231 689 1262 aer
706 1228 784 1262 coelo
799 1230 977 1272 proximum
997 1229 1189 1261 elementum
1206 1228 1256 1260 sit.
1364 1230 1429 1262 220

155 1297 190 1319 ιι.
217 1287 317 1320 Coelos
330 1285 448 1318 diluvio
465 1286 596 1328 periisse
611 1311 619 1326 ,
639 1289 687 1317 est
702 1286 808 1317 aerem
826 1284 858 1316 in
876 1295 964 1328 aquae
981 1291 1126 1317 naturam
1140 1284 1299 1317 transisse.
1364 1286 1426 1317 221

143 1353 192 1376 1u.
217 1345 264 1375 De
285 1341 517 1374 elementorum
532 1341 780 1373 commutatione
797 1341 974 1373 sententiae.
991 1342 1054 1373 Aer
1069 1341 1101 1372 in
1117 1341 1246 1373 Genesis
1259 1340 1318 1372 his—

261 1398 345 1429 toria
368 1408 430 1429 non
448 1397 686 1439 praetermissus.
1365 1397 1431 1428 222

143 1465 188 1487 iv.
215 1452 362 1496 Quinque
379 1462 485 1484 sensus
503 1452 543 1484 ad
560 1456 696 1494 quatuor
713 1451 874 1484 elementa
890 1450 1019 1483 referri.
1365 1451 1430 1495 224

163 1520 195 1542 v.
221 1511 262 1541 Ut
278 1509 319 1541 ad
335 1513 469 1551 quatuor
487 1507 646 1540 elementa
664 1506 753 1540 varie
769 1518 803 1539 se
821 1506 921 1538 habet
940 1506 1098 1539 sentiendi
1114 1507 1161 1540 vis
1178 1507 1212 1539 in
1227 1507 1319 1551 quin-

262 1575 325 1607 que
335 1563 487 1596 sensibus.
1365 1565 1431 1596 225

141 1630 185 1654 vt.
212 1619 301 1652 Aeris
319 1619 513 1652 elementum
530 1628 593 1649 non
611 1628 683 1650 esse
705 1618 952 1660 praetermissum
964 1628 983 1650 a
1000 1618 1158 1661 scriptore
1174 1619 1316 1652 Genesis.
1365 1620 1431 1652 226

131 1687 184 1709 vu.
211 1676 358 1708 volatilia
380 1686 420 1707 ex
436 1675 525 1717 aquis
543 1685 606 1705 non
622 1674 783 1706 immerito
800 1674 949 1706 dicuntur
970 1679 1091 1706 creata.
1360 1677 1425 1707 227

112 1743 183 1766 vm.
209 1731 349 1774 Reptilia
365 1730 541 1762 animarum
559 1729 705 1761 vivarum
722 1729 827 1771 pisces
843 1740 900 1761 cur
920 1729 1082 1772 appellati.
1358 1731 1424 1763 228

143 1799 188 1821 ix.
214 1787 306 1826 Quod
320 1786 448 1829 quidam
465 1774 644 1828 philosophi
655 1784 772 1828 cuique
790 1784 950 1816 elemento
966 1795 1021 1817 sua
1037 1783 1183 1817 animalia
1193 1784 1317 1818 tribue-

263 1841 348 1875 runt.
1370 1843 1436 1874 230

158 1910 192 1931 x.
216 1901 374 1932 Concesso
389 1899 547 1931 daemones
558 1910 626 1932 esse
641 1899 727 1932 aeria
746 1898 888 1931 animalia
899 1924 908 1940 ,
926 1897 1001 1930 nihil
1015 1897 1194 1930 detrahitur
1211 1899 1319 1941 Scrip-

260 1960 340 1988 turae
366 1955 496 1988 docenti
519 1955 676 1999 producta
700 1955 796 1988 fuisse
814 1966 853 1987 ex
871 1955 959 1997 aquis
977 1954 1130 1987 volatilia.
1149 1972 1192 1977 —-
1209 1955 1314 1987 Venti.

261 2028 304 2035 --
317 2011 479 2044 Tonitrua.
496 2029 538 2035 —
554 2011 672 2044 Nubes.
689 2029 732 2034 —
750 2011 871 2044 Pluvia.
883 2011 1071 2043 —Grandm
1090 2029 1132 2033 —
1145 2011 1314 2044 Serenitas.
1363 2013 1426 2045 231

144 2078 188 2101 xl.
214 2069 404 2100 'tractantur
418 2067 568 2100 versiculi
579 2068 623 2100 24
639 2071 673 2100 et
689 2069 744 2099 25.
758 2070 805 2100 De
817 2067 911 2101 variis
923 2067 1133 2100 animantium
1146 2066 1316 2111 generibus

263 2122 381 2156 creatis
394 2123 435 2155 de
445 2127 545 2155 terra.
1364 2125 1428 2155 233

133 2189 189 2212 xn.
215 2178 309 2221 Quid,
327 2177 519 2212 Secundum
529 2190 645 2223 genus,
661 2179 746 2223 quod
757 2179 798 2212 de
808 2178 997 2224 quibusdam
1013 2178 1182 2221 creatum,
1197 2189 1261 2211 non
1277 2179 1318 2211 de

262 2233 391 2267 homine
407 2233 536 2266 dicitur.
1364 2236 1430 2267 235

123 2300 192 2323 xm.
217 2289 406 2323 Benedictio
430 2300 485 2322 cur
511 2289 583 2322 solis
601 2290 792 2333 aquatilibus
816 2291 900 2324 sicut
924 2290 1044 2324 homini
1064 2290 1241 2334 impertita.
1277 2308 1317 2316 ›-

266 2345 420 2380 Officium
444 2345 602 2388 gignendi.
1367 2347 1431 2377 237

128 2413 192 2435 xiv.
218 2404 265 2434 De
281 2401 474 2434 insectorum
492 2402 670 2445 creatione.
1366 2402 1432 2433 238

139 2469 193 2489 xv.
218 2459 265 2489 De
281 2457 442 2489 creatione
457 2457 638 2489 animalium
659 2464 903 2493 venenatorum.
971 2488 975 2492 .
1365 2456 1430 2488 239

125 2523 191 2546 xv1.
218 2512 330 2546 Bestiae
346 2512 484 2546 invicem
496 2518 647 2548 nocentes
661 2524 716 2548 cur
735 2521 866 2549 creatae.
1310 2510 1321 2519 ⁶
1365 2512 1432 2544 240
