<?xml version="1.0" encoding="UTF-8"?>
<!DOCTYPE html PUBLIC "-//W3C//DTD XHTML 1.0 Transitional//EN"
    "http://www.w3.org/TR/xhtml1/DTD/xhtml1-transitional.dtd">
<html xmlns="http://www.w3.org/1999/xhtml" xml:lang="en" lang="en">
 <head>
  <title>
</title>
<meta http-equiv="Content-Type" content="text/html;charset=utf-8" />
  <meta name='ocr-system' content='tesseract 3.04.00' />
  <meta name='ocr-capabilities' content='ocr_page ocr_carea ocr_par ocr_line ocrx_word'/>
</head>
<body>
  <div class='ocr_page' id='page_1' title='image "./operaomniaaccura05auguuoft_0563.png"; bbox 0 0 1854 3219; ppageno 0'>
   <div class='ocr_carea' id='block_1_1' title="bbox 80 209 1481 2252">
    <p class='ocr_par' dir='ltr' id='par_1_1' title="bbox 80 209 1470 687">
     <span class='ocr_line' id='line_1_1' title="bbox 376 209 1457 261; baseline -0.006 -9"><span class='ocrx_word' id='word_1_1' title='bbox 376 227 430 252; x_wconf 75' lang='lat' dir='ltr'>nr..</span> <span class='ocrx_word' id='word_1_2' title='bbox 462 224 612 252; x_wconf 78' lang='lat' dir='ltr'>GENESI</span> <span class='ocrx_word' id='word_1_3' title='bbox 645 221 700 250; x_wconf 80' lang='lat' dir='ltr'>An</span> <span class='ocrx_word' id='word_1_4' title='bbox 732 222 973 261; x_wconf 65' lang='lat' dir='ltr'>er&#39;rEnAM,</span> <span class='ocrx_word' id='word_1_5' title='bbox 999 224 1080 250; x_wconf 74' lang='lat' dir='ltr'>Lm.</span> <span class='ocrx_word' id='word_1_6' title='bbox 1120 224 1178 248; x_wconf 79' lang='lat' dir='ltr'>xi.</span> <span class='ocrx_word' id='word_1_7' title='bbox 1380 209 1457 247; x_wconf 75' lang='lat'>531</span> 
     </span>
     <span class='ocr_line' id='line_1_2' title="bbox 80 285 1468 350; baseline -0.006 -15"><span class='ocrx_word' id='word_1_8' title='bbox 80 291 154 335; x_wconf 81' lang='lat' dir='ltr'>bia</span> <span class='ocrx_word' id='word_1_9' title='bbox 172 299 304 350; x_wconf 89' lang='lat' dir='ltr'>caput</span> <span class='ocrx_word' id='word_1_10' title='bbox 322 299 386 334; x_wconf 91' lang='lat' dir='ltr'>est</span> <span class='ocrx_word' id='word_1_11' title='bbox 400 325 411 346; x_wconf 94' lang='lat'>,</span> <span class='ocrx_word' id='word_1_12' title='bbox 436 288 491 333; x_wconf 89' lang='lat' dir='ltr'>ad</span> <span class='ocrx_word' id='word_1_13' title='bbox 511 290 622 333; x_wconf 88' lang='lat' dir='ltr'>hanc</span> <span class='ocrx_word' id='word_1_14' title='bbox 641 287 871 347; x_wconf 75' lang='lat' dir='ltr'>specialem</span> <span class='ocrx_word' id='word_1_15' title='bbox 894 287 1160 332; x_wconf 86' lang='lat' dir='ltr'>descendens</span> <span class='ocrx_word' id='word_1_16' title='bbox 1177 302 1274 346; x_wconf 82' lang='lat' dir='ltr'>quae</span> <span class='ocrx_word' id='word_1_17' title='bbox 1293 285 1468 345; x_wconf 83' lang='lat' dir='ltr'>propria</span> 
     </span>
     <span class='ocr_line' id='line_1_3' title="bbox 80 357 1468 419; baseline -0.006 -13"><span class='ocrx_word' id='word_1_18' title='bbox 80 361 310 406; x_wconf 89' lang='lat' dir='ltr'>hominum</span> <span class='ocrx_word' id='word_1_19' title='bbox 329 362 569 419; x_wconf 89' lang='lat' dir='ltr'>est.Neque</span> <span class='ocrx_word' id='word_1_20' title='bbox 588 358 705 402; x_wconf 88' lang='lat' dir='ltr'>enim</span> <span class='ocrx_word' id='word_1_21' title='bbox 727 367 867 402; x_wconf 78' lang='lat' dir='ltr'>essent</span> <span class='ocrx_word' id='word_1_22' title='bbox 889 359 1016 402; x_wconf 86' lang='lat' dir='ltr'>etiam</span> <span class='ocrx_word' id='word_1_23' title='bbox 1039 357 1235 402; x_wconf 90' lang='lat' dir='ltr'>homines</span> <span class='ocrx_word' id='word_1_24' title='bbox 1258 365 1468 399; x_wconf 86' lang='lat' dir='ltr'>amatores</span> 
     </span>
     <span class='ocr_line' id='line_1_4' title="bbox 80 427 1461 492; baseline -0.005 -16"><span class='ocrx_word' id='word_1_25' title='bbox 80 432 279 492; x_wconf 83' lang='lat' dir='ltr'>pecuniae</span> <span class='ocrx_word' id='word_1_26' title='bbox 295 467 306 487; x_wconf 94' lang='lat'>,</span> <span class='ocrx_word' id='word_1_27' title='bbox 332 431 414 474; x_wconf 91' lang='lat' dir='ltr'>nisi</span> <span class='ocrx_word' id='word_1_28' title='bbox 436 445 488 475; x_wconf 90' lang='lat' dir='ltr'>eo</span> <span class='ocrx_word' id='word_1_29' title='bbox 509 445 553 474; x_wconf 91' lang='lat' dir='ltr'>se</span> <span class='ocrx_word' id='word_1_30' title='bbox 570 438 776 490; x_wconf 85' lang='lat' dir='ltr'>putarent</span> <span class='ocrx_word' id='word_1_31' title='bbox 798 428 1136 482; x_wconf 76' lang='lat' dir='ltr'>excellentiores,</span> <span class='ocrx_word' id='word_1_32' title='bbox 1162 443 1250 488; x_wconf 87' lang='lat' dir='ltr'>quo</span> <span class='ocrx_word' id='word_1_33' title='bbox 1273 427 1461 470; x_wconf 84' lang='lat' dir='ltr'>ditiores.</span> 
     </span>
     <span class='ocr_line' id='line_1_5' title="bbox 82 498 1461 560; baseline -0.005 -13"><span class='ocrx_word' id='word_1_34' title='bbox 82 503 166 548; x_wconf 89' lang='lat' dir='ltr'>Cui</span> <span class='ocrx_word' id='word_1_35' title='bbox 191 502 347 546; x_wconf 91' lang='lat' dir='ltr'>morbo</span> <span class='ocrx_word' id='word_1_36' title='bbox 364 501 585 546; x_wconf 87' lang='lat' dir='ltr'>contraria</span> <span class='ocrx_word' id='word_1_37' title='bbox 601 500 786 545; x_wconf 82' lang='lat' dir='ltr'>charitas</span> <span class='ocrx_word' id='word_1_38' title='bbox 810 516 899 544; x_wconf 90' lang='lat' dir='ltr'>non</span> <span class='ocrx_word' id='word_1_39' title='bbox 921 500 1077 560; x_wconf 86' lang='lat' dir='ltr'>quaerit</span> <span class='ocrx_word' id='word_1_40' title='bbox 1099 515 1198 559; x_wconf 81' lang='lat' dir='ltr'>quae</span> <span class='ocrx_word' id='word_1_41' title='bbox 1220 514 1296 542; x_wconf 90' lang='lat' dir='ltr'>sua</span> <span class='ocrx_word' id='word_1_42' title='bbox 1319 498 1461 552; x_wconf 81' lang='lat' dir='ltr'>sunt1,</span> 
     </span>
     <span class='ocr_line' id='line_1_6' title="bbox 82 569 1470 632; baseline -0.004 -16"><span class='ocrx_word' id='word_1_43' title='bbox 82 571 130 616; x_wconf 90' lang='lat' dir='ltr'>id</span> <span class='ocrx_word' id='word_1_44' title='bbox 149 581 227 628; x_wconf 89' lang='lat' dir='ltr'>est,</span> <span class='ocrx_word' id='word_1_45' title='bbox 245 587 336 617; x_wconf 89' lang='lat' dir='ltr'>non</span> <span class='ocrx_word' id='word_1_46' title='bbox 349 571 517 632; x_wconf 86' lang='lat' dir='ltr'>privata</span> <span class='ocrx_word' id='word_1_47' title='bbox 531 570 785 616; x_wconf 81' lang='lat' dir='ltr'>excellentia</span> <span class='ocrx_word' id='word_1_48' title='bbox 801 569 974 615; x_wconf 78' lang='lat' dir='ltr'>laetatur</span> <span class='ocrx_word' id='word_1_49' title='bbox 992 569 1168 614; x_wconf 89' lang='lat' dir='ltr'>:merito</span> <span class='ocrx_word' id='word_1_50' title='bbox 1191 584 1293 627; x_wconf 89' lang='lat' dir='ltr'>ergo</span> <span class='ocrx_word' id='word_1_51' title='bbox 1314 577 1356 612; x_wconf 87' lang='lat' dir='ltr'>et</span> <span class='ocrx_word' id='word_1_52' title='bbox 1374 582 1470 612; x_wconf 93' lang='lat' dir='ltr'>non</span> 
     </span>
     <span class='ocr_line' id='line_1_7' title="bbox 83 642 653 687; baseline 0.002 -1"><span class='ocrx_word' id='word_1_53' title='bbox 83 642 280 687; x_wconf 88' lang='lat' dir='ltr'>inflatur.</span> <span class='ocrx_word' id='word_1_54' title='bbox 652 684 653 687; x_wconf 73' lang='grc'>,</span> 
     </span>
    </p>

    <p class='ocr_par' dir='ltr' id='par_1_2' title="bbox 83 708 1481 2252">
     <span class='ocr_line' id='line_1_8' title="bbox 142 708 1472 772; baseline -0.005 -15"><span class='ocrx_word' id='word_1_55' title='bbox 142 715 242 757; x_wconf 88' lang='lat' dir='ltr'>XX.</span> <span class='ocrx_word' id='word_1_56' title='bbox 279 713 335 757; x_wconf 90' lang='lat' dir='ltr'>Hi</span> <span class='ocrx_word' id='word_1_57' title='bbox 362 712 452 757; x_wconf 89' lang='lat' dir='ltr'>duo</span> <span class='ocrx_word' id='word_1_58' title='bbox 480 727 646 756; x_wconf 85' lang='lat' dir='ltr'>amores</span> <span class='ocrx_word' id='word_1_59' title='bbox 663 747 673 767; x_wconf 93' lang='lat'>,</span> <span class='ocrx_word' id='word_1_60' title='bbox 699 727 886 772; x_wconf 86' lang='lat' dir='ltr'>quorum</span> <span class='ocrx_word' id='word_1_61' title='bbox 912 710 1018 756; x_wconf 87' lang='lat' dir='ltr'>alter</span> <span class='ocrx_word' id='word_1_62' title='bbox 1040 720 1211 755; x_wconf 84' lang='lat' dir='ltr'>sanctus</span> <span class='ocrx_word' id='word_1_63' title='bbox 1247 719 1337 764; x_wconf 86' lang='lat' dir='ltr'>est,</span> <span class='ocrx_word' id='word_1_64' title='bbox 1364 708 1472 752; x_wconf 86' lang='lat' dir='ltr'>alter</span> 
     </span>
     <span class='ocr_line' id='line_1_9' title="bbox 83 778 1473 842; baseline -0.004 -14"><span class='ocrx_word' id='word_1_65' title='bbox 83 781 361 841; x_wconf 75' lang='lat' dir='ltr'>immundus3</span> <span class='ocrx_word' id='word_1_66' title='bbox 391 782 500 826; x_wconf 88' lang='lat' dir='ltr'>alter</span> <span class='ocrx_word' id='word_1_67' title='bbox 520 782 686 827; x_wconf 88' lang='lat' dir='ltr'>socialis</span> <span class='ocrx_word' id='word_1_68' title='bbox 701 818 712 838; x_wconf 90' lang='lat'>,</span> <span class='ocrx_word' id='word_1_69' title='bbox 744 781 852 826; x_wconf 88' lang='lat' dir='ltr'>alter</span> <span class='ocrx_word' id='word_1_70' title='bbox 874 783 1094 842; x_wconf 78' lang='lat' dir='ltr'>privatus3</span> <span class='ocrx_word' id='word_1_71' title='bbox 1119 780 1228 825; x_wconf 88' lang='lat' dir='ltr'>alter</span> <span class='ocrx_word' id='word_1_72' title='bbox 1250 778 1473 825; x_wconf 90' lang='lat' dir='ltr'>communi</span> 
     </span>
     <span class='ocr_line' id='line_1_10' title="bbox 85 850 1474 914; baseline -0.004 -15"><span class='ocrx_word' id='word_1_73' title='bbox 85 854 263 900; x_wconf 83' lang='lat' dir='ltr'>utilitati</span> <span class='ocrx_word' id='word_1_74' title='bbox 298 853 530 900; x_wconf 89' lang='lat' dir='ltr'>consulens</span> <span class='ocrx_word' id='word_1_75' title='bbox 563 863 742 914; x_wconf 86' lang='lat' dir='ltr'>propter</span> <span class='ocrx_word' id='word_1_76' title='bbox 777 869 1011 914; x_wconf 82' lang='lat' dir='ltr'>supernam</span> <span class='ocrx_word' id='word_1_77' title='bbox 1048 853 1296 897; x_wconf 87' lang='lat' dir='ltr'>societatem</span> <span class='ocrx_word' id='word_1_78' title='bbox 1314 886 1324 907; x_wconf 89' lang='lat'>,</span> <span class='ocrx_word' id='word_1_79' title='bbox 1365 850 1474 894; x_wconf 88' lang='lat' dir='ltr'>alter</span> 
     </span>
     <span class='ocr_line' id='line_1_11' title="bbox 86 920 1474 985; baseline -0.004 -15"><span class='ocrx_word' id='word_1_80' title='bbox 86 926 218 970; x_wconf 85' lang='lat' dir='ltr'>etiam</span> <span class='ocrx_word' id='word_1_81' title='bbox 245 941 338 970; x_wconf 84' lang='lat' dir='ltr'>rem</span> <span class='ocrx_word' id='word_1_82' title='bbox 372 941 652 970; x_wconf 89' lang='lat' dir='ltr'>communem</span> <span class='ocrx_word' id='word_1_83' title='bbox 673 926 718 969; x_wconf 88' lang='lat' dir='ltr'>in</span> <span class='ocrx_word' id='word_1_84' title='bbox 737 934 995 985; x_wconf 83' lang='lat' dir='ltr'>potestatem</span> <span class='ocrx_word' id='word_1_85' title='bbox 1026 924 1246 984; x_wconf 84' lang='lat' dir='ltr'>propriam</span> <span class='ocrx_word' id='word_1_86' title='bbox 1274 920 1474 980; x_wconf 87' lang='lat' dir='ltr'>redigens</span> 
     </span>
     <span class='ocr_line' id='line_1_12' title="bbox 86 991 1475 1058; baseline -0.005 -17"><span class='ocrx_word' id='word_1_87' title='bbox 86 1006 264 1058; x_wconf 88' lang='lat' dir='ltr'>propter</span> <span class='ocrx_word' id='word_1_88' title='bbox 292 1005 569 1055; x_wconf 77' lang='lat' dir='ltr'>arrogantem</span> <span class='ocrx_word' id='word_1_89' title='bbox 590 996 957 1053; x_wconf 76' lang='lat' dir='ltr'>dominationem3</span> <span class='ocrx_word' id='word_1_90' title='bbox 981 994 1090 1039; x_wconf 84' lang='lat' dir='ltr'>alter</span> <span class='ocrx_word' id='word_1_91' title='bbox 1110 993 1335 1047; x_wconf 87' lang='lat' dir='ltr'>subditus,</span> <span class='ocrx_word' id='word_1_92' title='bbox 1367 991 1475 1035; x_wconf 84' lang='lat' dir='ltr'>alter</span> 
     </span>
     <span class='ocr_line' id='line_1_13' title="bbox 87 1063 1477 1128; baseline -0.005 -15"><span class='ocrx_word' id='word_1_93' title='bbox 87 1068 272 1113; x_wconf 85' lang='lat' dir='ltr'>aemulus</span> <span class='ocrx_word' id='word_1_94' title='bbox 307 1072 424 1125; x_wconf 79' lang='lat' dir='ltr'>Deo3</span> <span class='ocrx_word' id='word_1_95' title='bbox 450 1067 558 1112; x_wconf 84' lang='lat' dir='ltr'>alter</span> <span class='ocrx_word' id='word_1_96' title='bbox 580 1067 864 1128; x_wconf 84' lang='lat' dir='ltr'>tranquillus,</span> <span class='ocrx_word' id='word_1_97' title='bbox 897 1066 1004 1111; x_wconf 84' lang='lat' dir='ltr'>alter</span> <span class='ocrx_word' id='word_1_98' title='bbox 1033 1065 1342 1121; x_wconf 75' lang='lat' dir='ltr'>turbulentus3</span> <span class='ocrx_word' id='word_1_99' title='bbox 1368 1063 1477 1107; x_wconf 84' lang='lat' dir='ltr'>alter</span> 
     </span>
     <span class='ocr_line' id='line_1_14' title="bbox 87 1133 1476 1200; baseline -0.004 -16"><span class='ocrx_word' id='word_1_100' title='bbox 87 1140 320 1200; x_wconf 79' lang='lat' dir='ltr'>pacificus,</span> <span class='ocrx_word' id='word_1_101' title='bbox 354 1138 463 1183; x_wconf 85' lang='lat' dir='ltr'>alter</span> <span class='ocrx_word' id='word_1_102' title='bbox 493 1137 751 1196; x_wconf 67' lang='lat' dir='ltr'>seditiosus,</span> <span class='ocrx_word' id='word_1_103' title='bbox 782 1137 889 1182; x_wconf 84' lang='lat' dir='ltr'>alter</span> <span class='ocrx_word' id='word_1_104' title='bbox 922 1137 1149 1181; x_wconf 86' lang='lat' dir='ltr'>veritatem</span> <span class='ocrx_word' id='word_1_105' title='bbox 1180 1133 1387 1180; x_wconf 78' lang='lat' dir='ltr'>laudibus</span> <span class='ocrx_word' id='word_1_106' title='bbox 1406 1149 1476 1178; x_wconf 85' lang='lat' dir='ltr'>er-</span> 
     </span>
     <span class='ocr_line' id='line_1_15' title="bbox 88 1204 1472 1270; baseline -0.005 -15"><span class='ocrx_word' id='word_1_107' title='bbox 88 1211 279 1255; x_wconf 84' lang='lat' dir='ltr'>rantium</span> <span class='ocrx_word' id='word_1_108' title='bbox 314 1208 549 1270; x_wconf 82' lang='lat' dir='ltr'>praeferens</span> <span class='ocrx_word' id='word_1_109' title='bbox 565 1244 575 1264; x_wconf 78' lang='grc'>,</span> <span class='ocrx_word' id='word_1_110' title='bbox 611 1208 720 1253; x_wconf 86' lang='lat' dir='ltr'>alter</span> <span class='ocrx_word' id='word_1_111' title='bbox 753 1225 933 1269; x_wconf 84' lang='lat' dir='ltr'>quoquo</span> <span class='ocrx_word' id='word_1_112' title='bbox 968 1207 1100 1252; x_wconf 81' lang='lat' dir='ltr'>modo</span> <span class='ocrx_word' id='word_1_113' title='bbox 1136 1206 1278 1251; x_wconf 81' lang='lat' dir='ltr'>laudis</span> <span class='ocrx_word' id='word_1_114' title='bbox 1299 1204 1472 1262; x_wconf 69' lang='lat' dir='ltr'>avidus,</span> 
     </span>
     <span class='ocr_line' id='line_1_16' title="bbox 88 1277 1474 1337; baseline -0.003 -11"><span class='ocrx_word' id='word_1_115' title='bbox 88 1280 199 1326; x_wconf 78' lang='lat' dir='ltr'>alter</span> <span class='ocrx_word' id='word_1_116' title='bbox 226 1279 441 1334; x_wconf 85' lang='lat' dir='ltr'>amicalis,</span> <span class='ocrx_word' id='word_1_117' title='bbox 473 1278 580 1323; x_wconf 81' lang='lat' dir='ltr'>alter</span> <span class='ocrx_word' id='word_1_118' title='bbox 615 1280 813 1336; x_wconf 66' lang='lat' dir='ltr'>invidus,</span> <span class='ocrx_word' id='word_1_119' title='bbox 853 1282 958 1324; x_wconf 87' lang='lat' dir='ltr'>alter</span> <span class='ocrx_word' id='word_1_120' title='bbox 992 1280 1075 1324; x_wconf 87' lang='lat' dir='ltr'>hoc</span> <span class='ocrx_word' id='word_1_121' title='bbox 1106 1278 1255 1323; x_wconf 88' lang='lat' dir='ltr'>volens</span> <span class='ocrx_word' id='word_1_122' title='bbox 1277 1277 1474 1337; x_wconf 85' lang='lat' dir='ltr'>proximo</span> 
     </span>
     <span class='ocr_line' id='line_1_17' title="bbox 88 1349 1472 1412; baseline -0.003 -16"><span class='ocrx_word' id='word_1_123' title='bbox 88 1351 211 1412; x_wconf 89' lang='lat' dir='ltr'>quod</span> <span class='ocrx_word' id='word_1_124' title='bbox 232 1350 336 1405; x_wconf 85' lang='lat' dir='ltr'>sibi,</span> <span class='ocrx_word' id='word_1_125' title='bbox 371 1349 479 1393; x_wconf 83' lang='lat' dir='ltr'>alter</span> <span class='ocrx_word' id='word_1_126' title='bbox 510 1349 722 1410; x_wconf 84' lang='lat' dir='ltr'>subjicere</span> <span class='ocrx_word' id='word_1_127' title='bbox 748 1350 993 1409; x_wconf 83' lang='lat' dir='ltr'>proximum</span> <span class='ocrx_word' id='word_1_128' title='bbox 1016 1351 1126 1407; x_wconf 67' lang='lat' dir='ltr'>sibi,</span> <span class='ocrx_word' id='word_1_129' title='bbox 1151 1349 1260 1393; x_wconf 88' lang='lat' dir='ltr'>alter</span> <span class='ocrx_word' id='word_1_130' title='bbox 1294 1357 1472 1408; x_wconf 84' lang='lat' dir='ltr'>propter</span> 
     </span>
     <span class='ocr_line' id='line_1_18' title="bbox 90 1419 1475 1483; baseline -0.002 -17"><span class='ocrx_word' id='word_1_131' title='bbox 90 1421 274 1483; x_wconf 86' lang='lat' dir='ltr'>proximi</span> <span class='ocrx_word' id='word_1_132' title='bbox 291 1419 524 1465; x_wconf 80' lang='lat' dir='ltr'>utilitatem</span> <span class='ocrx_word' id='word_1_133' title='bbox 540 1435 693 1478; x_wconf 85' lang='lat' dir='ltr'>regens</span> <span class='ocrx_word' id='word_1_134' title='bbox 712 1421 959 1480; x_wconf 79' lang='lat' dir='ltr'>proximum</span> <span class='ocrx_word' id='word_1_135' title='bbox 975 1457 986 1476; x_wconf 93' lang='lat'>,</span> <span class='ocrx_word' id='word_1_136' title='bbox 1004 1421 1112 1464; x_wconf 87' lang='lat' dir='ltr'>alter</span> <span class='ocrx_word' id='word_1_137' title='bbox 1130 1429 1307 1479; x_wconf 83' lang='lat' dir='ltr'>propter</span> <span class='ocrx_word' id='word_1_138' title='bbox 1326 1435 1449 1463; x_wconf 89' lang='lat' dir='ltr'>suam</span> <span class='ocrx_word' id='word_1_139' title='bbox 1464 1439 1475 1476; x_wconf 79' lang='lat'>3</span> 
     </span>
     <span class='ocr_line' id='line_1_19' title="bbox 90 1489 1476 1553; baseline -0.002 -16"><span class='ocrx_word' id='word_1_140' title='bbox 90 1499 405 1553; x_wconf 82' lang='lat' dir='ltr'>praecesserunt</span> <span class='ocrx_word' id='word_1_141' title='bbox 423 1490 470 1534; x_wconf 89' lang='lat' dir='ltr'>in</span> <span class='ocrx_word' id='word_1_142' title='bbox 491 1489 691 1549; x_wconf 84' lang='lat' dir='ltr'>Angelis,</span> <span class='ocrx_word' id='word_1_143' title='bbox 717 1489 825 1535; x_wconf 88' lang='lat' dir='ltr'>alter</span> <span class='ocrx_word' id='word_1_144' title='bbox 846 1492 892 1534; x_wconf 92' lang='lat' dir='ltr'>in</span> <span class='ocrx_word' id='word_1_145' title='bbox 921 1491 1047 1535; x_wconf 86' lang='lat' dir='ltr'>bonis</span> <span class='ocrx_word' id='word_1_146' title='bbox 1063 1526 1074 1545; x_wconf 90' lang='lat'>,</span> <span class='ocrx_word' id='word_1_147' title='bbox 1115 1490 1222 1534; x_wconf 87' lang='lat' dir='ltr'>alter</span> <span class='ocrx_word' id='word_1_148' title='bbox 1242 1491 1289 1534; x_wconf 91' lang='lat' dir='ltr'>in</span> <span class='ocrx_word' id='word_1_149' title='bbox 1322 1489 1476 1547; x_wconf 71' lang='lat' dir='ltr'>malis,</span> 
     </span>
     <span class='ocr_line' id='line_1_20' title="bbox 91 1559 1474 1620; baseline -0.002 -13"><span class='ocrx_word' id='word_1_150' title='bbox 91 1572 136 1607; x_wconf 86' lang='lat' dir='ltr'>et</span> <span class='ocrx_word' id='word_1_151' title='bbox 153 1562 441 1607; x_wconf 80' lang='lat' dir='ltr'>distinxerunt</span> <span class='ocrx_word' id='word_1_152' title='bbox 456 1559 652 1605; x_wconf 87' lang='lat' dir='ltr'>conditas</span> <span class='ocrx_word' id='word_1_153' title='bbox 673 1561 719 1605; x_wconf 92' lang='lat' dir='ltr'>in</span> <span class='ocrx_word' id='word_1_154' title='bbox 742 1577 898 1620; x_wconf 85' lang='lat' dir='ltr'>genere</span> <span class='ocrx_word' id='word_1_155' title='bbox 920 1562 1114 1605; x_wconf 87' lang='lat' dir='ltr'>humano</span> <span class='ocrx_word' id='word_1_156' title='bbox 1136 1561 1327 1605; x_wconf 86' lang='lat' dir='ltr'>civitates</span> <span class='ocrx_word' id='word_1_157' title='bbox 1349 1560 1474 1609; x_wconf 86' lang='lat' dir='ltr'>duas,</span> 
     </span>
     <span class='ocr_line' id='line_1_21' title="bbox 91 1630 1478 1692; baseline -0.003 -14"><span class='ocrx_word' id='word_1_158' title='bbox 91 1634 176 1678; x_wconf 85' lang='lat' dir='ltr'>sub</span> <span class='ocrx_word' id='word_1_159' title='bbox 209 1630 455 1677; x_wconf 83' lang='lat' dir='ltr'>admirabili</span> <span class='ocrx_word' id='word_1_160' title='bbox 476 1641 520 1675; x_wconf 90' lang='lat' dir='ltr'>et</span> <span class='ocrx_word' id='word_1_161' title='bbox 543 1630 756 1675; x_wconf 78' lang='lat' dir='ltr'>ineffabili</span> <span class='ocrx_word' id='word_1_162' title='bbox 776 1631 1046 1692; x_wconf 85' lang='lat' dir='ltr'>providentia</span> <span class='ocrx_word' id='word_1_163' title='bbox 1071 1632 1174 1686; x_wconf 88' lang='lat' dir='ltr'>Dei,</span> <span class='ocrx_word' id='word_1_164' title='bbox 1199 1641 1357 1675; x_wconf 88' lang='lat' dir='ltr'>cuncta</span> <span class='ocrx_word' id='word_1_165' title='bbox 1379 1647 1478 1691; x_wconf 84' lang='lat' dir='ltr'>quae</span> 
     </span>
     <span class='ocr_line' id='line_1_22' title="bbox 92 1701 1477 1761; baseline -0.003 -12"><span class='ocrx_word' id='word_1_166' title='bbox 92 1713 237 1750; x_wconf 85' lang='lat' dir='ltr'>creata</span> <span class='ocrx_word' id='word_1_167' title='bbox 269 1712 373 1747; x_wconf 84' lang='lat' dir='ltr'>sunt</span> <span class='ocrx_word' id='word_1_168' title='bbox 404 1701 742 1746; x_wconf 87' lang='lat' dir='ltr'>administrantis</span> <span class='ocrx_word' id='word_1_169' title='bbox 774 1712 818 1746; x_wconf 92' lang='lat' dir='ltr'>et</span> <span class='ocrx_word' id='word_1_170' title='bbox 847 1701 1108 1758; x_wconf 80' lang='lat' dir='ltr'>ordinantis,</span> <span class='ocrx_word' id='word_1_171' title='bbox 1135 1701 1315 1746; x_wconf 85' lang='lat' dir='ltr'>alteram</span> <span class='ocrx_word' id='word_1_172' title='bbox 1333 1703 1477 1761; x_wconf 82' lang='lat' dir='ltr'>justo-</span> 
     </span>
     <span class='ocr_line' id='line_1_23' title="bbox 94 1771 1478 1833; baseline -0.002 -14"><span class='ocrx_word' id='word_1_173' title='bbox 94 1789 194 1819; x_wconf 85' lang='lat' dir='ltr'>rum</span> <span class='ocrx_word' id='word_1_174' title='bbox 210 1809 222 1830; x_wconf 87' lang='lat'>,</span> <span class='ocrx_word' id='word_1_175' title='bbox 247 1773 428 1817; x_wconf 87' lang='lat' dir='ltr'>alteram</span> <span class='ocrx_word' id='word_1_176' title='bbox 449 1771 718 1832; x_wconf 85' lang='lat' dir='ltr'>iniquorum.</span> <span class='ocrx_word' id='word_1_177' title='bbox 739 1775 935 1825; x_wconf 87' lang='lat' dir='ltr'>Quarum</span> <span class='ocrx_word' id='word_1_178' title='bbox 953 1773 1082 1817; x_wconf 86' lang='lat' dir='ltr'>etiam</span> <span class='ocrx_word' id='word_1_179' title='bbox 1100 1773 1288 1833; x_wconf 88' lang='lat' dir='ltr'>quadam</span> <span class='ocrx_word' id='word_1_180' title='bbox 1307 1782 1478 1832; x_wconf 85' lang='lat' dir='ltr'>tempo-</span> 
     </span>
     <span class='ocr_line' id='line_1_24' title="bbox 94 1842 1480 1904; baseline -0.002 -14"><span class='ocrx_word' id='word_1_181' title='bbox 94 1845 176 1890; x_wconf 78' lang='lat' dir='ltr'>rali</span> <span class='ocrx_word' id='word_1_182' title='bbox 191 1842 500 1889; x_wconf 80' lang='lat' dir='ltr'>commixtione</span> <span class='ocrx_word' id='word_1_183' title='bbox 521 1843 741 1902; x_wconf 86' lang='lat' dir='ltr'>peragitur</span> <span class='ocrx_word' id='word_1_184' title='bbox 761 1843 969 1888; x_wconf 81' lang='lat' dir='ltr'>saeculum</span> <span class='ocrx_word' id='word_1_185' title='bbox 985 1880 995 1899; x_wconf 91' lang='lat'>,</span> <span class='ocrx_word' id='word_1_186' title='bbox 1022 1844 1162 1888; x_wconf 89' lang='lat' dir='ltr'>donec</span> <span class='ocrx_word' id='word_1_187' title='bbox 1184 1844 1339 1888; x_wconf 87' lang='lat' dir='ltr'>ultimo</span> <span class='ocrx_word' id='word_1_188' title='bbox 1356 1843 1480 1904; x_wconf 87' lang='lat' dir='ltr'>judi-</span> 
     </span>
     <span class='ocr_line' id='line_1_25' title="bbox 97 1913 1481 1975; baseline -0.001 -14"><span class='ocrx_word' id='word_1_189' title='bbox 97 1916 165 1961; x_wconf 88' lang='lat' dir='ltr'>cio</span> <span class='ocrx_word' id='word_1_190' title='bbox 185 1923 455 1975; x_wconf 80' lang='lat' dir='ltr'>separentur,</span> <span class='ocrx_word' id='word_1_191' title='bbox 481 1922 524 1957; x_wconf 85' lang='lat' dir='ltr'>et</span> <span class='ocrx_word' id='word_1_192' title='bbox 542 1913 675 1958; x_wconf 88' lang='lat' dir='ltr'>altera</span> <span class='ocrx_word' id='word_1_193' title='bbox 698 1916 932 1974; x_wconf 83' lang='lat' dir='ltr'>conjuncta</span> <span class='ocrx_word' id='word_1_194' title='bbox 955 1914 1131 1973; x_wconf 80' lang='lat' dir='ltr'>Angelis</span> <span class='ocrx_word' id='word_1_195' title='bbox 1154 1915 1280 1958; x_wconf 90' lang='lat' dir='ltr'>honis</span> <span class='ocrx_word' id='word_1_196' title='bbox 1302 1915 1348 1958; x_wconf 89' lang='lat' dir='ltr'>in</span> <span class='ocrx_word' id='word_1_197' title='bbox 1382 1929 1481 1972; x_wconf 86' lang='lat' dir='ltr'>rege</span> 
     </span>
     <span class='ocr_line' id='line_1_26' title="bbox 96 1981 1481 2045; baseline -0.001 -13"><span class='ocrx_word' id='word_1_198' title='bbox 96 1981 333 2033; x_wconf 78' lang='lat' dir='ltr'>suovitam</span> <span class='ocrx_word' id='word_1_199' title='bbox 353 1994 645 2045; x_wconf 86' lang='lat' dir='ltr'>consequatur</span> <span class='ocrx_word' id='word_1_200' title='bbox 661 1994 884 2040; x_wconf 83' lang='lat' dir='ltr'>aeternam,</span> <span class='ocrx_word' id='word_1_201' title='bbox 901 1984 1034 2029; x_wconf 84' lang='lat' dir='ltr'>altera</span> <span class='ocrx_word' id='word_1_202' title='bbox 1062 1986 1158 2045; x_wconf 86' lang='lat' dir='ltr'>conj</span> <span class='ocrx_word' id='word_1_203' title='bbox 1167 1994 1294 2029; x_wconf 88' lang='lat' dir='ltr'>uncta</span> <span class='ocrx_word' id='word_1_204' title='bbox 1317 1985 1481 2045; x_wconf 81' lang='lat' dir='ltr'>angelis</span> 
     </span>
     <span class='ocr_line' id='line_1_27' title="bbox 96 2055 1481 2116; baseline -0.001 -15"><span class='ocrx_word' id='word_1_205' title='bbox 96 2055 220 2102; x_wconf 85' lang='lat' dir='ltr'>malis</span> <span class='ocrx_word' id='word_1_206' title='bbox 246 2055 292 2100; x_wconf 88' lang='lat' dir='ltr'>in</span> <span class='ocrx_word' id='word_1_207' title='bbox 312 2055 458 2115; x_wconf 80' lang='lat' dir='ltr'>ignem</span> <span class='ocrx_word' id='word_1_208' title='bbox 486 2071 589 2100; x_wconf 90' lang='lat' dir='ltr'>cum</span> <span class='ocrx_word' id='word_1_209' title='bbox 608 2070 709 2114; x_wconf 85' lang='lat' dir='ltr'>rege</span> <span class='ocrx_word' id='word_1_210' title='bbox 729 2071 808 2100; x_wconf 84' lang='lat' dir='ltr'>suo</span> <span class='ocrx_word' id='word_1_211' title='bbox 829 2056 1028 2100; x_wconf 84' lang='lat' dir='ltr'>mittatur</span> <span class='ocrx_word' id='word_1_212' title='bbox 1049 2065 1277 2100; x_wconf 85' lang='lat' dir='ltr'>aeternum.</span> <span class='ocrx_word' id='word_1_213' title='bbox 1303 2059 1365 2100; x_wconf 90' lang='lat' dir='ltr'>De</span> <span class='ocrx_word' id='word_1_214' title='bbox 1382 2056 1481 2116; x_wconf 89' lang='lat' dir='ltr'>qui-</span> 
     </span>
     <span class='ocr_line' id='line_1_28' title="bbox 98 2124 1476 2182; baseline -0.001 -10"><span class='ocrx_word' id='word_1_215' title='bbox 98 2127 182 2172; x_wconf 88' lang='lat' dir='ltr'>bus</span> <span class='ocrx_word' id='word_1_216' title='bbox 211 2125 383 2171; x_wconf 86' lang='lat' dir='ltr'>duabus</span> <span class='ocrx_word' id='word_1_217' title='bbox 403 2125 650 2173; x_wconf 72' lang='lat' dir='ltr'>civitatibus</span> <span class='ocrx_word' id='word_1_218' title='bbox 672 2125 801 2170; x_wconf 81' lang='lat' dir='ltr'>latius</span> <span class='ocrx_word' id='word_1_219' title='bbox 821 2124 999 2172; x_wconf 83' lang='lat' dir='ltr'>fortasse</span> <span class='ocrx_word' id='word_1_220' title='bbox 1017 2124 1103 2171; x_wconf 90' lang='lat' dir='ltr'>alio</span> <span class='ocrx_word' id='word_1_221' title='bbox 1123 2126 1221 2171; x_wconf 91' lang='lat' dir='ltr'>loco</span> <span class='ocrx_word' id='word_1_222' title='bbox 1236 2161 1247 2182; x_wconf 93' lang='lat'>,</span> <span class='ocrx_word' id='word_1_223' title='bbox 1270 2126 1304 2170; x_wconf 87' lang='lat' dir='ltr'>si</span> <span class='ocrx_word' id='word_1_224' title='bbox 1325 2127 1476 2172; x_wconf 90' lang='lat' dir='ltr'>Domi-</span> 
     </span>
     <span class='ocr_line' id='line_1_29' title="bbox 100 2195 709 2252; baseline -0.007 -8"><span class='ocrx_word' id='word_1_225' title='bbox 100 2213 184 2244; x_wconf 90' lang='lat' dir='ltr'>nus</span> <span class='ocrx_word' id='word_1_226' title='bbox 198 2195 388 2243; x_wconf 84' lang='lat' dir='ltr'>voluerit</span> <span class='ocrx_word' id='word_1_227' title='bbox 402 2231 414 2252; x_wconf 88' lang='lat'>,</span> <span class='ocrx_word' id='word_1_228' title='bbox 438 2195 709 2242; x_wconf 87' lang='lat' dir='ltr'>disseremus.</span> 
     </span>
    </p>
   </div>
   <div class='ocr_carea' id='block_1_2' title="bbox 148 2291 385 2335">
    <p class='ocr_par' dir='ltr' id='par_1_3' title="bbox 148 2291 385 2335">
     <span class='ocr_line' id='line_1_30' title="bbox 148 2291 385 2335; baseline -0.008 -9"><span class='ocrx_word' id='word_1_229' title='bbox 148 2299 159 2317; x_wconf 88' lang='lat'>ยน</span> <span class='ocrx_word' id='word_1_230' title='bbox 176 2294 248 2326; x_wconf 89' lang='lat' dir='ltr'>Cor.</span> <span class='ocrx_word' id='word_1_231' title='bbox 266 2303 335 2335; x_wconf 87' lang='lat' dir='ltr'>xm,</span> <span class='ocrx_word' id='word_1_232' title='bbox 353 2291 385 2325; x_wconf 89' lang='lat'>5.</span> 
     </span>
    </p>
   </div>
  </div>
 </body>
</html>
