1854 3219
350 188 404 215 DE
435 187 585 214 GENESI
617 185 671 212 AD
702 184 939 222 LITTERAM,
976 185 1057 211 Lm.
1094 185 1154 211 1x.
1368 169 1450 210 450

856 344 1449 364 ΜΜΜΝὮΜΛΜῚΜΠΜΝΝἏΜΜἉΜ

571 468 796 535 ,CAPUT
832 470 923 517 lx.

71 615 253 663 Mulier
268 624 472 678 propter·
492 612 928 679 gignendosfilios,
953 614 1146 658 etiamsi
1163 629 1227 658 ex
1247 622 1454 674 peccato

338 702 436 733 non
448 686 637 752 fuisset
656 686 916 731 necessitas
938 683 1186 730 moriendi.

130 820 249 868 XIV.
262 825 388 877 Quoi>
410 824 486 884 qui
502 839 592 868 non
613 821 800 868 foeciunt
815 857 826 878 ,
850 821 927 867 sed
948 831 1096 866 tamen
1118 820 1454 867 foecunditatem

70 894 208 939 carnis
231 903 410 954 propter
437 895 752 940 successionem
779 891 1053 938 mortalitatis
1080 892 1286 938 divinitus
1307 892 1454 937 datam

69 966 296 1025 sentiunt3
326 981 408 1010 nec
436 966 517 1025 ipsi
548 974 706 1025 putant
732 965 894 1025 primos
920 963 1017 1008 illos
1039 965 1237 1009 homines
1264 964 1456 1023 potuisse

68 1036 377 1092 concumbere,
400 1036 480 1079 nisi
496 1045 676 1096 propter
691 1045 921 1096 peccatum
939 1034 1061 1096 quod
1082 1033 1344 1080 admiserant
1361 1049 1457 1079 mo-

67 1108 213 1159 rituri,
240 1107 460 1167 gignendo
483 1108 753 1168 requirerent
775 1122 1039 1152 successores
1059 1126 1067 1150 :
1092 1121 1172 1150 nec
1200 1105 1451 1161 attendunt,

67 1177 231 1221 sirecte
248 1186 488 1236 potuerunt
503 1193 766 1222 successores
785 1177 923 1237 quaeri
940 1176 1177 1231 morituris,
1198 1175 1339 1220 multo
1362 1191 1456 1220 rec-

67 1247 152 1291 tius
173 1247 309 1292 socios
326 1248 465 1308 quaeri
480 1248 674 1307 potuisse
696 1247 890 1292 victuris.
913 1246 1098 1306 Impleta
1114 1246 1231 1291 enim
1249 1256 1361 1290 terra
1380 1261 1455 1306 ge-

67 1333 173 1362 nere
194 1319 415 1373 humano,
440 1327 556 1362 recte
573 1318 715 1378 proles
733 1318 907 1363 nonnisi
927 1333 1027 1377 quae
1049 1316 1334 1361 morientibus
1356 1332 1457 1362 suc-

65 1387 260 1443 cederet,
287 1397 558 1448 quaereretur
583 1408 593 1433 :
618 1397 670 1433 ut
697 1397 846 1433 autem
879 1403 957 1448 per
985 1387 1096 1431 duos
1124 1387 1322 1432 homines
1344 1396 1459 1432 terra

63 1459 334 1520 impleretur,
357 1459 582 1521 quomodo
599 1460 680 1520 ipsi
697 1460 778 1504 nisi
796 1458 1014 1518 gignendo
1032 1458 1228 1504 officium
1242 1459 1455 1504 societatis

63 1531 408 1592 implerentPAn
428 1547 532 1577 vero
546 1532 605 1576 ita
626 1532 724 1592 (suis
741 1546 881 1576 caecus
905 1540 969 1575 est
984 1539 1147 1586 mente,
1171 1539 1222 1575 ut
1245 1546 1337 1576 non
1359 1546 1457 1575 cer-

63 1612 142 1647 nat
160 1612 328 1664 quanto
357 1603 480 1648 terris
501 1612 760 1649 ornamento
783 1603 837 1647 sit
861 1617 997 1662 genus
1022 1603 1269 1646 humanum
1283 1638 1295 1658 ,
1325 1602 1456 1647 etiam

67 1688 170 1719 cum
189 1689 214 1718 a
235 1674 383 1734 paucis
404 1683 522 1719 recte
542 1673 911 1734 laudabiliterque
932 1673 1126 1730 vivatur,
1151 1682 1457 1734 quantumque

62 1743 205 1790 valeat
224 1744 333 1789 ordo
360 1743 613 1804 reipublicae
635 1745 682 1788 in
702 1744 931 1804 cujusdam
951 1744 1068 1804 pacis
1087 1753 1272 1788 terrenae
1295 1745 1456 1790 vincu-

64 1815 158 1860 lum
186 1818 390 1861 coercens
416 1815 546 1858 etiam
566 1816 842 1874 peccatores?
863 1817 1014 1875 Neque
1035 1815 1153 1858 enim
1180 1824 1353 1860 tantum
1375 1816 1455 1860 de-

63 1887 232 1947 pravati
251 1895 353 1931 sunt
372 1885 598 1941 homines,
632 1895 683 1929 ut
719 1901 810 1929 non
844 1885 973 1928 etiam
1002 1884 1108 1929 tales
1147 1886 1376 1945 pecoribus
1411 1895 1455 1931 et

63 1956 314 2002 volatilibus
335 1956 619 2012 antecellant,
640 1971 830 2017 quorum
843 1964 990 2000 tamen
1008 1957 1203 2000 omnium
1222 1957 1455 2016 generibus

63 2027 178 2073 hanc
193 2028 390 2072 infimam
409 2026 567 2071 mundi
580 2036 749 2088 partem
766 2043 847 2087 pro
863 2027 928 2071 sui
945 2026 1030 2072 loci
1053 2037 1166 2073 sorte
1187 2027 1453 2085 decoratam,

64 2113 197 2159 quem
208 2114 300 2143 non
320 2097 594 2143 considerare
608 2094 822 2142 delectet?
836 2098 941 2152 Quis
965 2107 1110 2142 autem
1130 2098 1191 2143 ita
1212 2099 1267 2143 sit
1288 2114 1452 2156 excors,

66 2178 116 2213 ut
136 2178 263 2229 putet
278 2169 424 2213 minus
445 2183 541 2213 eam
562 2168 706 2214 ornari
727 2169 935 2228 potuisse,
952 2169 986 2214 si
1002 2169 1130 2230 justis
1151 2185 1244 2215 11011
1261 2170 1454 2216 morien-

66 2239 184 2284 tibus
205 2239 489 2300 impleretur?

124 2313 222 2355 XV.
253 2313 364 2357 Nam
391 2311 494 2371 quia
525 2310 871 2356 numerosissima
890 2320 954 2356 est
974 2326 1162 2372 superna
1181 2312 1332 2359 civitas
1360 2317 1455 2359 An-

69 2381 265 2443 gelorum
281 2417 293 2438 ,
312 2381 411 2428 ideo
425 2397 516 2428 non
537 2391 653 2427 recte
670 2382 891 2428 connubio
908 2382 1220 2443 copularentur
1233 2419 1245 2441 ,
1269 2384 1349 2428 nisi
1364 2400 1456 2429 mo-

68 2461 283 2497 rerentur.
300 2455 423 2498 Hanc
444 2453 608 2514 quippe
623 2454 979 2499 numerositatem
1000 2453 1241 2514 perfectam
1254 2455 1388 2499 etiam
1407 2455 1455 2501 in

71 2524 385 2570 resurrectione
429 2534 678 2572 sanctorum
724 2525 899 2585 Angelis
950 2525 1198 2573 sociandam
1244 2527 1456 2573 Dominus
