1854 3219
389 213 472 253 284
826 222 859 250 ε.
896 222 1127 253 Avensa-Im
1160 225 1344 252 131>1scopx

388 293 464 336 ties
497 289 827 348 distinguuntur
858 304 1003 334 rerum
1039 307 1195 351 genera
1219 299 1491 344 creatarum,
1516 287 1784 348 perfectione

387 361 543 406 senarii
566 360 737 403 numeri
763 360 1036 406 terminanda
1054 381 1061 406 :
1079 372 1128 406 ut
1142 377 1318 421 vespera
1332 359 1463 420 primi
1481 358 1565 403 diei
1579 359 1634 402 sit
1653 358 1784 402 etiam

387 433 451 476 sui
475 431 664 489 cognitio
677 466 687 485 ,
716 446 806 475 non
825 446 867 475 se
883 446 972 476 csse
992 432 1112 493 quod
1131 437 1246 477 Deus
1264 442 1350 489 est3
1375 446 1502 475 mane
1526 439 1671 474 autem
1688 438 1786 489 post

387 504 500 547 hanc
523 517 745 562 vesperam
762 537 773 557 ,
801 518 888 563 quo
911 503 1190 548 concluditur
1209 503 1299 547 dies
1323 517 1437 546 unus
1456 537 1467 557 ,
1494 510 1537 545 et
1554 501 1787 545 inchoatur

387 572 626 628 secundus,
657 573 882 617 conversio
905 573 959 618 sit
988 576 1102 635 ejus,
1129 591 1214 635 qua
1238 573 1282 617 id
1305 572 1426 633 quod
1450 581 1593 617 creata
1617 581 1706 627 est,
1733 571 1787 615 ad

388 644 565 689 laudem
594 645 754 688 referat
779 646 1016 701 Creatoris,
1038 655 1081 690 et
1102 645 1314 705 percipiat
1335 644 1390 688 de
1413 644 1560 688 Verbo
1584 644 1662 688 Dei
1684 659 1788 702 cog-

389 716 600 760 nitionem
619 724 828 759 ereaturae
842 732 940 776 quae
956 726 1053 776 post
1067 717 1202 775 ipsam
1221 716 1286 770 fit,
1303 716 1385 760 1100
1403 724 1482 769 est,
1501 713 1784 758 firmamenti:

389 787 512 847 quod
534 786 579 829 in
603 787 693 846 ejus
718 787 968 846 cognitione
991 788 1040 831 fit
1056 788 1174 846 prius
1197 802 1298 831 cum
1322 785 1507 830 dicitur:
1534 804 1554 827 «
1574 787 1632 829 Et
1649 784 1708 828 sic
1726 793 1789 828 est

393 878 409 898 »
448 857 635 914 factum3
668 875 688 897 »
722 856 881 901 deinde
914 858 960 901 in
996 867 1151 902 natura
1187 858 1319 917 ipsius
1345 857 1635 911 firmamenti,
1669 854 1790 916 quod

388 927 610 983 conditur,
637 943 737 972 cum
762 928 937 972 additur
955 929 1086 972 etiam
1108 938 1258 989 postea
1277 963 1288 983 ,
1311 929 1402 988 jam
1426 927 1545 971 dicto
1569 946 1578 971 ε
1608 946 1628 968 «
1653 929 1711 970 Et
1730 926 1790 970 sic

389 1018 410 1041 »
446 999 712 1044 estfactum.
745 1002 803 1043 Et
838 999 940 1043 fecit
974 1002 1089 1044 Deus
1117 1000 1461 1043 firmamentum.
1491 1016 1511 1038 >›
1538 997 1707 1042 Deinde
1742 998 1792 1041 fit

386 1086 564 1131 vespera
596 1070 711 1114 illius
745 1070 880 1126 lucis,
915 1086 1017 1115 cum
1052 1071 1197 1130 ipsum
1233 1070 1587 1123 firmamentum,
1622 1083 1712 1111 non
1746 1068 1792 1112 in

390 1142 537 1186 Verbo
561 1143 636 1187 Dei
660 1143 770 1187 sicut
793 1151 915 1197 ante,
947 1141 1023 1187 sed
1046 1143 1091 1186 in
1113 1143 1203 1202 ipsa
1237 1144 1331 1202 ejus
1353 1150 1510 1186 natura
1536 1139 1788 1198 cognoscit:

390 1231 490 1275 quse
514 1215 707 1273 cognitio
732 1215 942 1275 quoniam
967 1215 1110 1259 minor
1138 1223 1223 1269 est,
1250 1222 1367 1257 recte
1400 1227 1592 1272 vesperae
1615 1211 1793 1257 nomine

391 1286 673 1344 significatur.
692 1290 930 1347 Postquam
950 1286 999 1330 fit
1012 1301 1155 1342 mane,
1173 1301 1262 1346 quo
1279 1284 1560 1330 concluditur
1574 1283 1793 1327 secundus

392 1356 482 1401 dies
498 1393 508 1413 ,
533 1367 575 1401 οῖ
601 1358 754 1417 incipit
776 1358 953 1401 tertius:
980 1356 1025 1400 in
1048 1373 1137 1417 quo
1155 1355 1307 1401 itidem
1330 1371 1457 1400 mane
1481 1354 1706 1399 conversio
1729 1363 1793 1397 est

390 1428 499 1473 lucis
517 1429 669 1489 hujus,
696 1428 740 1472 id
758 1438 844 1484 est,
870 1427 955 1472 diei
971 1428 1101 1488 hujus
1114 1428 1169 1472 ad
1185 1426 1460 1471 laudandum
1482 1429 1644 1480 Deum,
1671 1424 1792 1485 quod

391 1509 594 1559 operatus
628 1501 682 1544 sit
717 1500 1074 1554 firmamentum,
1111 1507 1154 1542 et
1192 1495 1517 1558 percipiendam
1554 1495 1609 1540 de
1644 1495 1792 1539 Verbo

389 1571 480 1631 ejus
504 1570 799 1629 cognitionem
821 1580 1033 1614 ereaturae
1045 1605 1055 1623 ,
1081 1585 1180 1630 quae
1199 1567 1430 1613 condenda
1448 1577 1511 1612 est
1527 1576 1627 1627 post
1644 1567 1792 1611 firma-

392 1649 606 1684 mentum.
621 1644 684 1684 Ac
704 1655 781 1700 per
798 1640 882 1685 hoc
905 1655 1006 1685 011111
1023 1639 1130 1684 dicit
1143 1643 1258 1684 Deus
1277 1659 1285 1684 :
1306 1659 1326 1681 «
1343 1640 1644 1697 Congregetur
1660 1653 1788 1698 aqua,

393 1730 414 1754 >›
450 1728 550 1773 quae
575 1720 638 1756 est
660 1711 742 1755 sub
767 1711 902 1767 coelo,
929 1711 975 1754 in
1004 1710 1308 1756 collectionem
1331 1725 1496 1765 unam,
1524 1718 1568 1753 et
1586 1719 1792 1770 appareat

392 1803 412 1826 »
450 1782 569 1828 arida
586 1819 597 1839 ,
627 1802 646 1824 »
686 1783 910 1841 cognoscit
937 1783 1021 1827 hoc
1054 1782 1129 1826 illa
1155 1782 1231 1826 lux
1256 1782 1302 1825 in
1325 1781 1472 1826 Verbo
1505 1781 1606 1836 Dei,
1635 1796 1724 1842 quo
1748 1779 1792 1824 id

389 1855 576 1913 dicitur3
601 1864 644 1899 et
676 1855 774 1899 ideo
798 1855 1024 1916 sequitur:
1059 1875 1079 1898 ‹<
1104 1858 1162 1899 Et
1183 1856 1242 1899 sic
1265 1864 1329 1898 est
1350 1853 1517 1898 factum
1536 1888 1546 1908 ,
1573 1871 1594 1893 i>
1620 1853 1704 1897 hoe
1727 1861 1792 1896 est

388 1928 432 1971 in
455 1928 547 1988 ejus
575 1926 824 1985 cognitione
855 1941 905 1969 ex
936 1926 1081 1969 Verbo
1111 1925 1221 1970 Dei:
1249 1924 1409 1968 deinde
1444 1939 1546 1968 eum
1582 1922 1786 1968 additur:

391 2017 411 2039 «
446 2001 503 2042 Et
526 2005 788 2056 congregata
808 2005 872 2040 est
894 2012 1007 2057 aqua
1024 2031 1034 2051 ,
1060 2004 1142 2039 etc.
1170 2016 1186 2037 »
1215 2011 1317 2039 011111
1339 1996 1430 2056 jam
1455 1993 1622 2039 dictum
1645 2003 1753 2039 esset
1778 2014 1786 2039 :

391 2088 411 2110 «
437 2072 495 2113 Et
512 2069 570 2113 sic
594 2067 759 2113 factum
783 2077 868 2123 est,
889 2086 908 2108 >1
930 2068 974 2111 in
992 2083 1070 2111 suo
1087 2082 1243 2126 genere
1265 2067 1356 2126 ipsa
1375 2076 1573 2111 creatura
1596 2067 1646 2110 fit
1664 2086 1672 2111 ;
1689 2081 1790 2126 quae

386 2140 492 2184 item
516 2155 618 2183 cum
635 2139 680 2183 in
702 2155 780 2184 suo
801 2154 954 2198 genere
972 2137 1085 2183 facta
1108 2139 1384 2196 cognoscitur
1403 2138 1458 2181 ab
1481 2153 1529 2180 ea
1545 2136 1665 2190 11100,
1689 2152 1789 2196 quae

379 2211 471 2270 jam
489 2211 534 2253 in
552 2210 699 2253 Verbo
718 2210 796 2254 Dei
811 2208 1055 2253 faciendam
1077 2218 1355 2267 cognoverat,
1377 2208 1427 2251 fit
1445 2207 1570 2251 tertio
1583 2221 1784 2266 vespera:

384 2290 428 2324 et
450 2282 552 2324 inde
574 2282 658 2326 1100
687 2280 820 2326 1110(10
843 2290 998 2326 caetera
1032 2296 1171 2341 usque
1205 2279 1260 2323 ad
1285 2293 1413 2322 mane
1435 2287 1534 2338 post
1561 2293 1787 2338 vesperam

391 2352 500 2396 sexti
523 2352 625 2396 dici.
