1854 3219
356 201 408 227 m:
441 198 650 228 DOCTRINA
681 200 933 229 czinrsTiANA
967 204 1048 230 Lm.
1086 205 1151 229 111.
1388 190 1436 230 41

61 265 170 309 ratio
191 273 276 320 est,
302 266 336 309 si
357 282 446 310 non
478 266 533 310 de
554 282 818 327 unaquaque
840 267 1032 323 civitate,
1060 267 1135 312 sed
1162 267 1216 312 de
1237 283 1440 328 unaqua-

60 351 146 395 que
166 337 388 396 provincia
413 337 484 382 vel
512 347 638 396 gente
658 337 729 383 vel
751 353 882 396 regno
913 339 997 384 tale
1020 339 1185 400 aliquid
1213 340 1259 383 in
1288 340 1443 385 divinis

59 408 299 466 reperiatur
319 408 528 469 Eloquiis.
564 412 662 454 Non
699 408 841 454 solum
872 410 987 454 enim
1005 446 1014 465 ,
1050 410 1173 456 verbi
1211 412 1366 468 gratia,
1392 410 1447 455 de

58 478 325 536 Jerusalem,
354 480 424 525 vel
462 480 517 525 de
549 480 692 541 aliqua
727 481 923 540 gentium
961 483 1155 537 civitate,
1188 482 1276 526 sive
1302 486 1443 540 Tyro,

57 549 145 594 sive
161 549 417 608 Babylonia,
434 550 522 596 sive
544 550 626 595 alia
648 550 844 612 qualibet
866 550 1026 596 dicitur
1049 550 1214 613 aliquid
1237 552 1282 595 in
1303 553 1446 612 Scrip—

57 621 163 665 turis
195 622 377 678 sanctis,
414 622 536 683 quod
572 622 755 668 modum
791 624 882 683 ejus
906 623 1107 679 excedat,
1148 632 1191 667 et
1213 623 1445 667 conveniat

54 692 200 751 potius
234 693 435 738 omnihus
474 694 675 753 gentibus
706 714 714 739 :
750 694 1037 739 verumetiam
1071 694 1126 738 de
1171 693 1324 738 Judaea
1338 729 1348 749 ,
1389 694 1444 738 de

54 765 271 824 AEgypto,
296 763 352 808 de
373 765 572 822 Assyria,
607 774 651 809 et
671 781 950 826 quacumque
980 765 1060 810 alia
1091 774 1244 824 gente,
1280 766 1325 809 in
1358 781 1444 825 qua

53 842 155 878 sunt
169 832 371 892 plurimae
391 834 611 890 civitates,
638 851 727 879 non
750 844 898 879 tamen
924 843 1041 879 totus
1075 835 1214 890 orbis,
1244 835 1320 879 sed
1347 851 1445 895 pars

52 904 143 964 ejus
160 913 251 960 est,
276 904 436 949 dicitur
457 904 578 966 quod
599 914 788 950 transeat
810 907 902 966 ejus
922 905 1105 950 modum
1118 941 1129 962 ,
1165 915 1209 950 et
1231 915 1445 965 congruat

52 974 196 1034 potius
217 975 419 1021 unIVerso
434 1010 445 1031 ,
472 976 595 1036 cujus
617 976 712 1020 haec
732 991 830 1036 pars
853 985 940 1035 est,
971 976 1042 1021 vel
1064 977 1175 1021 sicut
1189 976 1268 1020 iste
1291 980 1445 1036 appel-

52 1044 137 1101 lat,
163 1046 310 1106 generi
326 1081 337 1102 ‚
362 1047 488 1107 cujus
523 1047 618 1091 haec
655 1047 818 1106 species
850 1056 927 1092 est.
957 1046 1082 1092 Unde
1105 1057 1147 1092 et
1169 1047 1215 1091 in
1242 1047 1443 1092 notitiam

51 1116 172 1176 vulgi
192 1116 324 1162 verba
340 1116 421 1161 ista
435 1126 652 1162 venerunt
668 1153 679 1173 ,
695 1127 746 1162 ut
763 1118 893 1162 etiam
907 1117 1054 1163 idiotae
1073 1118 1320 1178 intelligant
1336 1117 1445 1179 quid

51 1187 308 1247 specialiter,
343 1187 452 1248 quid
470 1187 726 1246 generaliter
746 1188 793 1233 in
814 1204 1096 1250 quocumque
1117 1198 1337 1249 praecepto
1359 1189 1443 1232 im-

51 1257 203 1318 periali
219 1258 274 1303 sit
288 1258 591 1304 constitutum.
619 1259 692 1302 Fit
706 1259 791 1304 hoc
807 1260 937 1303 etiam
949 1258 1004 1303 de
1026 1259 1276 1304 hominibus
1299 1278 1307 1303 :
1333 1258 1444 1303 sicut

50 1344 100 1373 ea
121 1344 222 1390 quae
243 1328 300 1373 de
322 1328 555 1374 Salomone
576 1327 799 1383 dicuntur,
825 1328 1042 1374 excedunt
1060 1331 1152 1389 ejus
1170 1329 1352 1373 modum
1366 1363 1377 1384 ,
1399 1338 1443 1372 et

48 1400 193 1460 potius
219 1398 276 1444 ad
312 1399 534 1446 Christum
568 1398 638 1444 vel
665 1397 930 1455 Ecclesiam,
971 1400 1096 1460 cujus
1127 1399 1201 1443 ille
1224 1415 1322 1459 pars
1344 1408 1434 1455 est,

49 1470 184 1516 relata
205 1470 465 1515 clarescunt.

107 1543 312 1586 XLVIII.
346 1543 436 1588 Nec
458 1540 622 1601 species
639 1554 808 1600 semper
830 1540 1075 1598 exceditur3
1100 1555 1215 1600 saepe
1238 1539 1354 1584 enim
1372 1549 1441 1585 ta-

49 1612 107 1658 lia
128 1611 352 1668 dicuntur,
376 1627 477 1673 quae
503 1610 575 1656 vel
607 1611 647 1655 ei
674 1626 874 1672 quoque,
899 1610 969 1656 vel
987 1611 1026 1655 ei
1047 1610 1226 1656 fortasse
1243 1620 1441 1655 tantum-

49 1682 181 1730 modo
203 1683 468 1744 apertissime
493 1691 737 1741 congruant
758 1701 768 1728 z
793 1681 869 1727 sed
897 1697 999 1727 cum
1020 1698 1044 1727 a
1065 1682 1208 1743 specie
1232 1682 1443 1727 transitur

50 1754 106 1801 ad
137 1771 295 1815 genus,
326 1755 449 1816 quasi
469 1752 613 1798 adhuc
633 1753 689 1798 de
710 1754 853 1814 specie
874 1753 1085 1814 loquente
1108 1754 1329 1813 Scriptura
1345 1789 1356 1809 ,
1380 1753 1441 1798 ibi

48 1826 224 1886 vigilare
245 1825 377 1871 debet
397 1824 569 1870 lectoris
586 1826 789 1880 intentio,
812 1840 868 1869 ne
889 1834 1058 1886 quaerat
1077 1825 1122 1870 in
1141 1825 1299 1885 speeie,
1321 1824 1442 1886 quod

49 1898 94 1942 in
115 1912 273 1957 genere
297 1905 440 1957 potest
460 1895 615 1940 melius
636 1905 679 1940 et
700 1896 858 1940 certius
876 1896 1088 1940 invenire.
1115 1895 1261 1940 Facile
1277 1896 1442 1956 quippe

49 1977 113 2013 est
132 1966 243 2012 illud
264 1967 385 2028 quod
406 1966 467 2011 ait
485 1966 703 2026 propheta·
722 1964 951 2015 Ezechiel:
977 1985 997 2008 ι(
1017 1969 1181 2010 Domus
1204 1965 1335 2010 Israel
1357 1966 1439 2010 ha-

51 2056 72 2080 »
106 2038 260 2083 bitavit
289 2038 335 2082 in
358 2046 497 2092 terra,
532 2045 576 2080 et
607 2035 864 2096 polluerunt
891 2035 1012 2080 illam
1047 2037 1094 2080 in
1122 2036 1191 2081 via
1214 2051 1290 2080 sua
1330 2036 1440 2080 etin

52 2127 72 2150 »
106 2108 232 2153 idolis
263 2107 349 2153 suis
382 2117 426 2152 et
458 2107 647 2167 peccatis
678 2107 764 2151 suis
783 2142 794 2162 ,
833 2106 1076 2151 secundum
1113 2106 1439 2166 immunditiam

51 2197 73 2222 »
106 2188 385 2224 menstruatae
411 2179 526 2223 facta
551 2187 615 2222 est
630 2178 700 2222 via
722 2193 875 2223 eorum
896 2187 996 2222 ante
1018 2176 1174 2222 faciem
1196 2193 1354 2221 meam.
1383 2180 1440 2221 Et

51 2269 72 2292 »
106 2249 244 2295 effudi
264 2249 375 2294 iram
400 2264 542 2292 meam
562 2264 691 2308 super
713 2264 784 2292 eos
798 2284 808 2303 ,
837 2258 881 2292 et
910 2248 1088 2309 dispersi
1106 2247 1203 2293 illos
1224 2249 1337 2292 inter
1358 2264 1438 2292 na-

51 2339 72 2364 »
105 2320 244 2365 tiones
258 2355 270 2376 ,
288 2329 332 2364 et
351 2319 557 2364 ventilavi
579 2335 650 2363 eos
672 2319 718 2362 in
740 2319 936 2377 regiones
954 2340 965 2377 3
989 2318 1233 2363 secundum
1253 2318 1343 2363 vias
1361 2334 1437 2362 eo-

51 2410 72 2432 »
106 2406 226 2447 rum,
246 2400 290 2435 et
310 2390 555 2435 secundum
570 2399 749 2450 peccata
775 2405 927 2434 eorum
944 2389 1136 2450 judicavi
1159 2391 1274 2434 eos¹.
1304 2408 1323 2430 »
1349 2392 1381 2433 F
1388 2405 1436 2433 a-

48 2461 128 2507 cile
149 2471 212 2507 est
226 2497 238 2518 ,
261 2461 442 2521 inquam
459 2497 470 2517 ,
498 2462 582 2506 hoc
605 2459 846 2519 intelligere
860 2459 915 2505 de
937 2461 1012 2506 illa
1035 2459 1167 2505 domo
1196 2459 1327 2505 Israel
1341 2492 1355 2517 ,
1380 2458 1436 2503 de

98 2552 107 2568 ¹
128 2545 245 2578 Ezech.
261 2556 373 2585 xxxw,
391 2556 500 2588 17-19.
