1854 3219
313 218 366 242 DE
397 216 548 243 Gsnsssl
580 214 635 241 AD
668 214 910 252 L1TTERAM‚
947 216 1029 242 Lm.
1071 217 1143 242 νιι.
1338 203 1418 241 381

98 282 195 324 XV.
221 280 338 333 Quid
356 280 472 324 enim
490 279 678 323 afferunt
700 279 944 337 argumenti
972 279 1236 339 philosophi,
1253 279 1328 339 qui
1345 295 1426 339 pu-

40 359 134 395 tant
151 350 382 395 hominum
400 350 562 395 animas
583 349 628 393 in
652 365 824 409 pecora,
846 349 916 393 vel
931 365 1137 409 pecorum
1161 350 1206 393 in
1227 349 1426 394 homines

39 429 136 480 post
170 429 356 465 mortem
386 435 510 480 posse
541 418 796 464 transferri?
828 419 912 464 hoc
941 429 1078 475 certe,
1104 419 1225 480 quod
1255 435 1428 464 morum

38 490 281 536 similitudo
303 489 360 535 ad
380 489 427 535 id
448 490 607 545 trahat,
631 488 754 534 velut
775 504 923 535 avaros
951 489 996 533 in
1019 488 1236 545 formicas,
1255 505 1429 550 rapaces

40 561 86 605 in
106 561 278 618 milv08‚
295 577 430 607 saevos
451 576 500 606 ac
521 559 728 621 superbos
743 560 789 603 in
805 558 968 616 leones,
989 569 1219 605 sectatores
1238 561 1428 605 immun-

39 630 108 677 dae
123 631 362 692 voluptatis
382 631 427 676 in
444 647 540 677 sues
559 652 570 690 3
595 640 639 675 et
655 631 690 676 si
711 647 800 692 qua
821 630 989 675 similia.
1012 635 1116 677 Haec
1137 631 1301 693 quippe
1316 632 1427 677 affe-

29 699 164 760 runt,
189 719 271 749 nec
299 702 535 748 attendunt
560 718 638 763 per
660 702 774 747 hanc
797 703 1008 747 rationem
1036 701 1159 748 nullo
1181 702 1313 748 modo
1336 703 1430 747 fieri

37 790 177 835 posse,
196 783 248 820 ut
263 774 430 835 pecoris
449 774 590 819 anima
613 782 710 834 post
730 782 916 818 mortem
938 773 984 818 in
1000 774 1224 820 hominem
1244 772 1430 819 transfe-

37 856 172 891 ratur.
194 845 325 892 Nullo
348 845 482 891 modo
504 845 620 889 enim
642 860 799 905 porcus
814 844 994 889 similior
1007 845 1087 889 erit
1108 845 1276 890 homini
1293 860 1426 906 quam

34 931 194 978 porco3
224 925 268 961 et
297 931 400 961 cum
433 925 744 961 mansuescunt
770 915 939 972 leoneS‚
973 916 1155 961 canibus
1194 916 1265 962 vel
1294 917 1425 961 etiam

37 989 192 1034 ovibus
229 988 344 1032 fiunt
372 986 599 1032 similiores
632 1003 766 1049 quam
797 987 1063 1033 hominibus.
1090 990 1203 1034 Cum
1235 988 1368 1047 igitur
1405 1003 1430 1032 a

36 1074 244 1120 pecorum
265 1058 461 1104 moribus
483 1073 640 1118 pecora
662 1074 754 1103 non
786 1058 1013 1114 recedunt,
1039 1068 1082 1103 et
1104 1075 1203 1120 quae
1226 1058 1428 1120 aliquan-

37 1130 181 1176 tulum
209 1129 374 1175 caeteris
408 1128 632 1173 dissimilia
656 1129 791 1185 fiunt,
822 1129 1027 1175 similiora
1049 1139 1151 1175 sunt
1173 1139 1318 1174 tamen
1352 1145 1430 1174 suo

37 1201 183 1261 generi
204 1217 338 1262 quam
357 1201 570 1256 humano,
586 1200 804 1262 longeque
825 1201 923 1261 plus
948 1202 1003 1246 ab
1023 1201 1274 1246 hominibus
1297 1217 1431 1262 quam

37 1288 61 1318 a
81 1272 316 1333 pecoribus
338 1271 573 1327 differunt,
599 1287 827 1332 nunquam
850 1281 980 1316 erunt
1017 1272 1246 1317 hominum
1273 1273 1430 1316 animae

35 1343 150 1399 istae,
167 1343 202 1387 si
224 1359 274 1388 ea
296 1359 395 1404 quae
418 1342 627 1387 similiora
652 1342 738 1387 sint
755 1343 950 1387 trahunt.
971 1343 1014 1388 Si
1034 1352 1178 1387 autem
1203 1344 1286 1387 hoc
1304 1358 1431 1401 argu÷

35 1422 233 1458 mentum
249 1411 409 1458 falsum
430 1422 509 1466 est,
531 1413 754 1473 quomodo
777 1414 858 1458 erit
875 1413 948 1457 illa
970 1429 1071 1458 vera
1094 1413 1269 1473 opinio?
1289 1430 1430 1474 quan-

36 1484 273 1546 doquidem
302 1483 413 1528 nihil
451 1482 571 1528 aliud
603 1484 810 1540 afferunt,
851 1501 940 1545 quo
976 1486 1143 1530 etiamsi
1177 1501 1265 1531 non
1299 1502 1426 1541 vera,

36 1557 188 1603 saltem
209 1555 452 1602 verisimilis
482 1556 710 1599 habeatur.
738 1555 863 1600 Unde
886 1555 1119 1616 proclivius
1142 1566 1185 1600 et
1220 1557 1310 1616 ipse
1332 1573 1428 1601 crc-

36 1627 236 1683 diderim‚
261 1626 382 1689 quod
399 1626 529 1671 etiam
550 1641 702 1672 eorum
719 1626 881 1686 posteri
899 1636 1146 1683 sectatores,
1167 1626 1264 1671 illos
1279 1628 1425 1672 homi-

36 1715 111 1744 nes
128 1699 204 1760 qui
225 1699 320 1743 haec
342 1697 542 1758 primitus
566 1697 613 1741 in
634 1697 719 1742 suis
741 1697 861 1742 libris
884 1707 1140 1758 posuerunt,
1166 1698 1211 1741 in
1234 1699 1315 1743 hac
1338 1698 1426 1743 vita

35 1771 180 1830 potius
206 1768 389 1828 intelligi
416 1768 625 1823 voluisse,
651 1767 842 1828 quadam
868 1769 1146 1828 perversitate
1172 1785 1344 1814 morum
1376 1786 1424 1814 ac

36 1841 308 1901 turpitudine
328 1840 526 1884 homines
549 1854 757 1899 pecorum
781 1839 939 1884 similes
962 1840 1069 1895 sieri,
1087 1856 1135 1884 ac
1152 1840 1211 1884 sic
1228 1841 1421 1901 quodam

35 1912 167 1958 modo
189 1913 234 1956 in
256 1927 412 1972 pecora
433 1909 708 1966 commutari,
734 1919 784 1954 ut
805 1911 889 1956 hoc
910 1909 1122 1957 dedecore
1140 1911 1327 1971 objecto,
1353 1927 1424 1957 cos

36 2001 59 2030 a
76 1983 365 2046 cupiditatum
386 1982 598 2045 pravitate
615 1991 883 2028 revocarent.
