1854 3219
403 210 484 248 588
841 216 875 245 s.
912 218 1140 248 AUGUSTINI
1173 219 1352 247 EPISCOPI

403 386 542 402 ᾸΜἏΜΜ
547 386 896 403 ΚΜΝΜΜΜΊΜΜΚἋΚ
900 385 1772 403 mmwsssvxnmmmmmmmmmmmmwvuv

928 508 1142 561 CAPUT
1176 513 1285 561 XV.

548 659 751 706 Somnia
768 650 974 706 venerea
995 661 1097 706 sine
1114 668 1318 724 peccato
1339 660 1632 723 contingere.

460 796 625 839 XXXI.
663 797 788 840 UNDE
817 795 1052 857 aliquando
1074 796 1124 840 fit
1144 795 1328 857 quaestio
1357 795 1413 840 de
1435 795 1791 841 consensionibus

401 867 710 910 somniantium
727 903 737 922 ,
764 883 863 911 cum
887 868 1017 911 etiam
1045 867 1339 911 concumbere
1362 866 1444 911 sibi
1476 865 1699 924 videntur,
1723 865 1794 911 vel

402 947 553 982 contra
575 938 847 998 propositum
870 954 997 983 suum
1018 973 1028 993 ‚
1061 937 1130 982 vel
1148 948 1298 983 contra
1322 938 1452 982 etiam
1475 938 1614 982 licitos
1632 953 1789 982 mores.

403 1008 533 1062 Quod
546 1025 634 1054 non
656 1009 871 1067 contingit
889 1045 898 1064 ‚
921 1009 1001 1053 nisi
1019 1023 1120 1053 cum
1138 1025 1186 1053 ea
1209 1025 1307 1070 quae
1323 1008 1552 1068 vigilantes
1571 1009 1701 1053 etiam
1721 1024 1796 1052 co-

404 1080 613 1138 gitamus,
640 1096 730 1124 non
762 1096 862 1124 eum
885 1079 1046 1139 placito
1078 1080 1394 1135 consensionis,
1433 1079 1508 1124 sed
1531 1080 1643 1125 sicut
1665 1080 1797 1124 etiam

403 1150 504 1195 talia
524 1161 702 1211 propter
724 1151 890 1212 aliquid
912 1151 1149 1212 loquimur,
1177 1153 1235 1196 sic
1258 1151 1548 1196 admoventur
1570 1152 1615 1196 in
1637 1152 1797 1196 somnis

405 1233 449 1267 ct
470 1223 791 1282 exprimuntur,
826 1233 875 1267 nt
897 1224 956 1267 eis
990 1223 1245 1267 naturaliter
1274 1224 1402 1267 etiam
1431 1239 1531 1267 caro
1554 1233 1795 1277 moveatur,

405 1304 448 1338 et
470 1295 591 1354 quod
629 1293 886 1338 naturaliter
914 1294 1103 1353 colligit,
1139 1310 1218 1354 per
1241 1294 1447 1354 genitales
1476 1295 1566 1339 vias
1600 1295 1796 1351 emittat3

406 1365 518 1409 sicut
548 1366 631 1409 hoc
659 1365 802 1424 ipsum
840 1364 984 1409 dicere
1015 1365 1168 1425 utique
1198 1381 1288 1409 non
1321 1381 1516 1424 possem,
1555 1365 1636 1408 nisi
1670 1365 1799 1408 ctiam

408 1436 661 1494 cogitarem.
687 1439 822 1479 Porro
846 1436 1054 1493 imagines
1077 1451 1223 1479 rerum
1246 1434 1560 1495 corporalium,
1591 1450 1698 1495 quas
1720 1450 1800 1478 ne-

407 1507 589 1550 cessario
618 1507 823 1564 cogitavi,
861 1516 911 1550 ut
943 1507 1025 1550 hoc
1058 1505 1272 1561 dicerem,
1310 1507 1342 1549 si
1381 1515 1501 1550 tanta
1531 1506 1802 1565 expressione

407 1587 778 1636 prsesentarentur
806 1577 849 1620 in
884 1578 1070 1632 somnis,
1098 1586 1261 1637 quanta
1279 1586 1599 1637 praesentantur
1621 1593 1803 1636 corpora

407 1647 706 1706 vigilantibus⁷
723 1648 846 1691 fieret
868 1646 980 1691 illud
998 1646 1121 1707 quod
1142 1647 1241 1710 sine
1251 1656 1430 1706 peccato
1445 1647 1537 1690 fieri
1555 1663 1577 1690 a
1595 1647 1804 1706 vigilante

408 1735 498 1763 non
529 1727 688 1778 posset.
730 1719 835 1771 Quis
867 1719 983 1762 enim
1006 1717 1075 1762 vel
1100 1734 1201 1762 cum
1236 1718 1448 1779 loquitur,
1490 1728 1533 1762 et
1554 1717 1805 1778 postulante

409 1790 662 1835 necessitate
684 1791 892 1834 sermonis
916 1789 970 1834 de
994 1806 1072 1834 sno
1100 1790 1341 1834 concubitu
1366 1789 1531 1851 aliquid
1552 1790 1657 1834 dicit
1672 1791 1806 1850 possit

410 1877 500 1905 non
517 1862 707 1920 cogitare
725 1861 847 1921 quod
868 1860 1003 1904 dicit?
1026 1864 1161 1905 Porro
1183 1861 1274 1920 ipsa
1298 1861 1524 1921 phantasia
1542 1896 1552 1916 ‚
1573 1877 1671 1921 quae
1689 1862 1738 1905 fit
1761 1863 1806 1905 in

411 1933 674 1992 cogitatione
710 1932 1040 1977 sermocinantis
1057 1968 1067 1987 ‚
1109 1948 1210 1976 cum
1248 1933 1307 1976 ita
1353 1948 1549 1992 expressa
1592 1931 1724 1976 fuerit
1761 1933 1807 1976 in

410 2004 575 2049 visione
601 2004 855 2049 somniantis
873 2040 883 2059 ,
910 2013 960 2047 ut
980 2004 1092 2047 inter
1114 2003 1233 2048 illam
1271 2013 1315 2048 et
1346 2019 1493 2048 veram
1527 2004 1806 2048 commixtio-

412 2091 515 2119 nem
539 2090 771 2134 corporum
797 2090 887 2119 non
910 2074 1196 2129 discernatur,
1223 2074 1432 2119 continuo
1456 2084 1658 2118 movetur
1675 2090 1774 2118 caro
1792 2110 1804 2131 ‚

413 2156 456 2190 et
479 2147 675 2207 seqnitur
705 2145 826 2207 quod
849 2162 949 2190 eum
973 2155 1143 2190 motum
1167 2146 1289 2206 sequi
1311 2145 1445 2201 solet,
1477 2161 1578 2189 cum
1611 2146 1694 2189 hoc
1717 2155 1807 2189 tam

414 2218 505 2261 sinc
534 2227 712 2277 peccato
737 2218 838 2273 fiat,
870 2233 1001 2278 qnam
1025 2219 1115 2261 sinc
1139 2226 1318 2277 peccato
1352 2233 1376 2260 a
1396 2215 1603 2274 vigilante
1626 2216 1804 2272 dicitur,

414 2289 535 2350 quod
554 2299 603 2333 ut
623 2289 856 2344 diceretur,
878 2290 970 2333 sine
989 2288 1124 2333 dnbio
1143 2290 1378 2347 cogitatum
1399 2297 1477 2332 est.
1491 2290 1807 2332 Verumtamen

414 2369 593 2420 propter
615 2361 770 2404 animae
789 2360 1063 2404 affectionem
1085 2360 1372 2420 bonam,quae
1395 2358 1609 2402 desiderio
1628 2357 1807 2402 meliore

419 2431 629 2475 mundata
650 2431 808 2475 multas
830 2431 1035 2477 interficit
1057 2429 1316 2490 cupiditates
1334 2465 1344 2484 ,
1365 2445 1464 2489 quae
1487 2428 1541 2472 ad
1563 2428 1809 2472 naturalem

420 2503 560 2547 carnis
590 2511 758 2546 motum
783 2518 871 2546 non
895 2501 1116 2562 pertinent
1131 2536 1141 2556 ,
1167 2516 1298 2561 quem
1321 2501 1425 2544 casti
1442 2499 1667 2558 vigilantes
1684 2499 1808 2543 cohi-

420 2573 526 2616 bent
551 2582 594 2617 ct
615 2572 862 2621 refrenant,
895 2571 1159 2617 dormientes
1184 2580 1328 2616 autem
1358 2570 1457 2616 ideo
1490 2586 1580 2616 non
1601 2579 1804 2630 possunt,
