1854 3219
405 190 487 229 242
837 202 869 226 S·
908 199 1137 228 AUGUSTINI
1174 202 1351 228 EPISCOPI

401 274 565 311 secreta
589 280 665 324 per
679 280 788 324 quos
812 266 1014 311 transitus
1028 276 1119 321 eat,
1135 266 1253 310 unde
1269 263 1455 309 mirabili
1475 265 1791 324 omnipotentia

397 337 616 384 Creatoris
638 335 916 382 reformanda
939 354 1084 382 rursus
1108 348 1300 382 eruatur.
1339 342 1600 397 Quanquam
1624 345 1667 380 et
1690 336 1791 380 hinc

400 409 476 453 fiat
496 409 701 469 quaedam
728 406 1018 469 prudentibus
1040 409 1281 454 admonitio
1298 445 1308 463 ‚
1334 418 1384 452 ut
1406 424 1449 452 se
1478 408 1537 452 ita
1566 423 1792 452 commen-

400 480 506 524 dent
539 480 657 524 fideli
691 480 914 535 Creatori,
940 481 1085 525 onmia
1119 481 1304 524 maxima
1336 489 1379 523 et
1412 480 1590 523 minima
1619 478 1792 523 occulto

399 561 514 596 nutu
527 551 861 607 administranti,
879 552 949 596 cui
963 552 1099 597 nostri
1113 552 1243 596 etiam
1256 550 1401 610 capilli
1416 550 1633 594 numerati
1647 559 1750 594 sunt
1760 552 1790 605 ¹,

399 641 455 669 ne
476 633 654 685 propter
676 624 825 669 inanes
847 641 971 669 curas
993 625 1335 669 exanimatorum
1358 638 1592 683 corporum
1615 637 1791 666 suorum

399 695 490 741 ulla
512 711 670 754 genera
691 696 900 741 mortium
928 697 1261 756 perhorrescant
1278 731 1289 750 ,
1315 693 1390 739 sed
1412 695 1496 755 piae
1525 693 1794 739 tortitudinis

399 783 556 815 nervos
577 767 633 814 ad
653 768 798 814 omnia
820 784 1065 830 praeparare
1088 784 1178 813 non
1194 767 1413 812 dubitent.

401 927 579 945 ΝΒΛΛΛΛΚὙᾺ
583 926 1063 944 mmmmwmwmwm
1322 924 1724 942 mmmmvm
1728 925 1797 942 WV!

860 1050 1080 1101 CAPUT
1116 1052 1305 1099 XVIII.

400 1183 566 1245 sz'noe
588 1194 634 1230 et
657 1184 822 1230 tribula·
843 1184 1072 1248 lignaque
1094 1186 1399 1247 infructuosa
1422 1199 1510 1230 cm·
1535 1193 1581 1230 et
1601 1181 1798 1244 quando

1007 1267 1193 1303 ereata.

462 1395 650 1439 XXVII.
680 1397 807 1440 TALIS
829 1395 962 1440 etiam
983 1395 1170 1456 quaestio
1193 1393 1248 1439 de
1269 1394 1401 1454 spinis
1424 1403 1468 1438 et
1489 1392 1662 1438 tribulis
1690 1391 1800 1438 solet

398 1466 582 1522 aboriri,
603 1476 647 1511 et
672 1465 727 1511 de
744 1466 1010 1528 quibusdam
1031 1466 1158 1526 lignis
1186 1465 1492 1521 infructuosis,
1510 1465 1580 1510 vel
1603 1481 1701 1521 cur,
1730 1464 1801 1510 vel

405 1538 584 1599 quando
598 1547 742 1583 creata
754 1538 856 1594 sint,
868 1555 970 1583 cum
981 1542 1096 1583 Deus
1110 1539 1288 1583 dixerit:
1309 1537 1561 1583 «Producat
1572 1547 1685 1582 terra
1700 1537 1801 1581 her-

408 1627 429 1650 »
464 1610 566 1654 bam
584 1609 739 1669 pabuli
763 1610 1049 1654 seminantem
1071 1626 1244 1669 semen3
1267 1620 1309 1655 et
1329 1609 1500 1669 lignum
1524 1608 1801 1654 fructiferum

406 1699 427 1721 η
463 1679 626 1725 faciens
640 1679 849 1724 fructum.
869 1700 888 1722 >›
909 1680 994 1727 Sed
1011 1682 1087 1742 qui
1105 1682 1163 1726 ita
1181 1691 1430 1736 moventui}
1446 1696 1536 1725 non
1549 1679 1802 1739 intelligunt

404 1751 557 1797 Saltem
580 1751 635 1796 de
659 1752 826 1796 usitatis
848 1751 1048 1797 formulis
1069 1753 1252 1797 humani
1269 1753 1405 1813 juris,
1425 1750 1802 1813 quemadmodum

405 1823 649 1884 appelletur
670 1823 960 1869 ususfructus.
997 1825 1166 1869 Utilitas
1195 1825 1312 1868 euim
1334 1823 1538 1885 quaedam
1561 1823 1802 1868 fruentium

402 1895 449 1939 in
472 1894 641 1940 fruetus
664 1896 842 1940 nomine
864 1895 1179 1940 consideratur.
1201 1899 1388 1949 Quantae
1411 1905 1558 1940 autem
1580 1894 1665 1939 sint
1679 1893 1800 1939 utili-

402 1976 538 2022 tates,
572 1967 660 2011 sive
683 1965 950 2022 manifestae,
987 1967 1075 2011 sive
1095 1966 1309 2023 occultae
1335 1966 1534 2011 omnium
1560 1982 1660 2026 quae
1688 1974 1803 2010 terra

404 2039 584 2098 aig-nens
608 2038 815 2083 radicitus
841 2038 938 2094 alit,
972 2048 1016 2083 et
1044 2039 1125 2098 ipsi
1146 2037 1351 2129 qan'dam
1378 2039 1650 2093 intueantur,
1676 2046 1719 2081 et
1747 2036 1803 2081 ab
1828 2043 1834 2049 “

403 2110 588 2170 expertis
605 2119 762 2154 caetera
778 2110 1017 2188 inquirant.

463 2183 674 2225 XXVIII.
694 2185 752 2226 Et
768 2180 823 2226 de
840 2181 972 2242 spinis
989 2181 1169 2242 quidem
1194 2197 1243 2225 ac
1266 2180 1438 2225 tribulis
1460 2179 1702 2224 absolutior
1721 2194 1805 2239 po-

404 2261 489 2297 test
510 2268 599 2298 esse
618 2253 842 2314 responsio
854 2289 864 2309 ,
881 2253 985 2314 quia
1002 2261 1100 2313 post
1116 2260 1346 2312 peccatum
1363 2250 1532 2296 dictum
1555 2260 1619 2296 est
1633 2250 1804 2295 homini
1853 2275 1854 2305 3

404 2324 460 2368 de
482 2333 623 2370 terra:
662 2345 683 2367 e<
713 2325 865 2384 Spinas
896 2333 940 2368 et
970 2323 1156 2368 tribulos
1187 2323 1326 2384 pariet
1351 2323 1475 2368 tibi2.
1498 2341 1518 2364 »
1544 2325 1632 2368 Nec
1657 2331 1804 2367 tamen
1852 2342 1854 2381 3

404 2393 531 2441 facile
555 2396 794 2442 dicendum
818 2406 883 2441 est
904 2405 1010 2440 tunc
1035 2396 1216 2457 coepisse
1238 2396 1319 2440 ista
1339 2394 1441 2440 oriri
1463 2411 1512 2439 ex
1533 2404 1662 2439 terra.
1691 2397 1803 2438 For-

405 2468 527 2513 tassis
550 2468 666 2513 enim
690 2468 898 2529 quoniam
930 2468 976 2511 in
1006 2468 1106 2528 ipsis
1130 2482 1308 2529 quoque
1332 2466 1565 2527 generibus
1587 2464 1804 2511 seminum

459 2574 467 2590 ¹
490 2569 568 2600 Luc.
589 2579 650 2610 ΧΠ,
670 2578 701 2610 7.
718 2585 760 2590 —
776 2574 789 2591 2
805 2569 884 2601 Gen.
905 2578 953 2608 nr,
975 2565 1026 2598 18.
