1854 3219
315 195 368 223 m:
400 192 551 223 GENsssr
586 193 640 221 An
674 193 918 234 LlT'rERAM,
956 196 1038 223 Lm.
1075 196 1154 222 ΧΠ.
1338 184 1424 225 619

43 357 551 377 mmmmmwnwu
754 357 884 374 mm
888 357 1424 385 mmmmm

462 479 680 528 CAPUT
723 480 957 529 XXXIV.

37 622 117 675 De
137 621 377 684 paradiso
407 631 455 669 et
483 622 624 671 tertio
652 620 776 675 coelo
805 638 899 684 quo
927 631 1096 684 raptus
1117 631 1189 669 est
1217 621 1421 669 Paulus.

93 749 228 811 LXV.
261 747 424 792 VERUM
443 746 528 792 hoc
561 746 668 793 dum
691 748 948 813 quaerimus,
973 756 1017 792 et
1045 756 1122 796 aut
1148 746 1420 802 invenimus,

33 828 110 864 aut
129 834 220 863 non
241 818 486 864 invenimus
502 853 513 874 ,
544 827 672 878 urget
693 834 771 863 nos
792 817 1023 878 longitudo
1045 818 1146 862 libri
1166 818 1297 878 hujus
1322 832 1424 861 eum

34 888 267 957 aliquando
289 889 573 947 concludere„
593 892 869 950 Quapropter
900 889 1107 950 quoniam
1143 889 1197 933 de
1224 887 1425 950 paradiso

31 976 277 1018 sermonem
293 961 558 1005 instituimus
574 997 585 1017 ,
612 970 791 1022 propter
806 959 919 1005 illud
941 960 1062 1021 quod
1079 959 1314 1020 Apostolus
1337 961 1420 1015 ait,

32 1031 140 1077 scire
157 1047 200 1076 se
213 1042 388 1092 raptum
401 1032 623 1077 hominem
642 1047 780 1093 usque
798 1032 842 1075 in
861 1031 1038 1076 tertium
1055 1031 1238 1087 coelum,
1258 1030 1424 1077 nescire

32 1113 180 1149 autem
206 1103 295 1148 sive
317 1104 364 1148 in
390 1119 572 1164 corpore
600 1104 688 1149 sive
710 1113 830 1147 extra
864 1119 1044 1163 corpus,
1073 1112 1116 1147 et
1142 1102 1245 1163 quia
1274 1111 1423 1162 raptus

31 1184 96 1219 est
117 1175 162 1218 in
183 1174 430 1234 paradisum
447 1210 458 1230 ,
486 1184 529 1219 et
553 1174 720 1219 audivit
750 1173 989 1218 ineffabilia
1017 1173 1149 1218 verba
1166 1209 1177 1229 ‚
1205 1189 1304 1233 quae
1332 1188 1422 1217 non

30 1245 311 1291 licethomini
329 1246 451 1308 loqui
470 1269 480 1305 3
505 1263 595 1292 non
618 1257 779 1292 temere
798 1248 1081 1302 affirmamus,
1105 1255 1254 1290 utrum
1271 1246 1316 1289 in
1339 1255 1424 1289 ter-

32 1319 92 1363 tio
112 1318 225 1366 coelo
242 1318 296 1362 sit
312 1318 551 1378 paradisus,
572 1336 628 1363 an
646 1320 775 1364 etiam
793 1320 837 1363 in
856 1319 1034 1363 tertium
1055 1317 1233 1373 coelum,
1255 1326 1298 1361 et
1319 1315 1422 1360 inde

31 1404 178 1444 rursus
199 1388 245 1437 in
267 1388 517 1448 paradisum
548 1400 697 1450 raptus
723 1390 794 1435 sit.
829 1391 872 1435 Si
902 1390 1019 1433 enim
1046 1389 1220 1450 proprie
1242 1387 1421 1466 quidem

30 1474 285 1505 nemorosus
302 1457 439 1514 locus,
466 1460 675 1504 translato
692 1470 840 1511 autem
861 1461 997 1503 verbo
1016 1460 1155 1503 omnis
1178 1459 1309 1502 etiam
1333 1458 1420 1517 spi-

24 1529 165 1590 'ritalis
186 1529 309 1589 quasi
330 1530 470 1588 regio,
495 1530 571 1577 ubi
597 1530 751 1574 animae
774 1530 885 1573 bene
909 1538 993 1584 est,
1020 1529 1175 1573 merito
1198 1527 1422 1588 paradisus

26 1600 114 1650 dici
128 1608 287 1661 potest,
308 1615 398 1651 non
411 1599 553 1651 solum
573 1600 751 1644 tertium
769 1599 948 1654 coelum,
966 1599 1185 1659 quidquid
1206 1598 1318 1642 illud
1337 1608 1417 1653 est⁷

26 1671 149 1735 quod
184 1671 386 1732 profecto
418 1687 630 1730 magnum
668 1670 1001 1732 sublimiterque
1036 1670 1294 1731 praeclarum
1323 1679 1386 1715 est
1406 1705 1417 1730 2

26 1747 314 1791 verumetiam
337 1746 383 1792 in
412 1744 506 1804 ipso
533 1742 713 1786 homine
739 1741 889 1785 laetitia
917 1742 1120 1802 quaedam
1152 1741 1280 1786 bonae
1315 1757 1422 1786 con-

26 1817 219 1861 scientioe
241 1814 464 1879 paradisus
483 1822 561 1857 est.
589 1811 714 1857 Unde
732 1821 775 1856 et
790 1810 982 1856 Ecclesia
1006 1812 1052 1855 in
1074 1812 1229 1856 sanctis
1252 1821 1420 1872 tempe—

25 1896 172 1932 ranter
203 1897 246 1932 et
266 1889 383 1948 juste
405 1894 449 1929 et
478 1884 549 1945 pie
570 1883 818 1928 viventibus
841 1883 1065 1943 paradisus
1088 1893 1203 1928 recte
1227 1883 1388 1928 dicitur
1402 1919 1414 1940 ‚

24 1958 193 2021 pollens
217 1957 439 2008 affluentia
461 1956 714 2015 gratiarum,
739 1955 952 2016 castisque
970 1954 1158 1999 deliciis1
1183 1975 1191 1999 :
1214 1954 1417 2015 quando-

24 2028 204 2094 quidem
225 2039 270 2074 et
302 2030 349 2074 in
380 2027 738 2075 tribulationibus
761 2026 972 2086 gloriatur
999 2027 1054 2072 de
1086 2027 1178 2086 ipsa
1206 2027 1417 2086 patientia

22 2101 264 2164 plurimum
290 2099 483 2160 gaudens
498 2134 509 2154 ‚
535 2098 638 2159 quia
663 2096 905 2151 secundum
931 2093 1263 2141 multitudinem
1285 2096 1414 2159 dolo-

24 2187 122 2223 rum
145 2173 191 2219 in
211 2171 343 2219 corde
365 2169 681 2220 consolationes
700 2168 777 2213 Dei
793 2167 1039 2230 jocundant
1063 2168 1254 2212 animam
1278 2169 1412 2229 ejus2.

24 2245 200 2297 Quanto
237 2243 373 2302 magis
410 2257 512 2300 ergo
554 2249 653 2300 post
687 2239 802 2284 hanc
838 2240 974 2284 vitam
1017 2239 1144 2283 etiam
1185 2240 1303 2283 sinus
1339 2239 1414 2284 ifle

24 2314 214 2377 Abrahae
235 2313 458 2377 paradisus
477 2312 562 2358 dici
583 2320 742 2372 potest,
767 2311 845 2355 ubi
859 2312 949 2371 jam
964 2310 1085 2355 nulla
1103 2311 1311 2368 tentatio5
1334 2311 1413 2355 ubi

22 2393 145 2434 tanta
166 2384 336 2445 requies
351 2393 449 2444 post
471 2397 620 2434 omnes
638 2381 809 2426 dolores
830 2381 930 2427 vitae
945 2382 1106 2442 hujus?
1122 2384 1274 2443 Neque
1298 2382 1415 2425 enim

25 2463 68 2499 et
89 2453 165 2504 lux
185 2453 247 2499 ibi
268 2470 356 2505 non
379 2463 442 2501 est
461 2453 638 2514 propria
657 2451 860 2513 quaedam
879 2461 922 2497 et
944 2451 1009 2497 sui
1028 2453 1215 2511 generis,
1242 2462 1283 2496 et
1307 2468 1411 2512 pro-

75 2556 83 2571 ¹
102 2549 198 2584 Eccli.
217 2561 269 2592 xi„
292 2552 344 2583 28.
368 2567 409 2574 —
425 2557 438 2573 2
460 2549 540 2586 Psal.
561 2560 646 2591 xcm,
672 2559 724 2591 19.
