1854 3219
362 194 415 220 ΒΕ
447 192 599 220 GENEs1
630 188 685 218 An
717 188 959 230 nra-enam,
995 193 1076 220 Lm.
1113 194 1191 221 vir.
1383 181 1470 222 395

83 258 245 306 scilicet
285 259 590 319 rationemque
624 259 854 318 praefigens
869 293 883 314 ,
926 258 1169 303 secundum
1203 274 1336 319 quam
1372 275 1474 305 eum

82 339 181 390 post
201 329 298 374 illos
319 339 485 390 septem
512 328 603 372 dies
631 327 814 383 faceret,
840 336 890 372 ut
916 328 1120 373 videlicet
1155 330 1346 389 corporis
1379 332 1473 392 ejus

84 400 302 451 causalem
323 400 536 450 rationem
557 400 604 449 in
629 407 784 443 natura
803 408 928 442 terrae
941 434 951 454 ,
979 400 1134 443 animae
1157 409 1303 444 autem
1325 401 1371 445 in
1392 418 1473 446 na-

83 480 183 523 tura
213 470 328 523 illius
351 470 437 515 diei
458 483 621 515 creasse
655 470 887 514 credatur?
918 470 1003 515 Sed
1024 470 1131 532 quid
1152 470 1272 516 aliud
1294 471 1470 529 dieitur,

50 536 53 539 i
80 557 182 592 cum
204 544 288 588 hoc
309 541 486 597 dicitur,
510 541 591 585 nisi
615 540 859 600 angelicum
880 542 1079 601 spiritum
1101 543 1223 603 quasi
1245 553 1474 603 parentem

81 628 171 658 esse
193 614 350 663 animae
379 613 584 665 humanae
600 648 612 669 ‚
637 612 672 657 si
691 612 751 657 sic
773 612 818 656 in
850 611 925 656 illo
951 613 1063 657 inest
1089 613 1245 657 animae
1268 614 1473 661 humanae

80 683 280 736 creandae
302 684 571 744 praecondita
593 684 703 728 ratio
717 719 728 738 ‚
752 683 865 728 sicut
892 683 939 727 in
956 685 1132 728 homine
1154 684 1317 729 futurae
1338 685 1473 745 prolis

79 757 199 800 suae?
219 757 274 800 Ut
289 770 524 815 corporum
546 754 726 816 quidem
737 755 1034 799 humanorum
1048 765 1248 815 parentes
1273 757 1473 802 homines

78 827 165 871 sint
179 862 191 883 ‚
217 827 461 872 animarum
483 836 630 871 autem
648 825 826 885 Angeli‚
854 836 1022 871 creator
1038 842 1141 873 vero
1164 837 1208 872 et
1229 828 1474 873 animarum

78 907 122 945 et
143 913 378 958 corporum
406 901 520 943 Deus
535 934 545 954 ,
572 898 648 943 sed
665 913 900 958 corporum
922 914 975 942 ex
993 899 1247 944 hominibus
1263 935 1274 956 ‚
1305 901 1473 946 anima-

77 984 176 1013 rum
199 984 252 1019 ex
276 968 454 1028 Angelis
473 990 483 1027 3
510 978 585 1013 aut
604 968 758 1029 prioris
791 969 982 1029 corporis
1008 984 1061 1013 ex
1082 979 1196 1015 terra
1212 1006 1223 1026 ‚
1256 980 1299 1016 et
1320 972 1474 1031 prioris

77 1041 235 1087 animae
261 1056 315 1091 ex
343 1040 536 1099 angelica
562 1049 719 1093 natura
736 1076 747 1096 ‚
779 1040 855 1084 ubi
882 1041 1069 1086 rationes
1100 1057 1253 1086 eorum
1282 1042 1474 1087 causales

75 1111 344 1171 praefixerat,
376 1111 556 1172 quando
585 1112 785 1172 primitus
815 1110 919 1156 fecit
947 1112 1173 1157 hominem
1195 1113 1242 1158 in
1269 1114 1341 1170 iis,
1373 1130 1474 1174 quae

76 1181 206 1227 simul
235 1183 380 1228 omnia
401 1183 563 1227 creavit
581 1204 592 1240 3
627 1183 831 1243 deinceps
851 1199 955 1228 vero
971 1185 1062 1244 jam
1095 1185 1292 1229 homines
1316 1201 1369 1229 ex
1391 1186 1473 1229 ho-

76 1253 267 1298 minibus
286 1289 298 1309 ‚
323 1269 480 1314 corpus
505 1269 559 1298 ex
586 1269 768 1313 corpore
783 1289 794 1310 ‚
827 1255 1018 1299 animam
1045 1270 1095 1299 ex
1118 1256 1276 1300 anima.
1303 1259 1473 1300 Durum

23 1374 26 1376 v
77 1333 141 1368 est
161 1325 270 1380 hoc,
290 1324 447 1383 Angeli
463 1334 538 1369 aut
555 1324 827 1384 Angelorum
844 1325 978 1369 filiam
992 1326 1134 1370 dicere
1148 1342 1238 1370 esse
1255 1327 1442 1371 animam
1461 1347 1470 1372 2

77 1393 153 1438 sed
173 1394 314 1437 multo
336 1394 488 1440 durius
510 1395 610 1439 coeli
632 1396 853 1455 corporei3
879 1406 1045 1456 quanto
1068 1397 1204 1455 magis
1225 1412 1328 1455 ergo
1343 1398 1472 1442 maris

77 1474 120 1515 et
140 1465 291 1515 terrae?
312 1462 454 1511 Multo
472 1464 616 1507 minus
635 1466 767 1522 igitur
783 1466 830 1510 in
852 1466 996 1527 aliqua
1018 1467 1233 1528 corporali
1256 1479 1470 1525 creatura,

75 1533 255 1580 causalis
279 1534 435 1578 animae
464 1534 575 1578 ratio
607 1533 878 1594 praecondita
909 1546 999 1589 est,
1038 1554 1138 1578 cum
1173 1537 1337 1580 faceret
1358 1540 1473 1582 Deus

75 1607 298 1652 hominem
314 1605 368 1649 ad
385 1605 617 1664 imaginem
640 1621 785 1660 suam,
805 1615 1039 1667 antequam
1058 1622 1159 1650 eum
1177 1623 1256 1651 suo
1277 1617 1474 1668 tempore

77 1677 132 1723 de
158 1676 264 1722 limo
300 1675 537 1722 formatum
568 1677 678 1721 flatu
710 1676 946 1732 animaret,
982 1678 1016 1722 si
1052 1677 1241 1723 absurde
1279 1680 1473 1725 creditur

77 1748 265 1793 animam
283 1747 511 1793 causaliter
524 1747 570 1792 in
589 1757 748 1792 natura
770 1747 963 1806 angelica
985 1748 1244 1794 condidisse.

555 2027 775 2078 CAPUT
819 2030 1005 2078 XXIV.

128 2174 315 2218 Anima
333 2188 401 2227 an
421 2182 592 2219 ereata
614 2175 676 2219 sit
688 2175 824 2233 prius
838 2189 986 2234 quam
1008 2177 1202 2236 corpori
1217 2178 1414 2222 inserta.

137 2310 320 2354 XXXV.
346 2311 482 2354 ILLUD
511 2325 614 2369 ergo
637 2309 884 2368 videamus,
916 2321 1067 2356 utrum
1100 2312 1282 2358 forsitan
1317 2329 1470 2359 verum

77 2396 167 2425 esse
183 2381 339 2440 possit,
355 2381 478 2442 quod
500 2391 617 2426 certe
634 2382 838 2428 humanae
860 2384 1055 2444 opinioni
1073 2385 1340 2433 tolerabilius
1363 2388 1472 2431 mihi

77 2451 266 2506 videtur,
291 2454 432 2496 Deum
454 2453 499 2497 in
520 2451 603 2497 illis
625 2453 772 2513 primis
795 2455 1022 2515 operibus,
1049 2473 1149 2518 quae
1171 2457 1302 2502 simul
1323 2458 1470 2502 omnia

78 2524 239 2568 creavit
255 2559 266 2579 ,
288 2524 477 2570 animam
494 2525 622 2570 etiam
634 2526 872 2571 humanam
890 2544 1053 2574 creasse
1071 2565 1081 2585 ,
1107 2545 1239 2589 quam
1262 2546 1339 2574 suo
1361 2539 1470 2575 tem-
