1854 3219
316 220 370 247 DE
401 219 553 257 GENEs1
583 216 639 246 An
671 216 912 256 mvi-ERAM,
948 219 1030 245 ΜΒ.
1066 219 1161 245 v111.
1347 203 1426 243 411

609 503 828 554 CAPUT
864 505 925 553 V.

48 638 127 691 De
146 636 316 684 eodem
336 638 465 701 ligno
486 639 618 694 viae,
645 639 799 698 ipsum
821 638 1090 699 elfigurczm
1121 644 1169 681 et
1200 632 1442 680 nihilomi-

445 725 535 754 nus
557 716 657 755 rem
677 724 846 753 veram
863 707 1043 770 faisse.

60 894 61 897 ,
89 848 186 892 ix.
223 848 292 892 S1c
324 846 633 907 etSapientia,
657 846 775 891 idem
796 846 887 906 ipse
909 845 1128 902 Christus,
1153 844 1321 903 lignum
1341 844 1444 888 vitae

48 925 112 962 est
144 917 191 960 in
222 916 422 979 paradiso
450 917 650 977 spiritali,
682 933 772 978 quo
794 917 910 961 misit
933 916 987 961 de
1009 931 1138 961 cruce
1160 916 1374 960 latronem
1398 917 1409 939 ¹
1431 934 1439 959 :

47 997 242 1034 creatum
272 998 336 1034 est
368 998 538 1045 autem,
573 989 694 1050 quod
727 1006 822 1034 eam
851 989 1133 1048 significaret,
1157 988 1328 1047 lignum
1343 987 1446 1031 vitae

47 1061 178 1105 etiam
199 1061 247 1105 in
269 1060 466 1121 paradiso
488 1061 704 1123 corporali
723 1083 734 1120 3
760 1061 862 1122 quia
882 1062 964 1106 hoc
982 1059 1055 1104 illa
1075 1060 1296 1119 Scriptura
1311 1058 1441 1115 dixit,

47 1147 146 1193 quae
163 1147 229 1175 res
243 1133 330 1176 suis
352 1132 622 1192 temporibus
644 1141 781 1193 gestas
803 1147 1004 1186 narrans,
1029 1140 1072 1175 et
1094 1130 1317 1174 hominem
1347 1145 1447 1174 cor--

46 1201 255 1264 poraliter
276 1200 442 1246 factum
457 1238 468 1257 ‚
495 1212 538 1247 et
559 1203 604 1246 in
623 1218 803 1262 corpore
826 1202 1045 1247 viventem
1074 1200 1136 1244 ibi
1157 1200 1445 1244 constitutum

46 1287 136 1317 esse
159 1274 367 1317 narravit.
394 1277 484 1317 Aut
508 1274 541 1315 si
559 1273 791 1332 quisquam
814 1280 941 1331 putat
964 1271 1150 1325 animas,
1175 1286 1276 1314 cuni
1297 1287 1320 1314 a
1345 1286 1444 1314 eor-

45 1358 150 1403 pore
175 1344 437 1411 excesserint
456 1379 467 1398 7
492 1342 597 1387 locis
630 1341 913 1402 corporaliter
934 1340 1177 1386 visibilibus
1201 1342 1442 1400 contineri,

45 1427 147 1457 cum
159 1412 245 1456 sint
260 1413 350 1456 sine
366 1428 548 1472 corpore
561 1448 572 1469 ‚
589 1422 749 1457 asserat
766 1412 1027 1458 sententiam
1045 1427 1167 1455 suam
1199 1431 1206 1456 :
1223 1428 1313 1455 non
1342 1411 1446 1456 dee-

45 1492 151 1530 runt
172 1482 249 1543 qui
270 1482 329 1526 sic
350 1473 549 1538 faveant,
583 1492 634 1526 ut
654 1482 778 1527 illurn
808 1483 936 1526 etiam
959 1481 1138 1526 divitem
1160 1482 1377 1526 sitientem
1398 1482 1445 1526 in

44 1553 141 1610 loco
163 1554 316 1614 utique
338 1553 552 1615 corporali
583 1554 715 1598 fuisse
742 1552 1012 1598 contendant
1027 1555 1042 1577 ²
1060 1588 1070 1608 ‚
1102 1553 1328 1613 ipsamque
1351 1553 1445 1597 ani-

43 1639 162 1677 mam
190 1625 370 1669 omnino
401 1641 490 1669 esse
519 1641 796 1685 corpoream,
822 1633 1001 1685 propter
1031 1634 1224 1669 arentem
1247 1624 1447 1684 linguam

44 1704 89 1739 et
104 1693 263 1740 stillam
281 1711 407 1756 aquae
430 1695 485 1739 de
506 1694 655 1744 Lazari
679 1695 816 1758 digito
837 1695 1114 1754 concupitam
1129 1731 1140 1750 ,
1160 1696 1446 1754 pronuntiare

45 1781 137 1809 non
159 1763 387 1816 dubitent3
408 1781 509 1810 cum
532 1765 693 1825 quibus
714 1781 795 1824 ego
827 1764 882 1809 de
909 1774 1000 1809 tam
1023 1781 1181 1824 magna
1204 1767 1447 1826 quaestione

45 1835 169 1882 nulla
203 1836 446 1880 temeritate
488 1835 692 1894 confligo.
717 1833 873 1881 Melius
895 1844 960 1879 est
1008 1835 1126 1879 enim
1161 1834 1364 1880 dubitare
1392 1837 1447 1881 de

45 1906 227 1953 ocqutis
243 1943 254 1962 ‚
280 1923 413 1968 quam
433 1906 602 1966 litigare
617 1907 674 1969 de
697 1907 888 1951 incertis.
916 1905 1049 1950 Illum
1079 1907 1242 1967 quippe
1266 1907 1447 1953 divitem

45 1979 92 2032 in
121 1979 276 2027 ardore
291 1994 528 2039 poenarum
549 1988 593 2023 et
613 1977 739 2023 illum
763 1993 1002 2038 pauperem
1028 1978 1074 2033 in
1100 1977 1322 2037 refrigerio
1341 1995 1449 2038 gau-

50 2047 225 2110 diorum
245 2048 554 2109 intelligendos
588 2064 677 2093 esse
703 2064 795 2094 non
822 2049 995 2094 dubito.
1022 2049 1107 2094 Sed
1128 2050 1354 2110 quomodo
1375 2050 1446 2095 in-

46 2118 283 2178 telligenda
303 2120 359 2164 sit
385 2119 460 2164 itta
484 2120 662 2164 flamma
685 2120 844 2165 inferni
858 2156 868 2176 ‚
900 2118 973 2164 ille
996 2119 1113 2164 sinus
1135 2120 1349 2177 Abrahae,
1373 2121 1448 2166 illa

45 2188 197 2250 lingua
245 2190 380 2247 'vitis‚
403 2190 477 2236 ille
494 2190 654 2251 digitus
674 2191 898 2253 pauperis,
923 2190 998 2236 issa
1016 2192 1106 2236 sitis
1129 2193 1356 2248 tormenti,
1372 2192 1446 2237 illa

47 2260 162 2306 stilla
191 2189 437 2320 Γξτίςετὶἰ,
473 2263 544 2306 vix
571 2262 752 2307 fortasse
781 2279 805 2307 a
832 2273 1058 2308 mansuete
1079 2263 1397 2325 quaerentibus,
1423 2280 1446 2310 a

53 2332 324 2377 contentiose
342 2341 490 2377 autem
520 2334 786 2378 certantibus
819 2351 1051 2396 nunquam
1077 2336 1312 2381 invenitur.
1347 2335 1447 2394 Cito

49 2417 151 2446 sane
166 2402 522 2463 respondendum
545 2413 629 2460 est,
653 2420 709 2448 ne
729 2421 807 2449 nos
827 2405 1050 2466 profunda
1066 2407 1145 2451 ista
1168 2408 1375 2471 quaestio²
1402 2406 1453 2468 6ρζ

49 2473 198 2519 multis
226 2476 495 2521 sermonibus
520 2476 718 2535 indigens
750 2476 919 2534 tardet,
955 2478 990 2522 si.
1018 2478 1316 2539 corporalibus
1338 2477 1443 2522 locis

101 2579 108 2595 ¹
129 2574 205 2606 Luc.
232 2584 325 2615 xxiii,
345 2573 399 2616 43.
420 2591 462 2599 -·-
489 2582 503 2599 ²
520 2575 567 2608 Id.
594 2586 664 2615 xvr,
683 2574 737 2617 24.
757 2574 778 2618 4
796 2577 885 2609 Seut.
900 2576 977 2610 dist.
992 2588 1024 2618 12,
1038 2587 1112 2618 cap,
1127 2576 1167 2608 δι’
1185 2576 1272 2621 quis.
