1854 3219
298 222 352 251 DE
383 222 535 251 GENESI
568 218 623 251 An
655 220 900 261 ιιΤΤΕῙιΑΜ,
935 224 1017 251 mn.
1055 223 1130 250 xii.
1330 213 1410 250 621

29 284 152 348 quod
167 288 322 348 spiritu
344 288 560 343 cernitur,
585 287 696 332 sicut
716 287 828 332 illud
847 287 965 332 unde
983 284 1244 332 animalibus
1260 285 1417 346 plenus

28 358 75 403 in
103 359 234 404 extasi
262 363 391 405 Petro
413 359 556 404 discus
579 358 652 403 ille
678 360 913 404 submissus
942 361 1055 417 est¹3
1080 358 1258 402 tertium
1285 372 1414 413 vero,

29 429 151 490 quod
176 438 322 474 mente
342 428 609 488 conspicitur
633 430 693 474 ita
718 439 880 474 secreta
913 438 956 473 ct
978 438 1145 473 remota
1174 437 1217 471 et
1237 427 1418 472 omnino

29 499 209 560 abrepta
232 516 256 544 a
276 499 471 544 sensibus
498 498 640 543 carnis
662 509 793 560 atque
820 499 1031 544 mundata
1048 534 1058 554 ,
1086 508 1137 543 ut
1169 513 1219 542 ea
1250 514 1350 558 quae
1372 497 1419 542 in

28 569 106 616 illo
132 569 245 616 coelo
278 580 408 627 sunt,
440 579 483 615 et
512 570 651 630 ipsam
679 570 756 615 Dei
788 571 1095 625 substantiam,
1131 569 1418 629 Verbumque

29 644 170 687 Deum
190 657 268 702 per
289 642 410 703 quod
431 641 545 687 facta
572 650 675 686 sunt
709 642 897 697 omnia2,
924 642 968 685 in
997 641 1207 686 charitate
1244 639 1420 700 spiritus

30 713 168 757 sancti
195 712 479 757 ineffabiliter
509 712 651 757 valeat
682 710 830 756 videre
860 722 903 756 et
939 711 1088 756 audire
1112 730 1120 756 :
1146 726 1236 755 non
1263 710 1419 754 incon-

31 792 236 843 gruenter
258 783 537 839 arbitramur,
563 792 607 827 et
626 782 732 827 illuc
753 797 843 826 esse
863 781 1125 842 Apostolum
1150 781 1360 841 raptum3,
1377 789 1421 824 et

30 854 93 900 ibi
117 853 306 899 fortassis
323 869 413 898 esse
434 854 682 914 paradisum
705 853 908 898 omnibus
935 852 1186 908 meliorem,
1212 861 1255 896 et
1279 851 1314 896 si
1334 851 1421 895 dici

33 934 227 986 oportet,
256 923 505 984 paradisum
541 922 857 984 paradisorum.
890 923 933 968 Si
958 923 1074 966 enim
1103 923 1256 967 animae
1290 922 1420 966 bonae

33 995 185 1042 laetitia
204 995 251 1039 in
273 996 403 1040 rebus
420 995 547 1040 bonis
568 1004 632 1040 est
646 996 691 1039 in
706 995 824 1040 omni
839 1003 1035 1039 creatura
1047 1029 1058 1049 ,
1079 993 1188 1054 quid
1206 1009 1255 1037 ea
1270 992 1421 1037 laetitia

33 1068 308 1132 praestantius
340 1083 440 1128 quae
464 1067 511 1113 in
539 1067 687 1112 Verbo
717 1066 795 1112 Dei
827 1075 891 1112 est
917 1081 994 1127 per
1022 1064 1142 1127 quod
1173 1064 1290 1110 facta
1319 1072 1422 1109 sunt

35 1143 182 1189 omnia
197 1144 215 1188 Ξ)

35 1297 1422 1320 ΜΜΜΝἏΜΜΝΜΜΜἋΜἋΜἏΜἏΜΣΜΣΜἏΜἏΜΜΝΜ

501 1422 719 1473 CAPUT
766 1425 971 1473 XXXV.

36 1555 341 1601 Resurrectio
377 1569 633 1616 corporum
670 1554 742 1599 acl
774 1555 1048 1615 perfectam
1084 1552 1426 1599 beatitudinem

388 1626 566 1671 anima?
588 1640 676 1670 cur
694 1626 756 1669 sit
776 1624 1070 1669 necessaria.

96 1750 302 1793 LXVIII.
337 1750 421 1794 SED
451 1748 640 1809 siquem
668 1756 839 1803 movet,
863 1747 971 1808 quid
994 1762 1102 1807 opus
1131 1747 1428 1807 sit'spiritibus

38 1819 353 1864 defunctorum
370 1834 554 1879 corpora
572 1835 647 1863 sua
665 1818 711 1863 in
726 1818 1039 1863 resurrectione
1057 1818 1269 1878 recipere,
1295 1818 1329 1862 si
1346 1834 1427 1878 po-

38 1900 124 1935 test
144 1891 204 1936 eis
227 1891 358 1935 etiam
384 1890 477 1935 sine
499 1890 752 1951 corporibus
775 1905 944 1934 summa
970 1888 1295 1952 illa-beatitudo
1312 1905 1428 1949 prae-

37 1961 164 2019 beri3
199 1959 423 2006 difficilior
450 1961 630 2022 quidem
661 1960 846 2022 quaestio
874 1969 938 2004 est
955 1995 965 2015 ,
1001 1976 1133 2021 quam
1161 1969 1211 2004 ut
1238 1960 1429 2020 perfecte

38 2033 174 2094 possit
189 2033 273 2077 hoc
292 2048 491 2078 sermone
508 2032 625 2077 finiri
644 2052 653 2077 :
679 2031 755 2077 sed
774 2042 921 2077 tamen
938 2031 1116 2076 minime
1133 2031 1429 2075 dubitandum

39 2112 119 2159 est,
144 2112 189 2148 et
211 2113 380 2164 raptam
403 2103 591 2149 hominis
609 2120 631 2148 a
652 2104 791 2148 carnis
814 2102 1009 2148 sensibus
1032 2111 1245 2158 mentem,
1271 2111 1315 2146 et
1331 2111 1431 2162 post

39 2183 226 2220 mortem
247 2175 340 2235 ipsa
361 2191 491 2221 carne
513 2174 729 2235 deposita,
756 2173 1012 2220 transcensis
1031 2174 1158 2218 etiam
1178 2173 1429 2218 similitudi-

40 2245 172 2290 nibus
188 2245 483 2305 corporalium
494 2281 505 2302 ,
531 2262 623 2291 non
640 2245 699 2290 sic
715 2245 863 2290 videre
880 2260 1004 2305 posse
1026 2243 1430 2289 incommutabilem

42 2316 330 2361 substantiam
344 2352 356 2373 ,
380 2326 432 2362 ut
453 2318 590 2362 sancti
612 2316 769 2377 Angeli
789 2315 967 2374 vident,
991 2316 1079 2361 sive
1103 2315 1183 2360 alia
1201 2315 1429 2360 latentiore

43 2402 195 2442 causa,
220 2387 310 2433 sive
331 2387 431 2433 ideo
453 2388 555 2448 quia
578 2388 692 2432 inest
714 2387 753 2432 ei
777 2387 986 2432 naturalis
1009 2386 1189 2447 quidam
1211 2387 1429 2446 appetitus

44 2473 205 2519 corpus
235 2457 593 2518 administrandi,
618 2475 708 2520 quo
736 2459 933 2520 appetitu
961 2457 1206 2503 retardatur
1236 2456 1428 2518 quodam

92 2562 103 2579 ¹
129 2557 202 2590 Act.
221 2568 255 2599 x,
280 2568 332 2590 11.
352 2573 394 2581 —-
416 2559 598 2600 ²Joan.n'1,
613 2557 645 2591 5.
662 2575 704 2582 —
724 2556 737 2582 3
756 2566 776 2592 2
795 2560 867 2591 Cor.
893 2568 948 2600 xu,
964 2557 996 2600 4.
