<?xml version="1.0" encoding="UTF-8"?>
<!DOCTYPE html PUBLIC "-//W3C//DTD XHTML 1.0 Transitional//EN"
    "http://www.w3.org/TR/xhtml1/DTD/xhtml1-transitional.dtd">
<html xmlns="http://www.w3.org/1999/xhtml" xml:lang="en" lang="en">
 <head>
  <title>
</title>
<meta http-equiv="Content-Type" content="text/html;charset=utf-8" />
  <meta name='ocr-system' content='tesseract 3.04.00' />
  <meta name='ocr-capabilities' content='ocr_page ocr_carea ocr_par ocr_line ocrx_word'/>
</head>
<body>
  <div class='ocr_page' id='page_1' title='image "./operaomniaaccura05auguuoft_0294.png"; bbox 0 0 1854 3219; ppageno 0'>
   <div class='ocr_carea' id='block_1_1' title="bbox 377 192 1332 230">
    <p class='ocr_par' dir='ltr' id='par_1_1' title="bbox 377 192 1332 230">
     <span class='ocr_line' id='line_1_1' title="bbox 377 192 1332 230; baseline 0.002 -2"><span class='ocrx_word' id='word_1_1' title='bbox 377 192 461 229; x_wconf 79' lang='lat'>270</span> <span class='ocrx_word' id='word_1_2' title='bbox 814 198 848 227; x_wconf 90' lang='lat' dir='ltr'>s.</span> <span class='ocrx_word' id='word_1_3' title='bbox 883 198 968 229; x_wconf 79' lang='lat' dir='ltr'>Aue.</span> <span class='ocrx_word' id='word_1_4' title='bbox 975 202 1116 230; x_wconf 71' lang='lat' dir='ltr'>Usum</span> <span class='ocrx_word' id='word_1_5' title='bbox 1149 203 1332 230; x_wconf 69' lang='lat' dir='ltr'>Emscorl</span> 
     </span>
    </p>
   </div>
   <div class='ocr_carea' id='block_1_2' title="bbox 373 263 1776 756">
    <p class='ocr_par' dir='ltr' id='par_1_2' title="bbox 373 263 1776 756">
     <span class='ocr_line' id='line_1_2' title="bbox 435 263 1768 326; baseline 0.001 -16"><span class='ocrx_word' id='word_1_6' title='bbox 435 267 603 310; x_wconf 83' lang='lat' dir='ltr'>XXIII.</span> <span class='ocrx_word' id='word_1_7' title='bbox 620 263 810 308; x_wconf 78' lang='lat' dir='ltr'>Proinde</span> <span class='ocrx_word' id='word_1_8' title='bbox 821 274 864 309; x_wconf 89' lang='lat' dir='ltr'>et</span> <span class='ocrx_word' id='word_1_9' title='bbox 885 267 1007 326; x_wconf 87' lang='lat' dir='ltr'>quod</span> <span class='ocrx_word' id='word_1_10' title='bbox 1020 267 1232 312; x_wconf 89' lang='lat' dir='ltr'>Dominus</span> <span class='ocrx_word' id='word_1_11' title='bbox 1258 287 1266 313; x_wconf 73' lang='grc' dir='ltr'>ε</span> <span class='ocrx_word' id='word_1_12' title='bbox 1289 287 1308 310; x_wconf 88' lang='lat'>«</span> <span class='ocrx_word' id='word_1_13' title='bbox 1334 267 1393 312; x_wconf 85' lang='lat' dir='ltr'>ait</span> <span class='ocrx_word' id='word_1_14' title='bbox 1412 269 1538 311; x_wconf 84' lang='lat' dir='ltr'>Pater</span> <span class='ocrx_word' id='word_1_15' title='bbox 1558 281 1768 311; x_wconf 82' lang='grc'><strong>1116115115-</strong></span> 
     </span>
     <span class='ocr_line' id='line_1_3' title="bbox 378 337 1770 399; baseline 0.002 -20"><span class='ocrx_word' id='word_1_16' title='bbox 378 356 398 379; x_wconf 91' lang='lat'>»</span> <span class='ocrx_word' id='word_1_17' title='bbox 434 353 520 396; x_wconf 84' lang='lat' dir='ltr'>que</span> <span class='ocrx_word' id='word_1_18' title='bbox 541 351 660 380; x_wconf 90' lang='lat' dir='ltr'>nune</span> <span class='ocrx_word' id='word_1_19' title='bbox 679 345 909 395; x_wconf 84' lang='lat' dir='ltr'>operatur,</span> <span class='ocrx_word' id='word_1_20' title='bbox 940 355 960 379; x_wconf 85' lang='lat'>»</span> <span class='ocrx_word' id='word_1_21' title='bbox 985 339 1363 384; x_wconf 75' lang='lat' dir='ltr'>continuationem</span> <span class='ocrx_word' id='word_1_22' title='bbox 1378 337 1614 399; x_wconf 88' lang='lat' dir='ltr'>quamdam</span> <span class='ocrx_word' id='word_1_23' title='bbox 1629 338 1770 398; x_wconf 88' lang='lat' dir='ltr'>operis</span> 
     </span>
     <span class='ocr_line' id='line_1_4' title="bbox 373 407 1767 471; baseline 0.002 -20"><span class='ocrx_word' id='word_1_24' title='bbox 373 409 408 467; x_wconf 86' lang='lat' dir='ltr'>ej</span> <span class='ocrx_word' id='word_1_25' title='bbox 418 423 481 461; x_wconf 88' lang='grc'><strong>115,</strong></span> <span class='ocrx_word' id='word_1_26' title='bbox 498 423 585 467; x_wconf 83' lang='grc'><strong>(1113</strong></span> <span class='ocrx_word' id='word_1_27' title='bbox 597 407 844 452; x_wconf 87' lang='lat' dir='ltr'>universam</span> <span class='ocrx_word' id='word_1_28' title='bbox 857 418 1102 454; x_wconf 87' lang='lat' dir='ltr'>creaturam</span> <span class='ocrx_word' id='word_1_29' title='bbox 1116 411 1313 455; x_wconf 89' lang='lat' dir='ltr'>continet</span> <span class='ocrx_word' id='word_1_30' title='bbox 1332 422 1460 471; x_wconf 82' lang='lat' dir='ltr'>atque</span> <span class='ocrx_word' id='word_1_31' title='bbox 1477 409 1767 465; x_wconf 77' lang='lat' dir='ltr'>administrat,</span> 
     </span>
     <span class='ocr_line' id='line_1_5' title="bbox 375 477 1773 541; baseline 0.001 -18"><span class='ocrx_word' id='word_1_32' title='bbox 375 477 583 524; x_wconf 83' lang='lat' dir='ltr'>ostendit.</span> <span class='ocrx_word' id='word_1_33' title='bbox 610 479 748 524; x_wconf 83' lang='lat' dir='ltr'>Aliter</span> <span class='ocrx_word' id='word_1_34' title='bbox 769 480 885 524; x_wconf 89' lang='lat' dir='ltr'>enim</span> <span class='ocrx_word' id='word_1_35' title='bbox 900 491 1043 541; x_wconf 87' lang='lat' dir='ltr'>posset</span> <span class='ocrx_word' id='word_1_36' title='bbox 1063 481 1250 541; x_wconf 75' lang='lat' dir='ltr'>intelligi</span> <span class='ocrx_word' id='word_1_37' title='bbox 1274 482 1308 526; x_wconf 90' lang='lat' dir='ltr'>si</span> <span class='ocrx_word' id='word_1_38' title='bbox 1325 481 1514 527; x_wconf 89' lang='lat' dir='ltr'>diceret:</span> <span class='ocrx_word' id='word_1_39' title='bbox 1540 501 1561 524; x_wconf 89' lang='lat'>«</span> <span class='ocrx_word' id='word_1_40' title='bbox 1579 484 1638 526; x_wconf 87' lang='lat' dir='ltr'>Et</span> <span class='ocrx_word' id='word_1_41' title='bbox 1653 497 1773 525; x_wconf 88' lang='lat' dir='ltr'>nunc</span> 
     </span>
     <span class='ocr_line' id='line_1_6' title="bbox 374 551 1775 612; baseline 0.001 -17"><span class='ocrx_word' id='word_1_42' title='bbox 374 560 596 610; x_wconf 85' lang='lat' dir='ltr'>operatur,</span> <span class='ocrx_word' id='word_1_43' title='bbox 625 568 645 592; x_wconf 83' lang='lat'>»</span> <span class='ocrx_word' id='word_1_44' title='bbox 659 551 736 595; x_wconf 89' lang='lat' dir='ltr'>ubi</span> <span class='ocrx_word' id='word_1_45' title='bbox 746 567 835 595; x_wconf 89' lang='lat' dir='ltr'>non</span> <span class='ocrx_word' id='word_1_46' title='bbox 848 560 958 597; x_wconf 85' lang='lat' dir='ltr'>esset</span> <span class='ocrx_word' id='word_1_47' title='bbox 979 568 1152 597; x_wconf 88' lang='lat' dir='ltr'>necesse</span> <span class='ocrx_word' id='word_1_48' title='bbox 1170 562 1220 597; x_wconf 89' lang='lat' dir='ltr'>ut</span> <span class='ocrx_word' id='word_1_49' title='bbox 1241 553 1382 612; x_wconf 86' lang='lat' dir='ltr'>operis</span> <span class='ocrx_word' id='word_1_50' title='bbox 1399 552 1775 598; x_wconf 86' lang='lat' dir='ltr'>continuationem</span> 
     </span>
     <span class='ocr_line' id='line_1_7' title="bbox 373 621 1775 684; baseline 0 -18"><span class='ocrx_word' id='word_1_51' title='bbox 373 622 668 681; x_wconf 84' lang='lat' dir='ltr'>acciperemus</span> <span class='ocrx_word' id='word_1_52' title='bbox 696 621 846 666; x_wconf 87' lang='lat' dir='ltr'>:aliter</span> <span class='ocrx_word' id='word_1_53' title='bbox 860 632 1005 668; x_wconf 89' lang='lat' dir='ltr'>autem</span> <span class='ocrx_word' id='word_1_54' title='bbox 1025 623 1454 684; x_wconf 76' lang='lat' dir='ltr'>eogitintelligicum</span> <span class='ocrx_word' id='word_1_55' title='bbox 1471 624 1556 668; x_wconf 87' lang='lat' dir='ltr'>ait:</span> <span class='ocrx_word' id='word_1_56' title='bbox 1587 643 1608 666; x_wconf 72' lang='grc' dir='ltr'>ι(</span> <span class='ocrx_word' id='word_1_57' title='bbox 1627 625 1775 683; x_wconf 86' lang='lat' dir='ltr'>Usque</span> 
     </span>
     <span class='ocr_line' id='line_1_8' title="bbox 376 692 1776 756; baseline 0.003 -22"><span class='ocrx_word' id='word_1_58' title='bbox 376 711 397 735; x_wconf 64' lang='lat'>³&gt;</span> <span class='ocrx_word' id='word_1_59' title='bbox 415 710 550 749; x_wconf 88' lang='lat' dir='ltr'>nunc,</span> <span class='ocrx_word' id='word_1_60' title='bbox 567 711 588 734; x_wconf 84' lang='lat'>»</span> <span class='ocrx_word' id='word_1_61' title='bbox 606 709 656 737; x_wconf 81' lang='lat' dir='ltr'>ex</span> <span class='ocrx_word' id='word_1_62' title='bbox 678 692 754 738; x_wconf 89' lang='lat' dir='ltr'>illo</span> <span class='ocrx_word' id='word_1_63' title='bbox 776 693 940 740; x_wconf 87' lang='lat' dir='ltr'>scilicet</span> <span class='ocrx_word' id='word_1_64' title='bbox 952 712 1041 756; x_wconf 89' lang='lat' dir='ltr'>quo</span> <span class='ocrx_word' id='word_1_65' title='bbox 1053 705 1211 741; x_wconf 87' lang='lat' dir='ltr'>cuneta</span> <span class='ocrx_word' id='word_1_66' title='bbox 1229 711 1329 740; x_wconf 90' lang='lat' dir='ltr'>cum</span> <span class='ocrx_word' id='word_1_67' title='bbox 1344 697 1554 741; x_wconf 87' lang='lat' dir='ltr'>conderet</span> <span class='ocrx_word' id='word_1_68' title='bbox 1570 703 1776 756; x_wconf 90' lang='lat' dir='ltr'>operatus</span> 
     </span>
    </p>
   </div>
   <div class='ocr_carea' id='block_1_3' title="bbox 372 762 1842 828">
    <p class='ocr_par' dir='ltr' id='par_1_3' title="bbox 372 762 1842 828">
     <span class='ocr_line' id='line_1_9' title="bbox 372 762 1842 828; baseline 0 -19"><span class='ocrx_word' id='word_1_69' title='bbox 372 774 451 810; x_wconf 87' lang='lat' dir='ltr'>est.</span> <span class='ocrx_word' id='word_1_70' title='bbox 479 768 535 810; x_wconf 89' lang='lat' dir='ltr'>Et</span> <span class='ocrx_word' id='word_1_71' title='bbox 557 764 680 825; x_wconf 87' lang='lat' dir='ltr'>quod</span> <span class='ocrx_word' id='word_1_72' title='bbox 699 766 908 826; x_wconf 88' lang='lat' dir='ltr'>scriptum</span> <span class='ocrx_word' id='word_1_73' title='bbox 931 777 1016 823; x_wconf 83' lang='lat' dir='ltr'>cst,</span> <span class='ocrx_word' id='word_1_74' title='bbox 1042 766 1098 812; x_wconf 87' lang='lat' dir='ltr'>de</span> <span class='ocrx_word' id='word_1_75' title='bbox 1125 768 1337 828; x_wconf 85' lang='lat' dir='ltr'>sapientia</span> <span class='ocrx_word' id='word_1_76' title='bbox 1359 769 1478 828; x_wconf 85' lang='lat' dir='ltr'>ejus:</span> <span class='ocrx_word' id='word_1_77' title='bbox 1507 787 1528 810; x_wconf 77' lang='lat'>‹&lt;</span> <span class='ocrx_word' id='word_1_78' title='bbox 1553 767 1777 824; x_wconf 80' lang='lat' dir='ltr'>Pertingit</span> <span class='ocrx_word' id='word_1_79' title='bbox 1838 762 1842 766; x_wconf 72' lang='grc'><strong>’</strong></span> 
     </span>
    </p>
   </div>
   <div class='ocr_carea' id='block_1_4' title="bbox 370 835 1778 1827">
    <p class='ocr_par' dir='ltr' id='par_1_4' title="bbox 370 835 1778 1827">
     <span class='ocr_line' id='line_1_10' title="bbox 376 835 1773 898; baseline 0.002 -20"><span class='ocrx_word' id='word_1_80' title='bbox 376 854 396 877; x_wconf 87' lang='lat'>»</span> <span class='ocrx_word' id='word_1_81' title='bbox 422 837 544 879; x_wconf 88' lang='lat' dir='ltr'>afine</span> <span class='ocrx_word' id='word_1_82' title='bbox 563 851 700 896; x_wconf 83' lang='lat' dir='ltr'>usque</span> <span class='ocrx_word' id='word_1_83' title='bbox 723 835 778 880; x_wconf 92' lang='lat' dir='ltr'>ad</span> <span class='ocrx_word' id='word_1_84' title='bbox 800 837 934 880; x_wconf 88' lang='lat' dir='ltr'>finem</span> <span class='ocrx_word' id='word_1_85' title='bbox 956 836 1154 893; x_wconf 78' lang='lat' dir='ltr'>fortiter,</span> <span class='ocrx_word' id='word_1_86' title='bbox 1181 847 1225 882; x_wconf 92' lang='lat' dir='ltr'>et</span> <span class='ocrx_word' id='word_1_87' title='bbox 1246 838 1439 898; x_wconf 83' lang='lat' dir='ltr'>disponit</span> <span class='ocrx_word' id='word_1_88' title='bbox 1458 838 1606 883; x_wconf 87' lang='lat' dir='ltr'>omnia</span> <span class='ocrx_word' id='word_1_89' title='bbox 1627 836 1773 882; x_wconf 58' lang='lat' dir='ltr'>suavi*</span> 
     </span>
     <span class='ocr_line' id='line_1_11' title="bbox 375 907 1776 971; baseline 0.001 -22"><span class='ocrx_word' id='word_1_90' title='bbox 375 926 395 949; x_wconf 83' lang='lat'>&gt;›</span> <span class='ocrx_word' id='word_1_91' title='bbox 420 910 512 951; x_wconf 83' lang='lat' dir='ltr'>ter¹</span> <span class='ocrx_word' id='word_1_92' title='bbox 532 929 542 966; x_wconf 78' lang='lat'>3</span> <span class='ocrx_word' id='word_1_93' title='bbox 567 926 586 949; x_wconf 85' lang='lat'>»</span> <span class='ocrx_word' id='word_1_94' title='bbox 608 907 662 952; x_wconf 92' lang='lat' dir='ltr'>de</span> <span class='ocrx_word' id='word_1_95' title='bbox 685 924 773 969; x_wconf 87' lang='lat' dir='ltr'>qua</span> <span class='ocrx_word' id='word_1_96' title='bbox 795 908 900 953; x_wconf 88' lang='lat' dir='ltr'>item</span> <span class='ocrx_word' id='word_1_97' title='bbox 922 911 1133 970; x_wconf 90' lang='lat' dir='ltr'>scriptum</span> <span class='ocrx_word' id='word_1_98' title='bbox 1152 918 1236 966; x_wconf 86' lang='lat' dir='ltr'>est,</span> <span class='ocrx_word' id='word_1_99' title='bbox 1258 910 1379 971; x_wconf 85' lang='lat' dir='ltr'>quod</span> <span class='ocrx_word' id='word_1_100' title='bbox 1399 919 1546 955; x_wconf 91' lang='lat' dir='ltr'>motus</span> <span class='ocrx_word' id='word_1_101' title='bbox 1564 910 1656 970; x_wconf 81' lang='lat' dir='ltr'>ejus</span> <span class='ocrx_word' id='word_1_102' title='bbox 1680 908 1776 967; x_wconf 81' lang='lat' dir='ltr'>agi-</span> 
     </span>
     <span class='ocr_line' id='line_1_12' title="bbox 371 979 1777 1042; baseline 0.001 -19"><span class='ocrx_word' id='word_1_103' title='bbox 371 979 454 1024; x_wconf 88' lang='lat' dir='ltr'>lior</span> <span class='ocrx_word' id='word_1_104' title='bbox 475 980 744 1041; x_wconf 87' lang='lat' dir='ltr'>celeriorque</span> <span class='ocrx_word' id='word_1_105' title='bbox 761 982 814 1025; x_wconf 86' lang='lat' dir='ltr'>sit</span> <span class='ocrx_word' id='word_1_106' title='bbox 836 982 1041 1026; x_wconf 90' lang='lat' dir='ltr'>omnibus</span> <span class='ocrx_word' id='word_1_107' title='bbox 1058 983 1251 1027; x_wconf 87' lang='lat' dir='ltr'>motibus</span> <span class='ocrx_word' id='word_1_108' title='bbox 1263 986 1278 1008; x_wconf 67' lang='lat'>‘³</span> <span class='ocrx_word' id='word_1_109' title='bbox 1308 1003 1315 1027; x_wconf 79' lang='lat'>2</span> <span class='ocrx_word' id='word_1_110' title='bbox 1342 983 1442 1027; x_wconf 88' lang='lat' dir='ltr'>satis</span> <span class='ocrx_word' id='word_1_111' title='bbox 1466 990 1646 1042; x_wconf 88' lang='lat' dir='ltr'>apparet</span> <span class='ocrx_word' id='word_1_112' title='bbox 1660 989 1777 1025; x_wconf 83' lang='lat' dir='ltr'>recte</span> 
     </span>
     <span class='ocr_line' id='line_1_13' title="bbox 370 1051 1772 1113; baseline 0 -19"><span class='ocrx_word' id='word_1_113' title='bbox 370 1051 650 1096; x_wconf 86' lang='lat' dir='ltr'>intuentibus</span> <span class='ocrx_word' id='word_1_114' title='bbox 665 1088 675 1107; x_wconf 83' lang='lat'>,</span> <span class='ocrx_word' id='word_1_115' title='bbox 701 1053 821 1096; x_wconf 89' lang='lat' dir='ltr'>hunc</span> <span class='ocrx_word' id='word_1_116' title='bbox 839 1052 982 1112; x_wconf 89' lang='lat' dir='ltr'>ipsum</span> <span class='ocrx_word' id='word_1_117' title='bbox 1005 1053 1398 1113; x_wconf 81' lang='lat' dir='ltr'>incomparabilem</span> <span class='ocrx_word' id='word_1_118' title='bbox 1417 1062 1460 1097; x_wconf 87' lang='lat' dir='ltr'>et</span> <span class='ocrx_word' id='word_1_119' title='bbox 1485 1051 1772 1106; x_wconf 80' lang='lat' dir='ltr'>ineffabilem,</span> 
     </span>
     <span class='ocr_line' id='line_1_14' title="bbox 373 1123 1778 1183; baseline -0.001 -16"><span class='ocrx_word' id='word_1_120' title='bbox 373 1132 416 1167; x_wconf 88' lang='lat' dir='ltr'>et</span> <span class='ocrx_word' id='word_1_121' title='bbox 453 1123 485 1166; x_wconf 89' lang='lat' dir='ltr'>si</span> <span class='ocrx_word' id='word_1_122' title='bbox 506 1124 640 1183; x_wconf 88' lang='lat' dir='ltr'>possit</span> <span class='ocrx_word' id='word_1_123' title='bbox 662 1123 877 1181; x_wconf 78' lang='lat' dir='ltr'>intelligi,</span> <span class='ocrx_word' id='word_1_124' title='bbox 903 1124 1101 1168; x_wconf 85' lang='lat' dir='ltr'>stabilem</span> <span class='ocrx_word' id='word_1_125' title='bbox 1134 1134 1306 1169; x_wconf 87' lang='lat' dir='ltr'>motum</span> <span class='ocrx_word' id='word_1_126' title='bbox 1334 1140 1488 1180; x_wconf 80' lang='lat' dir='ltr'>suum,</span> <span class='ocrx_word' id='word_1_127' title='bbox 1521 1124 1652 1168; x_wconf 87' lang='lat' dir='ltr'>rebus</span> <span class='ocrx_word' id='word_1_128' title='bbox 1681 1137 1778 1166; x_wconf 89' lang='lat' dir='ltr'>eam</span> 
     </span>
     <span class='ocr_line' id='line_1_15' title="bbox 371 1192 1778 1256; baseline -0.001 -20"><span class='ocrx_word' id='word_1_129' title='bbox 371 1195 570 1254; x_wconf 84' lang='lat' dir='ltr'>praebere</span> <span class='ocrx_word' id='word_1_130' title='bbox 593 1194 781 1239; x_wconf 80' lang='lat' dir='ltr'>suaviter</span> <span class='ocrx_word' id='word_1_131' title='bbox 803 1193 1112 1253; x_wconf 71' lang='lat' dir='ltr'>disponendis,</span> <span class='ocrx_word' id='word_1_132' title='bbox 1146 1211 1235 1256; x_wconf 89' lang='lat' dir='ltr'>quo</span> <span class='ocrx_word' id='word_1_133' title='bbox 1257 1196 1408 1252; x_wconf 79' lang='lat' dir='ltr'>utique</span> <span class='ocrx_word' id='word_1_134' title='bbox 1438 1195 1682 1239; x_wconf 85' lang='lat' dir='ltr'>substracto</span> <span class='ocrx_word' id='word_1_135' title='bbox 1701 1228 1711 1247; x_wconf 70' lang='lat'>,</span> <span class='ocrx_word' id='word_1_136' title='bbox 1743 1192 1778 1235; x_wconf 90' lang='lat' dir='ltr'>si</span> 
     </span>
     <span class='ocr_line' id='line_1_16' title="bbox 373 1265 1778 1325; baseline -0.001 -16"><span class='ocrx_word' id='word_1_137' title='bbox 373 1265 429 1309; x_wconf 89' lang='lat' dir='ltr'>ab</span> <span class='ocrx_word' id='word_1_138' title='bbox 455 1266 538 1310; x_wconf 89' lang='lat' dir='ltr'>hac</span> <span class='ocrx_word' id='word_1_139' title='bbox 556 1265 809 1325; x_wconf 84' lang='lat' dir='ltr'>operatione</span> <span class='ocrx_word' id='word_1_140' title='bbox 835 1266 1092 1320; x_wconf 81' lang='lat' dir='ltr'>cessaverit,</span> <span class='ocrx_word' id='word_1_141' title='bbox 1134 1281 1204 1310; x_wconf 88' lang='lat' dir='ltr'>eas</span> <span class='ocrx_word' id='word_1_142' title='bbox 1229 1265 1442 1310; x_wconf 88' lang='lat' dir='ltr'>continuo</span> <span class='ocrx_word' id='word_1_143' title='bbox 1465 1266 1692 1325; x_wconf 84' lang='lat' dir='ltr'>perituras.</span> <span class='ocrx_word' id='word_1_144' title='bbox 1721 1266 1778 1308; x_wconf 85' lang='lat' dir='ltr'>Et</span> 
     </span>
     <span class='ocr_line' id='line_1_17' title="bbox 370 1334 1778 1398; baseline -0.001 -18"><span class='ocrx_word' id='word_1_145' title='bbox 370 1336 483 1382; x_wconf 90' lang='lat' dir='ltr'>illud</span> <span class='ocrx_word' id='word_1_146' title='bbox 505 1337 628 1398; x_wconf 89' lang='lat' dir='ltr'>quod</span> <span class='ocrx_word' id='word_1_147' title='bbox 650 1338 709 1381; x_wconf 88' lang='lat' dir='ltr'>ait</span> <span class='ocrx_word' id='word_1_148' title='bbox 725 1337 962 1397; x_wconf 88' lang='lat' dir='ltr'>Apostolus</span> <span class='ocrx_word' id='word_1_149' title='bbox 981 1353 1082 1382; x_wconf 89' lang='lat' dir='ltr'>cum</span> <span class='ocrx_word' id='word_1_150' title='bbox 1098 1341 1239 1382; x_wconf 86' lang='lat' dir='ltr'>Deum</span> <span class='ocrx_word' id='word_1_151' title='bbox 1259 1337 1602 1382; x_wconf 82' lang='lat' dir='ltr'>Atheniensibus</span> <span class='ocrx_word' id='word_1_152' title='bbox 1616 1334 1778 1397; x_wconf 85' lang='lat' dir='ltr'>praedi-</span> 
     </span>
     <span class='ocr_line' id='line_1_18' title="bbox 371 1405 1776 1464; baseline -0.001 -12"><span class='ocrx_word' id='word_1_153' title='bbox 371 1417 490 1452; x_wconf 84' lang='lat' dir='ltr'>caret</span> <span class='ocrx_word' id='word_1_154' title='bbox 515 1428 523 1452; x_wconf 87' lang='lat'>:</span> <span class='ocrx_word' id='word_1_155' title='bbox 549 1427 568 1449; x_wconf 90' lang='lat'>»</span> <span class='ocrx_word' id='word_1_156' title='bbox 598 1411 649 1452; x_wconf 93' lang='lat' dir='ltr'>In</span> <span class='ocrx_word' id='word_1_157' title='bbox 668 1407 745 1452; x_wconf 88' lang='lat' dir='ltr'>illo</span> <span class='ocrx_word' id='word_1_158' title='bbox 777 1407 987 1464; x_wconf 88' lang='lat' dir='ltr'>vivimus,</span> <span class='ocrx_word' id='word_1_159' title='bbox 1014 1417 1057 1452; x_wconf 89' lang='lat' dir='ltr'>et</span> <span class='ocrx_word' id='word_1_160' title='bbox 1081 1423 1311 1452; x_wconf 78' lang='lat' dir='ltr'>movemur</span> <span class='ocrx_word' id='word_1_161' title='bbox 1331 1443 1341 1463; x_wconf 90' lang='lat'>,</span> <span class='ocrx_word' id='word_1_162' title='bbox 1368 1417 1411 1453; x_wconf 88' lang='lat' dir='ltr'>et</span> <span class='ocrx_word' id='word_1_163' title='bbox 1435 1409 1606 1452; x_wconf 81' lang='grc'>5111111153</span> <span class='ocrx_word' id='word_1_164' title='bbox 1626 1440 1638 1459; x_wconf 84' lang='grc'><strong>,</strong></span> <span class='ocrx_word' id='word_1_165' title='bbox 1674 1424 1694 1447; x_wconf 90' lang='lat'>»</span> <span class='ocrx_word' id='word_1_166' title='bbox 1720 1405 1776 1450; x_wconf 94' lang='lat' dir='ltr'>li-</span> 
     </span>
     <span class='ocr_line' id='line_1_19' title="bbox 372 1477 1778 1540; baseline -0.001 -16"><span class='ocrx_word' id='word_1_167' title='bbox 372 1480 507 1540; x_wconf 84' lang='lat' dir='ltr'>quide</span> <span class='ocrx_word' id='word_1_168' title='bbox 540 1480 783 1539; x_wconf 81' lang='lat' dir='ltr'>eogitatum</span> <span class='ocrx_word' id='word_1_169' title='bbox 811 1489 1028 1540; x_wconf 90' lang='lat' dir='ltr'>quantum</span> <span class='ocrx_word' id='word_1_170' title='bbox 1054 1481 1245 1524; x_wconf 87' lang='lat' dir='ltr'>humana</span> <span class='ocrx_word' id='word_1_171' title='bbox 1267 1495 1389 1524; x_wconf 89' lang='lat' dir='ltr'>mens</span> <span class='ocrx_word' id='word_1_172' title='bbox 1427 1478 1566 1535; x_wconf 89' lang='lat' dir='ltr'>valet,</span> <span class='ocrx_word' id='word_1_173' title='bbox 1599 1477 1778 1538; x_wconf 85' lang='lat' dir='ltr'>adjuvat</span> 
     </span>
     <span class='ocr_line' id='line_1_20' title="bbox 371 1550 1773 1613; baseline -0.001 -17"><span class='ocrx_word' id='word_1_174' title='bbox 371 1553 487 1596; x_wconf 87' lang='lat' dir='ltr'>hanc</span> <span class='ocrx_word' id='word_1_175' title='bbox 510 1553 770 1597; x_wconf 82' lang='lat' dir='ltr'>sententiam</span> <span class='ocrx_word' id='word_1_176' title='bbox 784 1588 794 1607; x_wconf 84' lang='lat'>,</span> <span class='ocrx_word' id='word_1_177' title='bbox 821 1568 920 1613; x_wconf 86' lang='lat' dir='ltr'>quae</span> <span class='ocrx_word' id='word_1_178' title='bbox 940 1551 1178 1608; x_wconf 87' lang='lat' dir='ltr'>credimus,</span> <span class='ocrx_word' id='word_1_179' title='bbox 1208 1561 1252 1596; x_wconf 90' lang='grc'>61</span> <span class='ocrx_word' id='word_1_180' title='bbox 1273 1551 1458 1596; x_wconf 89' lang='lat' dir='ltr'>dicimus</span> <span class='ocrx_word' id='word_1_181' title='bbox 1480 1555 1621 1596; x_wconf 91' lang='lat' dir='ltr'>Deum</span> <span class='ocrx_word' id='word_1_182' title='bbox 1638 1551 1684 1594; x_wconf 90' lang='lat' dir='ltr'>in</span> <span class='ocrx_word' id='word_1_183' title='bbox 1701 1550 1773 1606; x_wconf 84' lang='lat' dir='ltr'>iis,</span> 
     </span>
     <span class='ocr_line' id='line_1_21' title="bbox 373 1623 1777 1684; baseline -0.001 -17"><span class='ocrx_word' id='word_1_184' title='bbox 373 1639 475 1683; x_wconf 84' lang='lat' dir='ltr'>quae</span> <span class='ocrx_word' id='word_1_185' title='bbox 497 1624 659 1668; x_wconf 89' lang='lat' dir='ltr'>creavit</span> <span class='ocrx_word' id='word_1_186' title='bbox 676 1659 686 1678; x_wconf 86' lang='lat'>,</span> <span class='ocrx_word' id='word_1_187' title='bbox 712 1623 1012 1668; x_wconf 88' lang='lat' dir='ltr'>indesinenter</span> <span class='ocrx_word' id='word_1_188' title='bbox 1033 1624 1218 1684; x_wconf 86' lang='lat' dir='ltr'>operari.</span> <span class='ocrx_word' id='word_1_189' title='bbox 1250 1627 1403 1684; x_wconf 87' lang='lat' dir='ltr'>Neque</span> <span class='ocrx_word' id='word_1_190' title='bbox 1426 1623 1544 1667; x_wconf 91' lang='lat' dir='ltr'>enim</span> <span class='ocrx_word' id='word_1_191' title='bbox 1565 1632 1777 1684; x_wconf 85' lang='lat' dir='ltr'>tanquam</span> 
     </span>
     <span class='ocr_line' id='line_1_22' title="bbox 373 1695 1774 1757; baseline -0.001 -17"><span class='ocrx_word' id='word_1_192' title='bbox 373 1696 614 1740; x_wconf 88' lang='lat' dir='ltr'>substantia</span> <span class='ocrx_word' id='word_1_193' title='bbox 632 1697 725 1755; x_wconf 86' lang='lat' dir='ltr'>ejus</span> <span class='ocrx_word' id='word_1_194' title='bbox 748 1696 806 1740; x_wconf 87' lang='lat' dir='ltr'>sic</span> <span class='ocrx_word' id='word_1_195' title='bbox 834 1696 878 1739; x_wconf 91' lang='lat' dir='ltr'>in</span> <span class='ocrx_word' id='word_1_196' title='bbox 901 1695 978 1740; x_wconf 88' lang='lat' dir='ltr'>illo</span> <span class='ocrx_word' id='word_1_197' title='bbox 1001 1712 1151 1740; x_wconf 89' lang='lat' dir='ltr'>sumus</span> <span class='ocrx_word' id='word_1_198' title='bbox 1167 1732 1177 1752; x_wconf 84' lang='lat'>,</span> <span class='ocrx_word' id='word_1_199' title='bbox 1205 1695 1581 1757; x_wconf 87' lang='lat' dir='ltr'>quemadmodum</span> <span class='ocrx_word' id='word_1_200' title='bbox 1603 1695 1774 1740; x_wconf 89' lang='lat' dir='ltr'>dietum</span> 
     </span>
     <span class='ocr_line' id='line_1_23' title="bbox 373 1765 1778 1827; baseline -0.001 -16"><span class='ocrx_word' id='word_1_201' title='bbox 373 1776 458 1821; x_wconf 90' lang='grc'><strong>651,</strong></span> <span class='ocrx_word' id='word_1_202' title='bbox 483 1765 609 1827; x_wconf 89' lang='lat' dir='ltr'>quod</span> <span class='ocrx_word' id='word_1_203' title='bbox 630 1766 792 1810; x_wconf 90' lang='lat' dir='ltr'>habeat</span> <span class='ocrx_word' id='word_1_204' title='bbox 814 1766 949 1810; x_wconf 80' lang='lat' dir='ltr'>vitam</span> <span class='ocrx_word' id='word_1_205' title='bbox 971 1767 1017 1810; x_wconf 92' lang='grc'>111</span> <span class='ocrx_word' id='word_1_206' title='bbox 1046 1767 1308 1826; x_wconf 69' lang='grc'>5611161111504</span> <span class='ocrx_word' id='word_1_207' title='bbox 1345 1783 1355 1808; x_wconf 79' lang='lat' dir='ltr'>t</span> <span class='ocrx_word' id='word_1_208' title='bbox 1382 1765 1459 1811; x_wconf 90' lang='lat' dir='ltr'>sed</span> <span class='ocrx_word' id='word_1_209' title='bbox 1491 1767 1646 1827; x_wconf 89' lang='lat' dir='ltr'>utique</span> <span class='ocrx_word' id='word_1_210' title='bbox 1674 1781 1778 1810; x_wconf 89' lang='lat' dir='ltr'>eum</span> 
     </span>
    </p>
   </div>
   <div class='ocr_carea' id='block_1_5' title="bbox 374 1837 1812 1898">
    <p class='ocr_par' dir='ltr' id='par_1_5' title="bbox 374 1837 1812 1898">
     <span class='ocr_line' id='line_1_24' title="bbox 374 1837 1812 1898; baseline -0.001 -16"><span class='ocrx_word' id='word_1_211' title='bbox 374 1837 495 1882; x_wconf 88' lang='lat' dir='ltr'>aliud</span> <span class='ocrx_word' id='word_1_212' title='bbox 517 1838 650 1882; x_wconf 90' lang='lat' dir='ltr'>simus</span> <span class='ocrx_word' id='word_1_213' title='bbox 673 1852 807 1898; x_wconf 88' lang='lat' dir='ltr'>quam</span> <span class='ocrx_word' id='word_1_214' title='bbox 829 1837 941 1897; x_wconf 89' lang='lat' dir='ltr'>ipse,</span> <span class='ocrx_word' id='word_1_215' title='bbox 967 1854 1058 1883; x_wconf 90' lang='lat' dir='ltr'>non</span> <span class='ocrx_word' id='word_1_216' title='bbox 1080 1839 1137 1882; x_wconf 92' lang='lat' dir='ltr'>ob</span> <span class='ocrx_word' id='word_1_217' title='bbox 1166 1838 1288 1882; x_wconf 89' lang='lat' dir='ltr'>aliud</span> <span class='ocrx_word' id='word_1_218' title='bbox 1308 1838 1354 1882; x_wconf 90' lang='lat' dir='ltr'>in</span> <span class='ocrx_word' id='word_1_219' title='bbox 1383 1837 1460 1882; x_wconf 93' lang='lat' dir='ltr'>illo</span> <span class='ocrx_word' id='word_1_220' title='bbox 1482 1853 1657 1893; x_wconf 88' lang='lat' dir='ltr'>sumus,</span> <span class='ocrx_word' id='word_1_221' title='bbox 1695 1837 1777 1881; x_wconf 89' lang='lat' dir='ltr'>nisi</span> <span class='ocrx_word' id='word_1_222' title='bbox 1807 1846 1812 1852; x_wconf 88' lang='grc'><strong>’</strong></span> 
     </span>
    </p>
   </div>
   <div class='ocr_carea' id='block_1_6' title="bbox 373 1909 1783 2323">
    <p class='ocr_par' dir='ltr' id='par_1_6' title="bbox 373 1909 1783 2323">
     <span class='ocr_line' id='line_1_25' title="bbox 374 1909 1776 1971; baseline -0.001 -17"><span class='ocrx_word' id='word_1_223' title='bbox 374 1910 476 1971; x_wconf 86' lang='grc'><strong>(11113</strong></span> <span class='ocrx_word' id='word_1_224' title='bbox 494 1909 540 1954; x_wconf 90' lang='grc'>1(1</span> <span class='ocrx_word' id='word_1_225' title='bbox 562 1918 790 1970; x_wconf 76' lang='lat' dir='ltr'>operatur,</span> <span class='ocrx_word' id='word_1_226' title='bbox 813 1918 857 1953; x_wconf 92' lang='lat' dir='ltr'>et</span> <span class='ocrx_word' id='word_1_227' title='bbox 878 1910 962 1954; x_wconf 89' lang='lat' dir='ltr'>hoc</span> <span class='ocrx_word' id='word_1_228' title='bbox 981 1919 1045 1955; x_wconf 89' lang='lat' dir='ltr'>est</span> <span class='ocrx_word' id='word_1_229' title='bbox 1064 1926 1171 1970; x_wconf 89' lang='lat' dir='ltr'>opus</span> <span class='ocrx_word' id='word_1_230' title='bbox 1195 1911 1314 1971; x_wconf 72' lang='lat' dir='ltr'>ejusr,</span> <span class='ocrx_word' id='word_1_231' title='bbox 1346 1925 1436 1970; x_wconf 90' lang='lat' dir='ltr'>quo</span> <span class='ocrx_word' id='word_1_232' title='bbox 1459 1910 1656 1954; x_wconf 89' lang='lat' dir='ltr'>eontinet</span> <span class='ocrx_word' id='word_1_233' title='bbox 1678 1924 1776 1954; x_wconf 91' lang='lat' dir='ltr'>om-</span> 
     </span>
     <span class='ocr_line' id='line_1_26' title="bbox 373 1980 1777 2042; baseline -0.001 -17"><span class='ocrx_word' id='word_1_234' title='bbox 373 1981 445 2025; x_wconf 90' lang='lat' dir='ltr'>nia</span> <span class='ocrx_word' id='word_1_235' title='bbox 458 2016 468 2036; x_wconf 90' lang='lat'>,</span> <span class='ocrx_word' id='word_1_236' title='bbox 495 1989 537 2025; x_wconf 86' lang='lat' dir='ltr'>et</span> <span class='ocrx_word' id='word_1_237' title='bbox 559 1997 648 2042; x_wconf 90' lang='lat' dir='ltr'>quo</span> <span class='ocrx_word' id='word_1_238' title='bbox 665 1982 756 2041; x_wconf 84' lang='lat' dir='ltr'>ejus</span> <span class='ocrx_word' id='word_1_239' title='bbox 782 1980 1001 2040; x_wconf 89' lang='lat' dir='ltr'>Sapientia</span> <span class='ocrx_word' id='word_1_240' title='bbox 1016 1980 1238 2041; x_wconf 88' lang='lat' dir='ltr'>pertendit</span> <span class='ocrx_word' id='word_1_241' title='bbox 1260 1997 1283 2025; x_wconf 87' lang='lat' dir='ltr'>a</span> <span class='ocrx_word' id='word_1_242' title='bbox 1300 1981 1388 2025; x_wconf 90' lang='lat' dir='ltr'>fine</span> <span class='ocrx_word' id='word_1_243' title='bbox 1409 1996 1549 2042; x_wconf 89' lang='lat' dir='ltr'>usque</span> <span class='ocrx_word' id='word_1_244' title='bbox 1571 1980 1628 2025; x_wconf 90' lang='lat' dir='ltr'>ad</span> <span class='ocrx_word' id='word_1_245' title='bbox 1644 1981 1777 2025; x_wconf 88' lang='lat' dir='ltr'>finem</span> 
     </span>
     <span class='ocr_line' id='line_1_27' title="bbox 376 2049 1777 2113; baseline 0 -18"><span class='ocrx_word' id='word_1_246' title='bbox 376 2049 549 2096; x_wconf 86' lang='lat' dir='ltr'>fortiter</span> <span class='ocrx_word' id='word_1_247' title='bbox 569 2061 614 2096; x_wconf 92' lang='lat' dir='ltr'>et</span> <span class='ocrx_word' id='word_1_248' title='bbox 637 2050 831 2111; x_wconf 89' lang='lat' dir='ltr'>disponit</span> <span class='ocrx_word' id='word_1_249' title='bbox 856 2051 1003 2096; x_wconf 91' lang='lat' dir='ltr'>omnia</span> <span class='ocrx_word' id='word_1_250' title='bbox 1027 2052 1244 2110; x_wconf 65' lang='lat' dir='ltr'>suaviter,</span> <span class='ocrx_word' id='word_1_251' title='bbox 1271 2068 1349 2113; x_wconf 85' lang='lat' dir='ltr'>per</span> <span class='ocrx_word' id='word_1_252' title='bbox 1372 2067 1505 2113; x_wconf 86' lang='lat' dir='ltr'>quam</span> <span class='ocrx_word' id='word_1_253' title='bbox 1528 2051 1777 2112; x_wconf 87' lang='lat' dir='ltr'>dispositio-</span> 
     </span>
     <span class='ocr_line' id='line_1_28' title="bbox 375 2121 1775 2179; baseline 0.001 -14"><span class='ocrx_word' id='word_1_254' title='bbox 375 2137 478 2166; x_wconf 92' lang='lat' dir='ltr'>nem</span> <span class='ocrx_word' id='word_1_255' title='bbox 500 2123 545 2165; x_wconf 91' lang='lat' dir='ltr'>in</span> <span class='ocrx_word' id='word_1_256' title='bbox 565 2122 642 2167; x_wconf 93' lang='lat' dir='ltr'>illo</span> <span class='ocrx_word' id='word_1_257' title='bbox 666 2122 851 2167; x_wconf 89' lang='lat' dir='ltr'>vivimus</span> <span class='ocrx_word' id='word_1_258' title='bbox 869 2157 879 2177; x_wconf 79' lang='grc'><strong>,</strong></span> <span class='ocrx_word' id='word_1_259' title='bbox 917 2131 960 2166; x_wconf 89' lang='grc'>61</span> <span class='ocrx_word' id='word_1_260' title='bbox 982 2137 1212 2167; x_wconf 86' lang='lat' dir='ltr'>movemur</span> <span class='ocrx_word' id='word_1_261' title='bbox 1229 2158 1240 2179; x_wconf 92' lang='lat'>,</span> <span class='ocrx_word' id='word_1_262' title='bbox 1267 2132 1311 2167; x_wconf 90' lang='lat' dir='ltr'>et</span> <span class='ocrx_word' id='word_1_263' title='bbox 1331 2138 1497 2179; x_wconf 84' lang='lat' dir='ltr'>sumus.</span> <span class='ocrx_word' id='word_1_264' title='bbox 1533 2121 1660 2167; x_wconf 87' lang='lat' dir='ltr'>Unde</span> <span class='ocrx_word' id='word_1_265' title='bbox 1681 2121 1775 2167; x_wconf 91' lang='lat' dir='ltr'>col-</span> 
     </span>
     <span class='ocr_line' id='line_1_29' title="bbox 375 2191 1783 2253; baseline 0.001 -18"><span class='ocrx_word' id='word_1_266' title='bbox 375 2191 546 2250; x_wconf 81' lang='lat' dir='ltr'>ligitur,</span> <span class='ocrx_word' id='word_1_267' title='bbox 573 2192 694 2253; x_wconf 90' lang='lat' dir='ltr'>quod</span> <span class='ocrx_word' id='word_1_268' title='bbox 723 2193 757 2237; x_wconf 87' lang='lat' dir='ltr'>si</span> <span class='ocrx_word' id='word_1_269' title='bbox 779 2193 863 2237; x_wconf 93' lang='lat' dir='ltr'>hoc</span> <span class='ocrx_word' id='word_1_270' title='bbox 896 2207 1005 2252; x_wconf 90' lang='lat' dir='ltr'>opus</span> <span class='ocrx_word' id='word_1_271' title='bbox 1038 2208 1167 2238; x_wconf 88' lang='lat' dir='ltr'>suum</span> <span class='ocrx_word' id='word_1_272' title='bbox 1190 2193 1322 2237; x_wconf 88' lang='lat' dir='ltr'>rebus</span> <span class='ocrx_word' id='word_1_273' title='bbox 1350 2192 1658 2247; x_wconf 83' lang='lat' dir='ltr'>substraxerit,</span> <span class='ocrx_word' id='word_1_274' title='bbox 1695 2207 1783 2236; x_wconf 91' lang='lat' dir='ltr'>nec·</span> 
     </span>
     <span class='ocr_line' id='line_1_30' title="bbox 375 2264 1776 2323; baseline -0.001 -14"><span class='ocrx_word' id='word_1_275' title='bbox 375 2264 572 2309; x_wconf 88' lang='lat' dir='ltr'>vivemus</span> <span class='ocrx_word' id='word_1_276' title='bbox 588 2301 598 2321; x_wconf 90' lang='lat'>,</span> <span class='ocrx_word' id='word_1_277' title='bbox 635 2280 717 2309; x_wconf 90' lang='lat' dir='ltr'>nec</span> <span class='ocrx_word' id='word_1_278' title='bbox 738 2264 1038 2320; x_wconf 88' lang='lat' dir='ltr'>movebimur,</span> <span class='ocrx_word' id='word_1_279' title='bbox 1072 2281 1153 2310; x_wconf 88' lang='lat' dir='ltr'>nee</span> <span class='ocrx_word' id='word_1_280' title='bbox 1183 2264 1360 2309; x_wconf 89' lang='lat' dir='ltr'>erimus.</span> <span class='ocrx_word' id='word_1_281' title='bbox 1386 2264 1532 2310; x_wconf 88' lang='lat' dir='ltr'>Claret</span> <span class='ocrx_word' id='word_1_282' title='bbox 1553 2264 1688 2323; x_wconf 79' lang='lat' dir='ltr'>igitur</span> <span class='ocrx_word' id='word_1_283' title='bbox 1719 2278 1776 2308; x_wconf 89' lang='lat' dir='ltr'>ne</span> 
     </span>
    </p>
   </div>
   <div class='ocr_carea' id='block_1_7' title="bbox 1845 1637 1854 2342">
    <p class='ocr_par' dir='ltr' id='par_1_7' title="bbox 1845 1637 1854 2342">
     <span class='ocr_line' id='line_1_31' title="bbox 1845 1637 1854 2342; textangle 90"><span class='ocrx_word' id='word_1_284' title='bbox 1845 2238 1852 2342; x_wconf 36' lang='grc' dir='ltr'>ᾼψν-ψ-</span> <span class='ocrx_word' id='word_1_285' title='bbox 1846 1783 1854 2221; x_wconf 37' lang='lat' dir='ltr'>—Q—fl—mssrr—</span> <span class='ocrx_word' id='word_1_286' title='bbox 1848 1738 1854 1774; x_wconf 61' lang='lat'><em>..,..</em></span> <span class='ocrx_word' id='word_1_287' title='bbox 1850 1703 1854 1729; x_wconf 73' lang='grc'>-..</span> <span class='ocrx_word' id='word_1_288' title='bbox 1850 1656 1854 1695; x_wconf 36' lang='grc' dir='ltr'>μή</span> <span class='ocrx_word' id='word_1_289' title='bbox 1851 1637 1854 1647; x_wconf 88' lang='grc'>-</span> 
     </span>
    </p>
   </div>
   <div class='ocr_carea' id='block_1_8' title="bbox 376 2334 1847 2396">
    <p class='ocr_par' dir='ltr' id='par_1_8' title="bbox 376 2334 1847 2396">
     <span class='ocr_line' id='line_1_32' title="bbox 376 2334 1847 2396; baseline -0.001 -16"><span class='ocrx_word' id='word_1_290' title='bbox 376 2351 467 2380; x_wconf 88' lang='grc'><strong>11110</strong></span> <span class='ocrx_word' id='word_1_291' title='bbox 500 2336 681 2396; x_wconf 89' lang='lat' dir='ltr'>quidem</span> <span class='ocrx_word' id='word_1_292' title='bbox 721 2335 791 2380; x_wconf 94' lang='lat' dir='ltr'>die</span> <span class='ocrx_word' id='word_1_293' title='bbox 828 2351 1013 2380; x_wconf 87' lang='lat' dir='ltr'>cessasse</span> <span class='ocrx_word' id='word_1_294' title='bbox 1035 2339 1178 2380; x_wconf 87' lang='lat' dir='ltr'>Deum</span> <span class='ocrx_word' id='word_1_295' title='bbox 1214 2335 1270 2380; x_wconf 89' lang='lat' dir='ltr'>ab</span> <span class='ocrx_word' id='word_1_296' title='bbox 1307 2350 1438 2396; x_wconf 87' lang='lat' dir='ltr'>opere</span> <span class='ocrx_word' id='word_1_297' title='bbox 1461 2334 1641 2396; x_wconf 85' lang='lat' dir='ltr'>regendi</span> <span class='ocrx_word' id='word_1_298' title='bbox 1675 2349 1780 2396; x_wconf 77' lang='lat' dir='ltr'>quae</span> <span class='ocrx_word' id='word_1_299' title='bbox 1846 2359 1847 2395; x_wconf 57' lang='grc'>1</span> 
     </span>
    </p>
   </div>
   <div class='ocr_carea' id='block_1_9' title="bbox 377 2406 1774 2467">
    <p class='ocr_par' dir='ltr' id='par_1_9' title="bbox 377 2406 1774 2467">
     <span class='ocr_line' id='line_1_33' title="bbox 377 2406 1774 2467; baseline -0.003 -15"><span class='ocrx_word' id='word_1_300' title='bbox 377 2407 560 2463; x_wconf 88' lang='lat' dir='ltr'>creavit,</span> <span class='ocrx_word' id='word_1_301' title='bbox 602 2423 657 2451; x_wconf 90' lang='lat' dir='ltr'>ne</span> <span class='ocrx_word' id='word_1_302' title='bbox 680 2415 827 2451; x_wconf 88' lang='lat' dir='ltr'>motus</span> <span class='ocrx_word' id='word_1_303' title='bbox 849 2422 948 2451; x_wconf 91' lang='lat' dir='ltr'>suos</span> <span class='ocrx_word' id='word_1_304' title='bbox 971 2407 1208 2462; x_wconf 84' lang='lat' dir='ltr'>naturales,</span> <span class='ocrx_word' id='word_1_305' title='bbox 1233 2406 1396 2467; x_wconf 89' lang='lat' dir='ltr'>quibus</span> <span class='ocrx_word' id='word_1_306' title='bbox 1419 2415 1612 2465; x_wconf 84' lang='lat' dir='ltr'>aguntur</span> <span class='ocrx_word' id='word_1_307' title='bbox 1643 2414 1774 2467; x_wconf 89' lang='lat' dir='ltr'>atque</span> 
     </span>
    </p>
   </div>
   <div class='ocr_carea' id='block_1_10' title="bbox 376 2475 1846 2538">
    <p class='ocr_par' dir='ltr' id='par_1_10' title="bbox 376 2475 1846 2538">
     <span class='ocr_line' id='line_1_34' title="bbox 376 2475 1846 2538; baseline -0.003 -15"><span class='ocrx_word' id='word_1_308' title='bbox 376 2486 663 2537; x_wconf 85' lang='lat' dir='ltr'>vegetantur,</span> <span class='ocrx_word' id='word_1_309' title='bbox 684 2487 734 2522; x_wconf 90' lang='lat' dir='ltr'>ut</span> <span class='ocrx_word' id='word_1_310' title='bbox 756 2477 935 2523; x_wconf 89' lang='lat' dir='ltr'>omnino</span> <span class='ocrx_word' id='word_1_311' title='bbox 964 2487 1133 2522; x_wconf 83' lang='lat' dir='ltr'>naturae</span> <span class='ocrx_word' id='word_1_312' title='bbox 1155 2477 1256 2533; x_wconf 87' lang='lat' dir='ltr'>sint,</span> <span class='ocrx_word' id='word_1_313' title='bbox 1293 2486 1337 2522; x_wconf 91' lang='lat' dir='ltr'>et</span> <span class='ocrx_word' id='word_1_314' title='bbox 1368 2477 1415 2522; x_wconf 89' lang='lat' dir='ltr'>in</span> <span class='ocrx_word' id='word_1_315' title='bbox 1437 2492 1489 2522; x_wconf 86' lang='lat' dir='ltr'>eo</span> <span class='ocrx_word' id='word_1_316' title='bbox 1517 2475 1639 2538; x_wconf 89' lang='lat' dir='ltr'>quod</span> <span class='ocrx_word' id='word_1_317' title='bbox 1671 2483 1782 2522; x_wconf 79' lang='lat' dir='ltr'>sunt‘</span> <span class='ocrx_word' id='word_1_318' title='bbox 1844 2507 1846 2526; x_wconf 33' lang='grc'>1</span> 
     </span>
    </p>
   </div>
   <div class='ocr_carea' id='block_1_11' title="bbox 427 2561 1702 2607">
    <p class='ocr_par' dir='ltr' id='par_1_11' title="bbox 427 2561 1702 2607">
     <span class='ocr_line' id='line_1_35' title="bbox 427 2561 1702 2607; baseline -0.002 -11"><span class='ocrx_word' id='word_1_319' title='bbox 427 2571 435 2587; x_wconf 79' lang='lat'>1</span> <span class='ocrx_word' id='word_1_320' title='bbox 457 2565 530 2607; x_wconf 86' lang='lat' dir='ltr'>Sap.</span> <span class='ocrx_word' id='word_1_321' title='bbox 553 2575 628 2606; x_wconf 77' lang='lat' dir='ltr'>vm,</span> <span class='ocrx_word' id='word_1_322' title='bbox 652 2575 680 2595; x_wconf 90' lang='lat'>1.</span> <span class='ocrx_word' id='word_1_323' title='bbox 698 2580 740 2586; x_wconf 87' lang='lat'>——-</span> <span class='ocrx_word' id='word_1_324' title='bbox 761 2563 836 2596; x_wconf 58' lang='lat'>²111.</span> <span class='ocrx_word' id='word_1_325' title='bbox 858 2574 912 2605; x_wconf 82' lang='lat' dir='ltr'>vn,</span> <span class='ocrx_word' id='word_1_326' title='bbox 933 2562 987 2606; x_wconf 65' lang='grc'>24.</span> <span class='ocrx_word' id='word_1_327' title='bbox 1010 2581 1051 2586; x_wconf 91' lang='grc'><strong>-</strong></span> <span class='ocrx_word' id='word_1_328' title='bbox 1073 2562 1086 2587; x_wconf 82' lang='lat'>3</span> <span class='ocrx_word' id='word_1_329' title='bbox 1105 2563 1182 2597; x_wconf 80' lang='lat' dir='ltr'>Act.</span> <span class='ocrx_word' id='word_1_330' title='bbox 1211 2561 1289 2605; x_wconf 77' lang='lat' dir='ltr'>xvii,</span> <span class='ocrx_word' id='word_1_331' title='bbox 1315 2563 1368 2596; x_wconf 85' lang='lat'>28.</span> <span class='ocrx_word' id='word_1_332' title='bbox 1389 2561 1461 2594; x_wconf 75' lang='grc'>-4</span> <span class='ocrx_word' id='word_1_333' title='bbox 1478 2565 1572 2597; x_wconf 76' lang='lat' dir='ltr'>Joan.</span> <span class='ocrx_word' id='word_1_334' title='bbox 1600 2573 1633 2602; x_wconf 84' lang='lat' dir='ltr'>v,</span> <span class='ocrx_word' id='word_1_335' title='bbox 1649 2562 1702 2595; x_wconf 87' lang='lat'>26.</span> 
     </span>
    </p>
   </div>
  </div>
 </body>
</html>
