1854 3219
305 231 359 262 DE
391 231 543 258 GENEsi
576 227 630 256 AD
664 227 905 265 LITTEizAM,
942 230 1025 256 LIB.
1063 230 1127 255 111.
1341 215 1424 255 243

36 292 188 338 multae
203 294 479 353 reperiuntur
500 293 722 348 utilitates,
738 294 1114 353 poteranthabcre
1136 293 1282 338 locum
1298 308 1426 337 suuni

37 363 128 408 sine
150 362 239 408 ulla
262 380 392 424 poena
415 364 617 409 hominis.
654 364 738 409 Sed
759 373 810 408 ut
839 364 886 407 in
910 365 1020 424 agris
1035 400 1045 419 ‚
1072 365 1117 408 in
1148 364 1308 425 quibus
1335 365 1426 424 jam

36 434 267 494 poenaliter
282 434 525 490 laborabat,
543 435 673 479 etiam
687 435 766 479 ista
784 444 1080 491 nascerentur⁷
1095 435 1179 479 hoc
1196 435 1252 479 ad
1266 451 1425 479 cumu-

35 503 130 549 lum
157 521 302 565 poenae
321 505 464 552 valere
486 506 603 550 credi
629 515 795 566 potest,
821 521 923 550 cum
946 515 1123 566 possent
1144 505 1247 549 alibi
1281 506 1422 561 nasci,

37 575 106 620 vel
130 575 187 620 ad
213 576 357 621 avium
378 592 675 638 pecorumque
699 585 871 637 pastus,
900 575 967 620 vcl
989 577 1043 621 ad
1064 577 1256 637 ipsorum
1280 576 1426 621 homi-

38 663 145 691 num
169 646 336 708 aliquos
358 665 473 693 usus.
501 651 763 710 Quanquam
785 658 828 692 et
849 648 921 692 ille
938 664 1086 694 sensus
1109 665 1199 693 non
1222 649 1429 693 abhorret

38 718 94 762 ab
115 717 181 762 his
202 718 346 763 verbis
363 755 373 776 ,
399 735 488 780 quo
506 719 564 764 ita
579 719 837 777 intelligitur
858 719 1050 764 dictum:
1081 739 1102 762 «
1120 719 1272 779 Spinas
1294 728 1338 764 et
1353 719 1429 762 tri-

42 808 64 832 «
89 788 216 834 bulos
232 790 371 850 pariet
387 791 489 848 tibi3
508 810 527 834 »
544 800 593 835 ut
606 792 700 835 haec
714 792 843 835 etiam
861 800 985 835 antea
1005 801 1117 836 terra
1135 791 1322 851 pariens,
1339 806 1430 835 non

38 869 185 906 tamen
204 862 371 906 homini
393 871 564 922 pareret
592 862 648 906 ad
668 861 865 907 laborem
882 898 892 918 ,
921 862 998 907 sed
1021 861 1318 924 cujuscemodi
1341 862 1430 906 ani-

38 931 224 977 malibus
247 933 583 978 convcnientem
609 933 784 992 cibum3
819 943 921 978 sunt
942 934 1060 978 enim
1083 950 1182 995 quae
1206 934 1271 978 his
1296 949 1429 992 gene-

38 1002 180 1060 ribus,
197 1013 240 1049 et
260 1002 533 1049 mollioribus
554 1013 597 1050 et
619 1004 878 1050 aridioribus
900 1005 1130 1051 commode
1152 1005 1430 1066 suaviterque

39 1084 269 1120 vescantur
295 1094 303 1120 :
335 1085 441 1121 tunc
473 1086 620 1121 autem
657 1077 840 1136 coeperit
871 1077 952 1122 ista
981 1077 1146 1122 homini
1183 1093 1335 1137 parere
1376 1075 1432 1121 ad

39 1161 335 1191 aerumnosum
356 1147 607 1206 negotium,
633 1164 732 1192 cum
751 1157 850 1208 post
862 1159 1089 1208 peccatum
1107 1148 1299 1208 coepitin
1317 1157 1432 1192 terra

39 1215 252 1262 laborare.
283 1220 382 1264 Non
403 1218 525 1279 quod
551 1218 642 1263 aliis
663 1218 768 1264 locis
797 1220 891 1264 haec
915 1229 1040 1264 antea
1066 1229 1363 1274 nascerentur,
1389 1228 1434 1263 ct

40 1297 138 1348 post
159 1289 205 1333 in
227 1289 338 1348 agris
361 1305 469 1350 quos
489 1290 620 1334 homo
644 1290 700 1334 ad
719 1290 948 1350 capiendas
974 1289 1118 1349 fruges
1140 1290 1326 1347 coleret3
1356 1288 1433 1333 sed

41 1369 85 1404 et
97 1360 216 1420 prius
233 1369 275 1404 et
292 1370 441 1420 postea
457 1360 503 1405 in
516 1360 677 1405 eisdem
694 1360 799 1406 locis
819 1382 826 1407 z
844 1362 962 1422 prius
977 1371 1124 1407 tamen
1137 1378 1227 1407 non
1243 1361 1444 1416 homini,

41 1440 139 1492 post
161 1441 307 1477 autem
327 1432 495 1477 homini
510 1468 521 1489 ‚
542 1442 591 1477 ut
607 1433 692 1478 hoc
710 1433 975 1491 significetur
991 1434 1112 1495 quod
1133 1434 1333 1479 additum
1351 1443 1430 1489 est,

46 1521 68 1545 «
103 1502 200 1546 Tibi
226 1517 234 1545 :
259 1521 279 1544 »
305 1502 409 1564 quia
436 1519 526 1548 non
548 1512 612 1548 est
632 1502 823 1559 dictum,
854 1524 874 1547 «
901 1505 1052 1564 Spinas
1076 1514 1119 1550 ct
1141 1504 1328 1550 tribulos
1354 1521 1434 1565 pa-

43 1573 124 1618 riet
139 1609 150 1630 ‚
170 1592 190 1616 »
222 1573 298 1619 sed
313 1610 325 1630 ,
361 1594 382 1617 «
415 1574 557 1619 Pariet
578 1575 685 1634 tibig
709 1593 730 1617 »
756 1575 802 1620 id
824 1585 909 1632 est,
935 1586 984 1621 ut
1006 1577 1086 1620 tibi
1101 1577 1192 1637 jam
1213 1578 1294 1621 ista
1315 1576 1434 1621 nasci

44 1644 257 1705 incipiant
277 1644 333 1690 ad
355 1644 575 1703 laborem,
599 1663 700 1706 quae
724 1646 780 1691 ad
806 1656 981 1708 pastum
1009 1647 1316 1694 tantummodo
1340 1646 1434 1693 aliis

44 1714 306 1761 animalibus
325 1725 453 1762 antea
474 1717 782 1763 nascebantur.

43 1890 909 1908 WWWWMMWQMWWWWWMW
912 1889 1438 1907 mummwvawmeM

523 2010 739 2062 CAPUT
776 2013 912 2060 XIX.

105 2144 183 2191 De
201 2143 449 2191 versieulis
471 2150 528 2190 26
551 2154 598 2191 et
618 2151 690 2201 27,
706 2155 794 2190 etc.
820 2145 920 2191 Cur
940 2146 989 2191 in
1010 2144 1155 2191 solius
1172 2145 1378 2192 hominis

312 2218 558 2263 creatione
580 2215 785 2274 dictum,
812 2218 1057 2275 Faciamus,
1082 2228 1166 2263 etc.

107 2353 272 2397 XXIX.
301 2372 322 2396 «
345 2355 410 2398 Ea:
427 2352 535 2397 dixit
551 2355 687 2398 Deus:
713 2353 940 2398 Faciamus
962 2354 1186 2398 hominem
1210 2353 1266 2399 ad
1282 2355 1438 2415 imagi-

53 2439 74 2464 »
109 2438 210 2467 nem
236 2433 280 2468 et
310 2422 639 2469 similitudinem
670 2432 862 2468 nostram
878 2460 888 2480 ‚
914 2433 958 2468 et
980 2424 1231 2470 dominetur
1253 2426 1438 2486 piscium

2 2491 5 2532 ἓ
53 2510 75 2536 >)
108 2495 238 2539 maris
259 2504 304 2539 et
317 2494 562 2540 volatilium
577 2494 694 2551 coeli,
710 2504 754 2540 et
769 2496 966 2545 omnium
984 2512 1194 2556 pecorum
1205 2533 1217 2554 ‚
1237 2507 1280 2542 et
1296 2499 1437 2543 omnis

3 2588 5 2627 Ξ
56 2582 76 2606 »
110 2575 236 2610 terrae
253 2600 264 2622 ‚
296 2575 340 2610 et
367 2567 566 2612 omnium
586 2566 808 2627 reptilium
834 2567 1081 2627 repentium
1106 2583 1236 2628 super
1260 2577 1435 2615 terram.

1157 2640 1220 2679 16.
