1854 3219
207 228 262 254 DE
295 228 448 255 GENEsi
481 226 537 253 An
568 225 810 263 ιΙΤΤΕιιΑΜ,
847 227 1138 253 IMPERFECTUS
1171 227 1252 252 ΜΒ.
1352 213 1432 252 143

40 291 227 337 miliares
268 301 396 348 sunt,
415 291 566 352 quales
595 291 757 350 mergi,
789 299 833 334 et
865 300 1038 346 anates,
1074 299 1119 335 et
1143 305 1435 351 quaecumque

37 361 306 422 hujusmodi.
337 365 448 408 Nam
469 361 504 406 si
538 361 593 406 de
614 362 680 406 his
701 370 875 406 tantum
902 360 1076 406 dixisset
1093 397 1104 416 ,
1132 377 1223 405 non
1253 370 1436 421 praeter-

38 431 230 478 mitteret
249 432 333 477 alio
354 432 451 477 loco
475 432 530 476 de
550 432 643 477 aliis
671 432 824 477 avibus
846 431 989 476 dicere
1004 468 1014 487 ,
1046 432 1159 476 inter
1187 448 1294 492 quas
1321 448 1434 476 non-

37 501 175 546 nullae
199 518 340 564 usque
368 502 477 548 adeo
498 503 553 547 ab
585 503 707 564 aquis
739 512 920 547 remotae
948 513 1076 559 sunt,
1108 512 1160 547 ut
1191 518 1246 546 ne
1278 502 1436 546 bibant

37 572 230 633 quidem.
245 573 335 620 Nisi
346 572 460 618 forte
476 574 608 618 istum
620 577 764 618 aerem
780 573 904 617 terris
920 573 1177 632 contiguum
1190 608 1201 628 ‚
1222 572 1434 632 quoniam

38 657 84 687 se
118 643 354 688 humidum
384 644 516 688 etiam
547 643 828 689 serenissimis
859 643 1063 687 noctibus
1095 658 1192 687 rore
1225 651 1431 698 testatur,

38 730 196 775 aquam
227 716 421 772 vocavit,
451 716 555 776 quia
582 724 627 760 et
645 715 693 759 in
719 715 885 759 nubem
905 714 1092 773 cogitur.
1118 714 1265 760 Nubes
1288 723 1436 758 autem

38 801 150 845 aqua
167 796 230 831 est
244 822 255 842 ‚
273 786 394 848 quod
411 802 560 831 omnes
582 787 801 841 sentiunt,
828 786 989 846 quibus
1007 785 1219 844 contingit
1243 785 1289 828 in
1305 800 1434 829 mon-

37 856 156 900 tibus
173 857 288 901 inter
304 857 479 912 nubila,
506 855 577 902 vel
601 857 731 901 etiam
748 856 794 900 in
818 856 980 916 campis
1005 856 1118 899 inter
1139 855 1322 900 nebulas
1344 872 1438 900 am-

36 925 205 971 bulare.
233 930 286 971 In
302 927 386 971 hoc
405 927 570 988 quippe
596 930 693 971 aere
714 926 863 972 volare
884 941 982 971 aves
1005 925 1226 970 dicuntur.
1257 929 1367 972 Nam
1389 927 1436 970 in

36 996 113 1041 illo
143 996 399 1043 sublimiore
432 1008 563 1059 atque
588 997 787 1057 puriore,
819 997 896 1057 qui
922 1012 1022 1041 vere
1051 1000 1124 1040 aer
1151 997 1207 1040 ab
1229 996 1434 1041 omnibus

37 1065 375 1128 appellatus‘est‚
393 1077 644 1130 nequeunt:
670 1084 760 1113 non
777 1068 896 1112 enim
916 1083 1068 1112 earum
1085 1066 1260 1127 pondus
1285 1066 1432 1112 tenui-

37 1148 125 1184 tate
146 1156 222 1184 sua
243 1141 441 1186 sustinet.
463 1143 515 1184 In
532 1140 608 1185 illo
630 1149 800 1196 autem⁷
832 1155 975 1200 neque
997 1139 1136 1183 nubes
1158 1155 1434 1184 concrescere

37 1222 312 1269 asseruntur,
343 1228 487 1273 neque
510 1211 676 1273 aliquid
710 1211 1001 1272 procellosum
1026 1211 1205 1256 existere
1229 1232 1237 1256 :
1271 1212 1435 1272 quippe

35 1283 113 1327 ubi
136 1292 291 1328 ventus
312 1282 421 1327 adeo
442 1282 590 1327 nullus
613 1292 698 1337 est,
725 1292 775 1326 ut
803 1283 850 1326 in
868 1283 1029 1327 vertice
1051 1282 1229 1342 Olympi
1246 1283 1405 1327 montis
1419 1318 1430 1339 ,

35 1354 112 1414 qui
139 1355 275 1413 spatia
298 1355 429 1413 hujus
450 1354 623 1397 humidi
646 1353 755 1397 aeris
777 1354 985 1397 excedere
1016 1353 1200 1408 dicitur,
1226 1353 1432 1414 quaedam

35 1423 191 1468 litterae
207 1424 254 1467 in
267 1423 448 1483 pulvere
465 1423 602 1468 solere
616 1424 709 1467 fieri
727 1423 1042 1483 perhibeantur
1056 1459 1066 1479 ‚
1093 1433 1136 1468 et
1157 1432 1254 1483 post
1267 1438 1433 1467 annum

35 1494 216 1554 integrae
238 1503 370 1555 atque
393 1493 539 1538 illaesae
567 1493 754 1539 inveniri
776 1494 832 1538 ab
865 1494 940 1550 iis,
969 1495 1047 1555 qui
1080 1493 1332 1540 solemniter
1346 1510 1434 1540 me«

37 1577 255 1613 moratum
277 1576 471 1612 montem
495 1565 803 1611 ascendebant.

93 1641 228 1684 XLV.
248 1641 520 1699 Quapropter
535 1653 626 1682 non
648 1637 836 1682 absurde
855 1637 1085 1681 existimari
1118 1646 1260 1697 potest
1285 1638 1434 1682 firma-

36 1718 236 1753 mentum
262 1709 363 1754 coeli
394 1709 441 1752 in
468 1708 624 1753 divinis
660 1707 891 1767 Scripturis
924 1723 1063 1768 usque
1096 1708 1150 1752 ad
1172 1708 1266 1752 haec
1296 1709 1433 1768 spatia

36 1781 203 1837 vocari,
232 1790 283 1825 ut
304 1790 347 1825 et
369 1779 444 1824 ille
468 1784 540 1824 aer
557 1779 936 1840 tranquillissimus
963 1789 1007 1823 et
1038 1780 1346 1824 sincerissimus
1377 1779 1433 1824 ad

35 1853 359 1897 firmamentum
384 1853 599 1912 pertinere
616 1850 835 1896 credatur.
876 1854 969 1896 Hoc
1003 1851 1119 1894 enim
1147 1852 1324 1895 nomine
1355 1852 1432 1895 fir-

37 1924 267 1979 marnenti⁷
298 1924 388 1983 ipsa
418 1922 710 1983 tranquillitas
735 1931 778 1966 et
800 1938 957 1981 magna
979 1939 1076 1982 pars
1093 1938 1240 1966 rerum
1260 1925 1270 1947 ¹
1297 1923 1432 1981 signi-

35 1995 157 2040 ficari
178 2004 334 2055 potest.
360 1994 487 2040 Unde
503 1995 633 2038 etiam
654 1993 765 2038 illud
782 1994 868 2039 diei
891 1994 1088 2054 pluribus
1112 1994 1216 2039 locis
1245 1995 1290 2038 in
1312 1994 1432 2038 Psal-

37 2067 118 2111 mis
147 2067 368 2112 existimo:
404 2086 425 2109 «
449 2069 507 2111 Et
532 2066 689 2112 veritas
716 2075 790 2110 tua
820 2081 960 2126 usque
982 2065 1037 2109 ad
1059 2066 1197 2109 nubes
1216 2070 1248 2109 2.
1270 2084 1289 2107 »
1315 2065 1432 2111 Nihil

37 2146 102 2182 est
121 2138 238 2182 enim
253 2138 420 2183 firmius
437 2147 480 2181 et
494 2137 686 2182 serenius
703 2137 898 2182 veritate.
914 2137 1060 2183 Nubes
1077 2146 1223 2181 autem
1248 2137 1329 2181 sub
1352 2137 1432 2181 ista

37 2208 312 2253 sincerissimi
332 2208 439 2253 ae'ris
461 2208 637 2267 regione
652 2217 952 2252 concrescunt.
970 2211 1233 2268 Quanquam
1246 2199 1431 2267 figurate

37 2278 204 2323 dictum
226 2279 482 2339 accipiatur,
516 2295 570 2323 ex
590 2279 657 2323 his
684 2288 828 2323 tamen
846 2279 976 2322 rebus
998 2279 1207 2338 scriptum
1225 2288 1310 2334 est,
1332 2295 1431 2340 quae

36 2349 203 2394 habent
220 2349 274 2394 ad
293 2351 388 2395 haec
403 2349 639 2411 quamdam
653 2348 1001 2404 similitudinem,
1019 2359 1068 2394 ut
1089 2366 1294 2413 corporea
1312 2366 1432 2394 crea—

37 2427 135 2465 tura
161 2421 428 2466 constantior
449 2430 493 2465 et
512 2421 685 2482 purior,
711 2437 810 2481 quae
839 2437 862 2465 a
890 2421 1139 2465 summitate
1161 2421 1262 2466 coeli
1291 2437 1430 2482 usque

40 2491 95 2537 ad
115 2492 254 2537 nubes
275 2501 338 2537 est
353 2527 364 2549 ‚
388 2493 580 2539 veritatis
601 2493 786 2552 figuram
809 2501 926 2537 recte
943 2493 1106 2537 habere
1126 2492 1346 2547 videatur,
1384 2492 1428 2537 id

87 2583 97 2601 ¹
118 2579 213 2612 Forte
222 2590 312 2623 pax,
325 2578 378 2613 vel
391 2579 539 2623 puritas·
564 2596 602 2603 -
619 2586 632 2602 2
651 2578 729 2612 Psal.
749 2590 847 2620 xxxv,
865 2578 900 2619 6,
922 2583 955 2612 et
971 2589 1032 2620 wi,
1057 2590 1106 2611 11.
