1854 3219
240 167 294 193 m:
327 164 478 193 οΕΝΕεῐ
512 166 566 192 An
599 164 838 199 urrumnai,
874 162 1164 192 rwirnni-Ec'rcs
1196 165 1278 192 nn.
1376 155 1457 192 133

6 239 10 279 ζ
73 229 242 275 addidit
255 246 426 275 rursum
455 246 463 272 ι
488 249 506 271 «
520 232 576 273 Et
592 228 693 273 fecit
710 233 823 273 Deus
838 229 1026 287 lucem3»
1044 230 1114 274 hic
1129 239 1271 273 autem
1287 239 1459 290 postca-

0 301 9 349 i}

0 351 9 366 ,ὖ

71 316 203 361 quam
216 299 325 345 dixit
342 321 349 345 :
376 303 464 344 «Et
482 299 590 343 dixit
606 302 736 344 Deus:
755 301 867 353 Fiat,
884 301 996 345 etsie
1007 300 1170 345 factum
1189 311 1267 357 est,
1290 319 1310 341 n
1329 301 1456 345 addi-

3 370 7 412 «.’
70 381 164 415 tum
182 381 267 426 est,
297 391 317 413 «
341 374 398 416 Et
415 370 517 415 fecit
538 374 666 414 Deus.
688 388 708 410 n
734 373 802 414 An
815 370 918 414 hinc
939 381 1118 431 apparet
1139 387 1229 415 non
1252 382 1452 431 oportere

67 441 212 486 lucem
233 441 352 487 illam
372 441 555 500 intelligi
577 440 845 501 corporalem
861 476 872 496 ,
898 456 953 485 ne
972 457 1067 486 eam
1089 442 1234 503 aliqua
1256 453 1454 488 creatura

1 516 5 570 ζ
66 511 319 571 interposita
338 510 487 556 fecisse
508 513 623 555 Deus
642 510 844 555 videatur
869 527 877 551 ε
894 513 911 569 (
928 515 1068 556 Deum
1092 522 1239 557 autem
1259 513 1448 559 Trinita-

1 591 3 629 Ῐ
66 592 154 627 tem
176 583 274 628 dico
291 603 299 628 ε
318 586 336 642 )
352 584 436 627 hoc
453 599 557 628 vero
572 583 899 627 firmamentum
922 583 1048 639 coeli,
1068 585 1169 645 quia
1193 600 1452 645 corporeum

0 664 5 715 ῥ’
64 662 142 708 est,
157 669 235 714 per
244 655 543 714 incorpoream
555 662 798 698 creaturam
813 653 1025 712 accepisse
1042 655 1230 714 speciem
1243 654 1453 700 formam-

0 727 1 774 }
63 740 150 785 que
172 725 386 781 creditur,
420 734 468 769 ut
489 726 608 786 prius
635 726 905 784 incorporeae
935 734 1103 769 naturae
1135 727 1452 771 rationabiliter

0 829 2 843 ‚
63 812 87 840 a
105 797 285 841 veritate
299 797 557 857 impressum
579 797 633 841 sit
654 796 774 857 quod
798 796 1081 856 corporaliter
1101 798 1446 857 imprimeretur,

0 857 1 874 ἱ
61 878 111 912 ut
127 868 228 912 coeli
249 868 371 912 fieret
391 870 738 912 firmamentum:
769 877 812 912 et
830 867 929 912 ideo
945 869 1134 928 positum
1147 879 1232 925 est,
1262 890 1281 912 «
1298 874 1355 915 Et
1376 872 1449 917 di-

64 956 84 980 »
118 939 179 982 xit
199 942 313 984 Deus
336 955 347 983 .·
372 939 490 993 Fiat,
516 948 560 982 et
581 939 640 983 sic
661 939 829 983 factum
852 942 943 983 est¹
964 955 973 980 ε
1003 957 1024 980 »
1051 940 1095 983 in
1128 941 1219 1000 ipsa
1250 941 1450 987 rationali

59 1019 214 1055 natura
244 1011 364 1071 prius
384 1009 547 1055 sactum
576 1019 640 1054 est
661 1009 840 1054 sortasse
862 1009 982 1054 unde
1002 1010 1328 1070 imprimeretur
1349 1028 1448 1057 cor-

59 1082 152 1142 pori
165 1082 347 1142 species:
367 1097 468 1126 cum
482 1090 629 1126 autem
640 1080 839 1125 additum
858 1090 937 1126 est:
957 1084 1047 1125 «Et
1060 1080 1162 1126 fecit
1171 1085 1284 1127 Deus
1298 1084 1448 1129 firma-

61 1171 82 1195 »
116 1162 337 1209 mentum,
363 1163 407 1198 et
436 1152 582 1198 divisit
611 1153 726 1196 inter
749 1167 923 1213 aquam,
949 1168 1047 1212 quae
1071 1163 1162 1197 erat
1183 1153 1265 1198 sub
1297 1155 1446 1200 firma-

60 1241 80 1264 »
114 1232 286 1279 mento,
313 1232 356 1267 et
390 1238 550 1284 aquam
571 1238 670 1282 quae
700 1231 791 1266 erat
813 1238 943 1282 supra
965 1224 1313 1282 firmamentum3
1345 1243 1365 1266 »
1400 1235 1444 1270 et

55 1294 147 1354 ipsa
168 1295 418 1354 cooperatio
438 1294 484 1338 in
505 1293 578 1338 illa
595 1293 790 1348 materia,
817 1302 867 1337 ut
889 1309 1046 1354 corpus
1068 1294 1169 1338 coeli
1192 1296 1330 1351 fieret,
1356 1296 1444 1355 sig-

30 1384 31 1387 *
55 1364 286 1410 nificatur?
307 1368 376 1409 An
397 1363 510 1409 forte
537 1364 760 1408 varietatis
777 1380 905 1408 causa
927 1374 976 1408 ut
994 1374 1135 1409 textus
1159 1366 1367 1410 sermonis
1398 1368 1444 1412 in

55 1434 276 1480 fastidium
297 1450 388 1479 non
405 1435 597 1490 veniret,
627 1449 757 1494 supra
778 1450 866 1479 non
888 1443 952 1478 est
973 1435 1165 1494 positum
1188 1436 1308 1496 quod
1328 1437 1442 1482 infra

54 1507 247 1567 positum
265 1515 350 1561 est,
371 1515 415 1550 et
432 1521 522 1550 non
541 1514 714 1566 oportet
736 1505 989 1566 scrupulose
1007 1507 1153 1551 omnia
1166 1507 1338 1552 rimari?
1357 1508 1445 1553 Eli-

54 1587 125 1636 gat
138 1577 235 1639 quis
243 1577 362 1638 quod
372 1586 530 1637 potest3
542 1586 637 1622 tant
644 1593 715 1621 um
728 1577 963 1640 nqaliquid
978 1587 1139 1622 temere
1155 1587 1286 1639 atque
1294 1580 1441 1641 incog-

53 1648 195 1692 nitum
216 1664 296 1709 pro
310 1648 486 1708 cognito
505 1657 662 1693 asserat
689 1665 697 1690 ε
718 1649 1051 1710 memineritque
1080 1665 1124 1693 se
1139 1650 1363 1696 hominem
1385 1651 1440 1697 de

53 1719 211 1763 divinis
234 1719 438 1778 operibus
459 1728 675 1779 quantum
688 1719 955 1778 permittitur
977 1735 1185 1781 quaerere.

110 1791 276 1833 XXXI.
298 1808 317 1831 «
334 1792 391 1833 Et
403 1789 574 1836 vocavit
587 1792 700 1833 Deus
718 1790 1043 1834 firmamentum
1060 1790 1286 1835 eoelum2.»
1308 1793 1439 1846 Quod

52 1859 107 1904 de
128 1860 356 1905 vocatione
378 1860 574 1920 superius
587 1869 822 1905 tractatum
838 1870 902 1905 est
916 1897 926 1917 ,
952 1862 1023 1905 hic
1044 1878 1221 1923 quoque
1238 1864 1439 1909 conside-

51 1931 135 1974 rari
151 1939 317 1990 potest:
338 1946 428 1974 non
445 1931 561 1974 enim
576 1946 704 1975 omne
723 1931 1047 1976 firmamentum
1062 1932 1226 1977 coelum
1243 1943 1320 1977 est.
1348 1953 1364 1974 «
1382 1939 1438 1979 Et

53 2019 74 2043 υ
107 2001 217 2046 vidit
237 2004 351 2045 Deus
373 2002 494 2063 quod
515 2003 683 2047 bonum
705 2012 781 2047 est.
811 2007 904 2048 »Et
925 2004 979 2048 de
993 2005 1076 2049 hoc
1096 2006 1293 2065 superius
1315 2006 1436 2067 quod

50 2081 283 2118 tractatum
296 2083 383 2127 est,
404 2081 732 2130 retractaretur,
754 2075 834 2118 nisi
849 2074 969 2135 quod
983 2092 1072 2120 non
1095 2075 1299 2121 eumdem
1317 2076 1435 2122 ordi-

49 2157 149 2186 nem
180 2141 322 2187 video.
349 2145 459 2188 Nam
495 2144 714 2203 superius,
745 2165 765 2187 «
790 2149 846 2190 Et
881 2145 990 2191 vidit
1016 2149 1131 2190 Deus
1163 2146 1307 2193 lucem
1331 2149 1432 2210 quia

52 2230 72 2254 »
106 2212 220 2257 bona
240 2222 328 2269 est,
353 2231 372 2254 »
395 2222 438 2257 et
454 2222 551 2273 post
573 2213 731 2259 deinde
752 2216 1005 2276 subjicitur,
1029 2235 1048 2258 «
1069 2216 1222 2261 Divisit
1239 2220 1353 2263 Deus
1372 2220 1435 2263 in-

52 2301 72 2324 »
107 2292 173 2327 ter
193 2283 337 2327 lucem
361 2293 405 2327 et
426 2284 655 2342 tenebras3
676 2294 718 2330 et
738 2287 910 2330 vocavit
931 2290 1044 2330 Deus
1066 2286 1211 2331 lucem
1233 2287 1347 2332 diem
1361 2325 1372 2345 ,
1388 2299 1432 2334 ct

51 2370 71 2393 »
107 2353 307 2397 tenebras
320 2355 491 2399 vocavit
511 2363 685 2399 noctem
702 2375 710 2400 :
726 2374 745 2397 »
760 2357 831 2400 hic
849 2366 994 2400 autem
1013 2367 1242 2417 postquam
1266 2357 1431 2403 factum

49 2431 298 2467 enarratum
325 2433 411 2479 est,
457 2424 578 2484 quod
604 2424 770 2470 sactum
801 2425 1054 2484 dicebatur,
1080 2438 1123 2473 et
1149 2438 1433 2489 posteaquam

96 2513 103 2528 ¹
126 2509 220 2539 Forte
237 2507 326 2540 «locst
343 2507 382 2540 ι’(ἱ
398 2517 458 2540 ese.
479 2526 518 2532 --
534 2516 546 2531 ⁹
563 2511 629 2542 Gon
664 2522 685 2547 1,
707 2511 738 2540 8.
