1854 3219
405 172 491 213 494
836 186 869 213 s.
906 183 1136 215 AUGUSTINI
1168 188 1351 215 EP1scoP1

401 251 581 295 terrenis
618 258 751 310 atque
780 251 1057 307 mortalibus,
1087 253 1359 313 maximeque
1386 251 1441 296 de
1472 253 1637 312 peccati
1667 267 1797 298 carne

400 321 671 382 propagatis,
698 321 808 366 miro
826 322 958 367 modo
981 333 1258 383 coaptantur,
1283 334 1334 368 ut
1356 339 1406 368 ca
1429 323 1631 384 primitus
1651 323 1795 368 vivifi-

396 407 520 447 care,
543 401 641 452 post
671 393 802 437 etiam
828 394 964 438 fetatis
989 411 1161 440 accessu
1183 411 1333 455 regere
1354 395 1549 455 possint,
1584 404 1797 455 tanquam

397 462 621 508 oblivione
642 473 987 523 praegraventur.
1006 468 1116 519 Quae
1133 502 1143 522 ,
1169 467 1203 511 si
1223 475 1333 511 esset
1358 466 1553 527 quodam
1575 465 1708 510 modo
1729 466 1799 509 in-

396 534 678 594 digestibilis,
706 537 901 581 Creatori
931 537 1201 583 tribueretur
1221 558 1230 583 z
1256 554 1358 583 cum
1380 554 1484 583 vero
1506 537 1719 598 paulatim
1741 537 1798 582 ab

396 606 529 666 hujus
554 607 785 652 oblivionis
809 617 985 668 torpore
1007 610 1150 653 anima
1173 610 1425 670 resipiscens
1443 610 1577 670 possit
1602 607 1798 654 converti

398 676 453 721 ad
472 681 611 722 Deum
629 694 773 735 suum,
795 680 976 740 ejusque
992 680 1333 725 misericordiam
1351 690 1394 725 et
1412 681 1643 726 veritatem
1656 680 1800 740 primo

398 748 489 808 ipsa
511 749 673 809 pictate
696 751 1016 808 conversionis,
1051 751 1212 795 deinde
1241 751 1438 796 servandi
1473 752 1677 812 praecepti
1707 752 1801 812 ejus

398 820 718 878 perseverantia
742 823 1004 881 promereri,
1041 821 1149 882 quid
1177 822 1217 865 ei
1247 822 1371 867 obest
1395 822 1472 867 illo
1499 821 1621 867 velut
1648 836 1802 866 somno

398 890 631 951 paululum
652 893 871 951 immergi,
898 892 1017 937 unde
1035 892 1246 953 paulatim
1269 893 1474 952 evigilans
1498 895 1543 937 in
1566 893 1711 938 lucem
1732 892 1803 936 in-

399 961 676 1022 telligentiae,
704 973 882 1023 propter
904 979 1037 1024 quam
1056 964 1278 1008 rationalis
1299 965 1443 1009 anima
1477 963 1590 1009 facta
1615 973 1700 1020 est,
1726 979 1803 1024 po-

401 1042 485 1077 test
515 1049 594 1093 per
621 1035 896 1079 voluntatem
929 1036 1092 1079 bonam
1119 1035 1279 1094 eligere
1305 1036 1439 1080 vitam
1468 1036 1656 1080 bonam?
1683 1032 1803 1095 quod

399 1104 580 1164 quidem
600 1122 691 1150 non
714 1107 875 1166 poterit
889 1142 899 1161 ,
925 1107 1007 1150 nisi
1028 1106 1244 1167 adjuverit
1269 1108 1404 1165 gratia
1428 1107 1505 1151 Dei
1534 1123 1612 1167 per
1634 1105 1803 1151 Media-

403 1185 557 1221 torem.
581 1179 676 1221 Hoc
702 1177 735 1222 si
763 1177 1001 1236 neglexerit
1034 1179 1169 1223 homo
1186 1214 1196 1233 ,
1232 1194 1324 1223 non
1351 1187 1526 1222 tantum
1560 1177 1803 1223 secundum

402 1264 579 1292 carnem
596 1284 606 1300 ‚
642 1249 930 1293 verumetiam
961 1249 1202 1294 secundum
1225 1250 1426 1310 spiritum
1458 1251 1537 1294 erit
1560 1249 1702 1295 Adam
1732 1268 1741 1294 :
1770 1249 1805 1294 si

401 1329 548 1364 autem
581 1321 826 1376 curaverit,
862 1321 942 1365 crit
970 1320 1111 1366 Adam
1140 1321 1384 1366 secundum
1409 1337 1585 1366 carnem
1605 1330 1804 1366 tantum-

399 1391 557 1449 modo,
583 1392 827 1436 secundum
842 1393 1042 1452 spiritum
1061 1402 1208 1437 autem
1224 1401 1342 1437 recte
1354 1393 1520 1449 vivens,
1546 1392 1658 1437 illud
1673 1392 1803 1437 etiam

399 1461 522 1524 quod
543 1461 598 1507 de
620 1462 761 1508 Adam
788 1462 1009 1524 culpabile
1031 1470 1221 1508 tractum
1249 1473 1334 1520 est,
1372 1463 1636 1508 mundatum
1659 1480 1682 1508 a
1703 1461 1804 1507 labe

400 1533 569 1594 peccati
616 1535 809 1594 recipere
848 1535 1090 1578 merebitur
1137 1534 1211 1579 illa
1252 1534 1620 1590 commutatione,
1670 1549 1803 1596 quam

400 1605 558 1649 sanctis
575 1604 833 1649 resurrectio
855 1603 1105 1664 pollicetur.

459 1678 601 1720 XXV.
632 1674 717 1720 Sed
739 1684 975 1735 antequam
1000 1691 1078 1735 per
1099 1684 1272 1720 aetatem
1295 1677 1430 1736 possit
1449 1675 1692 1721 secundum
1714 1676 1803 1737 spi«

402 1749 535 1792 ritum
557 1746 719 1801 vivere,
737 1746 1025 1791 necessarium
1042 1746 1178 1791 habet
1194 1747 1448 1793 Mediatoris
1462 1757 1799 1803 sacramentum,

400 1828 452 1862 ut
486 1818 607 1879 quod
633 1833 710 1878 per
732 1819 823 1878 ejus
848 1817 981 1861 fidem
1011 1818 1212 1862 nondum
1241 1827 1386 1878 potest
1402 1854 1412 1874 ,
1447 1834 1525 1878 per
1547 1835 1699 1864 eorum
1726 1820 1803 1880 qui

400 1905 502 1934 eum
525 1888 715 1947 diligunt
749 1890 839 1933 fiat.
878 1891 984 1950 Ejus
1020 1889 1136 1933 enim
1166 1899 1439 1935 sacramento
1468 1889 1650 1935 solvitur
1672 1890 1803 1935 etiam

400 1961 447 2005 in
470 1970 598 2005 aetate
619 1959 808 2004 infantili
841 1960 1060 2019 originalis
1080 1977 1211 2020 poena
1238 1962 1435 2021 peccati,
1460 1978 1483 2006 a
1505 1978 1594 2023 quo
1618 1962 1699 2006 nisi
1721 1961 1803 2006 ad-

394 2032 540 2093 jutus,
567 2031 697 2076 etiam
715 2031 888 2092 juvenis
903 2067 913 2086 ,
945 2031 1164 2075 carnalem
1187 2032 1587 2093 concupiscentiam
1610 2049 1700 2078 non
1722 2033 1804 2078 do-

400 2102 563 2161 mabit,
590 2118 670 2147 nec
690 2118 739 2146 ea
754 2101 984 2163 subjugata
1007 2112 1184 2147 :eternae
1206 2103 1308 2148 vitae
1328 2104 1536 2149 meritum
1558 2105 1803 2164 apprehen-

401 2174 500 2230 det,
528 2175 609 2219 nisi
633 2176 725 2235 ejus
759 2174 891 2220 domo
907 2210 917 2230 ,
944 2191 1076 2236 quem
1098 2176 1336 2235 promereri
1359 2176 1520 2221 studet.
1550 2175 1655 2221 Ideo
1677 2176 1802 2234 vivus

401 2255 575 2306 oportet
607 2247 736 2290 etiam
763 2245 905 2290 infans
930 2246 1191 2306 baptizetur,
1219 2262 1274 2291 ne
1296 2246 1410 2291 obsit
1438 2247 1594 2291 animae
1621 2248 1801 2293 societas

398 2316 539 2362 carnis
564 2317 758 2376 peccati,
795 2333 881 2378 qua
903 2317 1160 2377 participata
1189 2318 1260 2373 fit,
1286 2327 1336 2361 ut
1365 2316 1475 2361 nihil
1501 2317 1635 2378 possit
1656 2318 1800 2362 anima

399 2386 578 2432 infantis
611 2387 853 2432 secundum
879 2388 1076 2448 spiritum
1105 2404 1270 2448 sapere.
1310 2391 1406 2448 Ipsa
1437 2388 1602 2449 quippe
1625 2389 1799 2434 allectio

399 2469 549 2518 gravat
567 2460 696 2504 etiam
719 2476 900 2520 corpore
917 2469 1090 2504 exutam
1108 2496 1118 2516 ,
1141 2460 1222 2504 nisi
1242 2464 1343 2504 cum
1365 2461 1411 2503 in
1426 2476 1608 2521 corpore
1625 2470 1704 2516 est,
1722 2476 1800 2521 per

401 2532 578 2577 unicum
594 2531 852 2576 sacrificium
874 2531 1126 2577 Mediatoris
1146 2532 1235 2577 veri
1257 2531 1489 2577 sacerdotis
1509 2532 1722 2592 expietur.
