1854 3219
336 218 390 244 ΒΕ
420 218 571 247 αΕΝιεει
603 216 658 244 An
691 214 930 255 LlT'rERAM,
966 218 1048 244 Lm.
1086 218 1162 245 ΧΠ.
1368 204 1448 243 567

71 377 776 398 WWUWMWUWWMMMMNIMMMW
781 376 1450 395 mmmmmmmwmwnm

589 495 812 545 CAPUT
848 497 907 544 11.

67 647 356 711 Apostolum
367 649 580 710 potuisse
599 647 781 693 nescire
801 664 868 693 an
894 656 1036 693 extra
1057 662 1230 708 corpus
1247 645 1456 708 paradi-

364 736 470 766 sum
487 717 685 776 viderit,
708 719 752 765 si
764 717 883 764 vidit
905 719 954 764 in
976 718 1150 765 extasi.

129 860 212 902 ΙΙΙ.
237 859 341 903 Cum
363 857 481 902 enim
511 856 581 902 vel
600 857 646 903 in
674 856 858 913 somnis,
881 855 953 901 vel
981 856 1029 900 in
1054 855 1188 900 extasi
1222 870 1456 916 corporum

68 928 372 988 exprimuntur
391 928 601 987 imagines
615 963 626 983 ,
660 944 750 973 non
777 927 1086 972 discernuntur
1108 926 1289 971 omnino
1311 943 1335 971 a
1356 941 1456 971 cor-

67 998 269 1059 poribus,
300 998 382 1042 nisi
409 1013 510 1043 cum
541 999 673 1042 homo
702 997 898 1042 redditus
920 997 1116 1041 Sen81bu8
1140 996 1332 1057 corporis
1348 1031 1360 1052 ,
1385 1010 1457 1040 re-

67 1068 291 1128 cognoscit
305 1069 406 1113 sein
420 1068 505 1113 illis
517 1068 650 1113 fuisse
665 1068 943 1128 imaginibus,
958 1083 1065 1128 quas
1082 1082 1173 1111 non
1188 1082 1266 1127 per
1283 1081 1459 1111 sensum

66 1139 260 1200 corporis
281 1140 525 1184 hauriebat.
553 1139 658 1193 Quis
679 1139 811 1194 enim,
832 1155 934 1184 cum
956 1154 979 1182 a
999 1153 1153 1183 somno
1173 1130 1456 1197 evigilaverit,

66 1226 157 1255 non
193 1211 404 1255 continuo
436 1210 593 1255 sentiat
631 1210 882 1269 imaginaria
920 1208 1052 1254 fuisse
1074 1245 1085 1265 ,
1120 1225 1220 1271 quae
1252 1208 1456 1264 videbat,

65 1281 264 1342 quamvis
292 1296 394 1325 cum
417 1295 467 1325 ea
494 1279 661 1325 videret
686 1280 930 1335 dormiens,
957 1296 980 1325 a
1000 1279 1277 1340 vigilantium
1300 1294 1458 1339 corpo-

65 1350 229 1396 ralibus
249 1351 347 1396 visis
367 1349 612 1395 discernere
634 1366 724 1396 non
743 1350 945 1396 valebat?
968 1354 1230 1412 Quanquam
1253 1350 1361 1394 mihi
1384 1365 1459 1395 ac·-

64 1421 218 1468 cidisse
250 1422 360 1477 scio,
393 1431 436 1466 et
462 1422 519 1467 ob
546 1423 630 1467 hoc
659 1422 789 1466 etiam
822 1422 914 1467 aliis
946 1422 1140 1467 accidere
1167 1422 1359 1483 potuisse
1387 1421 1459 1467 vel

63 1508 190 1554 posse
216 1508 307 1538 non
339 1493 520 1549 dubito,
556 1503 607 1537 ut
637 1493 684 1537 in
711 1493 871 1537 somnis
895 1492 1074 1549 videns,
1109 1493 1157 1537 in
1189 1493 1349 1538 somnis
1386 1507 1458 1536 me

63 1563 211 1610 videre
240 1563 444 1608 sentirem
460 1599 472 1618 ,
508 1563 692 1624 illasque
713 1564 920 1622 imagines
937 1600 947 1620 ,
979 1581 1080 1625 quae
1104 1566 1242 1625 ipsam
1265 1573 1458 1610 nostram

63 1635 392 1680 consensionem
432 1632 658 1678 ludificare
700 1645 1022 1680 consueverunt
1037 1671 1048 1691 ‚
1093 1652 1184 1680 non
1226 1651 1315 1681 esse
1357 1651 1459 1679 vera

63 1721 268 1765 corpora,
294 1704 370 1749 sed
398 1705 444 1748 in
466 1705 627 1749 somnis
651 1720 719 1749 eas
741 1706 992 1764 praesentari
1024 1707 1267 1751 firmissime
1286 1743 1296 1762 ,
1327 1707 1458 1751 etiam

63 1776 310 1831 dormiens,
337 1785 530 1820 tenerem
554 1784 686 1836 atque
719 1776 938 1820 sentirem.
971 1779 1064 1821 Hoc
1092 1787 1240 1821 tamen
1272 1777 1458 1822 fallebar

63 1847 323 1909 aliquando,
344 1846 465 1907 quod
482 1846 620 1891 amico
641 1861 754 1902 meo,
770 1861 903 1907 quem
926 1846 1120 1892 similiter
1143 1848 1188 1891 in
1210 1849 1372 1893 somnis
1391 1850 1459 1894 vi-

63 1917 248 1973 debam,
278 1917 468 1978 idipsum
500 1917 760 1977 persuadere
787 1917 994 1972 conabar,
1027 1934 1118 1962 non
1138 1934 1227 1963 esse
1256 1918 1330 1963 illa
1359 1935 1459 1964 cor-

60 2003 189 2049 pora,
221 2004 321 2048 quae
348 1987 628 2042 videbamus,
655 1986 731 2031 sed
759 2003 848 2031 esse
875 1988 1083 2045 imagines
1112 1989 1424 2034 somniantium
1441 2026 1453 2046 ‚

63 2075 165 2104 cum
189 2068 232 2103 et
254 2059 346 2118 ipse
367 2058 519 2119 utique
538 2058 652 2102 inter
673 2056 747 2102 illa
767 2058 826 2102 sic
849 2058 956 2102 mihi
980 2069 1207 2118 appareret
1230 2060 1455 2120 quomodo

62 2129 136 2174 illa
157 2149 165 2174 :
191 2129 263 2173 cui
284 2138 328 2173 et
348 2129 433 2173 hoc
452 2128 672 2184 dicebam,
698 2145 841 2190 neque
868 2129 914 2173 id
937 2145 1089 2173 verum
1119 2146 1208 2174 esse
1231 2131 1352 2193 quod
1374 2148 1455 2191 pa-

61 2201 166 2245 riter
178 2198 473 2260 loqueremur,
489 2198 566 2244 sed
576 2200 705 2245 etiam
718 2200 859 2265 ipsum
874 2210 979 2246 tunc
991 2200 1112 2245 aliud
1126 2201 1294 2264 aliquid
1309 2202 1457 2252 videre

62 2270 367 2326 dormientem,
388 2279 431 2315 et
445 2280 593 2320 utrum
611 2271 691 2315 ista
708 2286 787 2330 ego
802 2271 994 2316 viderem
1011 2273 1190 2318 omnino
1207 2290 1299 2319 non
1315 2274 1422 2318 scire
1439 2292 1448 2316 ε

61 2357 214 2387 verum
235 2357 336 2385 cum
358 2340 499 2393 eidem
522 2342 601 2401 ipsi
614 2341 872 2401 persuadere
892 2342 1102 2388 moliebar
1113 2346 1235 2406 quod
1253 2345 1344 2408 ipse
1361 2361 1452 2394 non

62 2421 194 2467 esset,
227 2410 479 2456 adducebar
501 2427 552 2456 ex
573 2422 695 2473 parte
724 2413 853 2457 etiam
881 2413 1024 2474 ipsum
1056 2423 1211 2474 putare
1233 2431 1344 2471 esse,
1380 2417 1454 2460 cui

61 2481 260 2543 profecto
281 2498 370 2527 non
401 2482 619 2544 loquerer,
651 2483 686 2527 si
713 2483 833 2528 omni
865 2483 996 2529 modo
1023 2485 1083 2530 sie
1111 2486 1306 2530 afficerer
1332 2485 1454 2547 quod

62 2553 154 2613 ipsc
175 2568 266 2597 non
287 2562 409 2598 esset.
433 2556 497 2599 Ita
520 2570 609 2599 non
630 2563 828 2614 poterat,
854 2555 1051 2615 quamvis
1073 2555 1329 2600 mirabiliter
1349 2556 1454 2615 vigi-
