1854 3219
383 160 464 199 562
805 169 837 197 S.
876 171 1105 200 Aucus'nixi
1140 174 1320 200 eviscovi

435 241 573 284 LVII.
601 238 753 282 Visum
784 246 847 282 est
878 248 920 282 et
943 239 1209 300 quibusdam
1240 238 1349 283 duos
1382 238 1477 283 illos
1499 239 1660 298 primos
1688 240 1771 284 ho-

371 309 508 354 mines
528 309 701 369 nuptias
724 325 821 353 suas
836 309 967 354 fuisse
982 309 1169 366 furatos,
1191 320 1234 355 et
1257 320 1356 354 ante
1373 311 1529 355 mixtos
1551 326 1641 355 esse
1659 327 1767 356 con-

367 381 543 436 cubitu,
580 396 713 441 quam
745 395 818 425 eos
840 381 916 442 qui
949 391 1170 427 creaverat
1199 380 1445 442 copulasset
1472 401 1480 426 :
1512 397 1646 442 quam
1675 397 1768 426 rem

366 451 544 495 nomine
576 450 685 510 ligni
715 451 846 496 fuisse
879 451 1190 511 significatam,
1228 452 1345 497 unde
1375 452 1586 513 prohibiti
1611 462 1764 509 erant,

363 520 504 567 donec
522 531 773 582 opportuno
803 531 1000 582 tempore
1018 526 1326 585 jungerentur.
1363 524 1496 577 Quasi
1518 524 1564 567 in
1590 539 1694 569 vero
1720 524 1767 568 in

364 609 414 638 ea
436 603 563 638 aetate
587 593 653 639 fac
662 594 692 638 ti
715 609 805 639 esse
823 594 1032 640 credendi
1049 596 1135 640 sint
1152 632 1162 651 ,
1182 606 1233 640 ut
1255 596 1527 656 expectanda
1541 605 1651 640 esset
1670 611 1767 641 ma-

366 667 520 710 turitas
543 666 817 726 pubertatisg
855 676 1042 713 autnon
1074 667 1188 712 illud
1219 678 1325 713 tune
1345 667 1587 727 legitimum
1625 658 1763 724 esse't‚

366 753 468 782 cum
490 738 681 797 primum
714 738 807 782 fieri
836 739 1070 798 potuisset,
1106 755 1207 783 cum
1235 749 1381 783 autem
1410 755 1500 784 non
1524 739 1760 800 potuisset,

366 824 456 855 non
474 810 628 870 utique
650 810 775 854 fieret
800 830 808 855 ε
835 810 917 855 nisi
940 810 1052 856 forte
1069 827 1225 871 sponsa
1242 821 1334 856 erat
1352 828 1378 856 a
1393 821 1514 872 patre
1532 811 1762 867 tradenda,

364 889 409 924 et
432 880 699 941 expectanda
722 891 813 926 erat
838 891 1043 926 votorum
1071 881 1342 939 solemnitas,
1364 892 1407 927 et
1439 883 1626 927 convivii
1648 881 1763 927 cele-

365 952 522 1009 britas,
549 963 591 997 et
613 952 727 998 dotis
751 954 981 999 aestimatio
999 990 1009 1010 ‚
1039 964 1081 999 et
1104 956 1364 1015 conscriptio
1395 954 1660 1000 tabularum.
1688 954 1765 998 Ri-

365 1022 565 1069 diculum
582 1025 701 1070 istud
722 1035 785 1070 est
803 1048 814 1084 3
830 1036 991 1087 praeter
1003 1026 1124 1088 quod
1137 1043 1160 1072 a
1179 1043 1324 1073 rerum
1340 1036 1557 1086 gestarum
1572 1027 1765 1087 proprie-

367 1105 455 1141 tate
476 1097 682 1153 discedit7
709 1114 843 1159 quam
866 1099 1132 1159 suscepimus
1155 1099 1426 1145 asserendam
1444 1135 1454 1155 ,
1481 1108 1526 1144 et
1546 1107 1763 1160 quantum

367 1171 483 1213 Deus
501 1169 666 1214 donare
686 1170 829 1215 voluit
851 1170 1129 1216 asseruimus.

366 1301 1761 1332 ΜΜΜΜΜΜΜΜΜΜΜΜΜΝΝΜΜΜΜΜΜΜὫἋΜΜΜἏ

848 1438 1069 1488 CAPUT
1111 1440 1274 1488 XLII.

364 1584 450 1630 An
479 1581 650 1628 Adam
666 1581 924 1627 crediderit
940 1583 1173 1644 serpenti,
1190 1597 1344 1642 quave
1361 1583 1549 1628 ratione
1567 1580 1639 1627 ad
1647 1597 1762 1642 pec-

452 1652 665 1699 candum
678 1652 898 1699 inductas
914 1654 990 1698 sit.
1009 1679 1068 1690 --
1079 1652 1352 1700 Salomonis
1375 1651 1668 1698 idololatria.

423 1804 585 1847 LVIII.
609 1805 744 1847 ILLUD
761 1802 898 1862 magis
918 1811 1087 1858 movet,
1106 1802 1139 1846 si
1154 1802 1244 1863 jam
1267 1801 1469 1862 spiritalis
1487 1811 1579 1846 erat
1600 1800 1756 1858 Adam5

365 1873 566 1936 quamvis
588 1882 757 1928 mente,
783 1889 874 1917 non
898 1889 1101 1933 corpore,
1123 1871 1347 1934 quomodo
1369 1872 1546 1917 credere
1567 1872 1761 1932 potuerit

362 1944 485 2007 quod
508 1961 585 2006 per
607 1955 852 2005 serpentem
876 1945 1044 1990 dictum
1075 1954 1160 2001 est,
1196 1944 1294 1989 ideo
1322 1948 1463 1990 Deum
1485 1944 1759 2005 prohibuisse

359 2033 415 2062 ne
439 2015 588 2062 fructu
606 2016 714 2075 ligni
731 2015 846 2060 illius
868 2025 1148 2061 vescerentur
1164 2052 1175 2072 ,
1205 2016 1307 2077 quia
1325 2015 1489 2060 sciebat
1510 2031 1604 2070 eos,
1636 2015 1670 2059 si
1694 2014 1759 2059 fe-

360 2088 540 2144 cissent,
578 2087 748 2133 iuturos
772 2096 823 2132 ut
851 2087 954 2132 deos
990 2097 1168 2147 propter
1192 2086 1541 2146 dignoscentiam
1574 2085 1681 2130 boni
1715 2094 1758 2130 et

360 2159 465 2204 mali
479 2196 490 2216 ,
516 2169 728 2221 tanquam
748 2160 832 2204 hoc
848 2167 1022 2203 tantum
1044 2159 1213 2203 bonum
1234 2166 1446 2202 creaturae
1466 2172 1555 2201 suae
1575 2159 1757 2201 Creator

360 2229 565 2276 inviderit
592 2251 600 2276 :
625 2232 710 2276 hoc
743 2230 904 2275 mirum
933 2230 967 2275 si
1001 2230 1135 2275 homo
1157 2228 1339 2290 spiritali
1370 2237 1517 2272 mente
1546 2226 1757 2288 praeditus

357 2303 534 2349 credere
556 2303 782 2363 potuisset.
816 2305 884 2347 An
911 2302 1012 2362 quia
1037 2302 1120 2346 hoc
1148 2299 1324 2346 credere
1346 2299 1437 2360 ipse
1470 2315 1559 2343 non
1580 2308 1726 2359 posset
1741 2334 1752 2351 ‚

355 2383 587 2435 propterea
614 2372 769 2418 mulier
787 2372 933 2417 addita
956 2382 1019 2416 est
1033 2408 1043 2427 ,
1069 2389 1169 2434 quae
1200 2372 1321 2433 parvi
1342 2370 1590 2416 intellectus
1613 2379 1723 2414 esset
1738 2405 1750 2425 ,

357 2456 401 2491 et
418 2447 561 2492 adhuc
584 2445 763 2491 fortasse
777 2443 1019 2491 secundum
1036 2459 1209 2489 sensum
1222 2443 1378 2499 carnis,
1400 2458 1491 2488 non
1507 2442 1751 2487 secundum

357 2517 558 2578 spiritum
575 2517 728 2561 mentis
745 2516 925 2571 viveret,
951 2523 994 2559 et
1015 2516 1099 2560 hoc
1121 2525 1185 2560 est
1202 2513 1323 2575 quod
1344 2514 1383 2559 ei
1406 2513 1639 2574 Apostolus
1661 2527 1751 2558 non
