1854 3219
335 208 388 236 m:
419 209 569 237 GENEs1
601 206 656 235 AD
688 208 927 248 LITTERAM,
948 211 1030 238 Lm.
1067 210 1127 236 lx.
1342 196 1420 235 461

48 273 270 333 imponere
281 307 292 329 ,
312 274 420 334 quid
433 274 519 318 tuit
538 289 678 318 causae
692 309 703 329 ,
729 275 809 319 uisi
826 276 933 320 ratio
948 273 1114 336 aliquid
1130 273 1422 331 significandi,

47 344 168 405 quod
184 343 238 389 ad
254 345 665 405 praenuntiationem
682 345 935 391 futurorum
951 346 1139 392 valeret?
1153 346 1235 391 Cui
1252 345 1313 389 rei
1334 360 1427 389 ma-

46 415 158 459 xime
175 414 282 460 ordo
296 415 551 460 narrationis
574 416 702 475 hujus
723 416 935 476 invigilat.

104 487 226 529 XXI.
270 484 437 530 Deinde
468 485 686 546 numquid
712 486 942 545 ignorabat
980 490 1094 531 Deus
1124 485 1233 530 nihil
1266 484 1351 529 tale
1383 501 1427 530 se

6 596 11 601 ,
45 570 209 600 creasse
240 555 287 600 in
323 556 488 600 naturis
517 556 792 612 animalium,
830 556 950 617 quod
988 556 1126 600 simile
1163 554 1427 615 adjutorium

45 634 189 686 posset
209 640 299 670 esse
321 626 512 671 homini?
534 629 603 670 An
620 641 729 685 opus
757 635 848 670 erat
870 635 919 671 ut
935 627 1018 671 1100
1034 625 1164 669 etiam
1184 625 1274 684 ipse
1296 625 1428 668 homo

44 704 338 755 cognosceret,
350 705 393 740 et
407 711 458 741 eo
473 695 887 741 commendatiorem
900 696 1081 740 haberet
1093 710 1271 740 uxorem
1286 709 1407 738 suam
1419 728 1430 748 ,

44 765 166 827 quod
183 765 229 810 in
251 766 371 811 omni
392 782 520 811 carne
537 775 679 811 creata
700 766 782 811 sub
804 766 941 821 coelo,
966 775 1009 810 et
1024 765 1078 810 de
1099 766 1183 810 hoc
1205 768 1302 809 ae‘re
1318 764 1431 809 sicut

44 837 134 897 ipse
155 837 349 894 vivente,
388 837 499 882 nihil
526 838 619 898 ejus
646 837 784 882 simile
811 837 1056 882 invenerit?
1087 836 1249 881 Mirum
1278 835 1312 879 si
1346 835 1429 879 hoc

44 907 150 952 scire
179 923 269 953 non
286 916 456 967 posset,
481 907 562 952 nisi
586 907 788 952 omnibus
810 907 866 952 ad
884 923 928 952 se
948 906 1148 951 adductis
1174 915 1303 965 atque
1332 921 1430 964 per-

43 979 215 1038 spectis.
251 979 295 1024 Si
322 978 438 1023 enim
469 981 560 1023 Deo
588 978 794 1023 credebat
812 1013 823 1034 ,
848 986 992 1038 posset
1023 977 1107 1021 hoc
1134 975 1196 1019 illi
1220 991 1271 1020 eo
1299 974 1431 1019 modo

43 1048 208 1106 dicere,
233 1049 457 1110 quomodo
483 1058 526 1093 et
547 1058 816 1109 praeceptum
845 1047 986 1103 dedit,
1014 1045 1237 1107 quomodo
1261 1055 1303 1090 et
1329 1061 1432 1104 pec-

43 1129 214 1165 cantem
245 1118 547 1179 interrogavit,
573 1128 704 1180 atque
727 1118 954 1179 judicavit.
986 1118 1028 1163 Si
1048 1126 1195 1162 autem
1217 1133 1307 1161 non
1335 1131 1431 1160 ere-

43 1190 201 1247 debat,
229 1189 427 1250 profecto
449 1205 592 1249 neque
623 1190 707 1234 hoc
735 1189 840 1233 scire
866 1198 1062 1248 poterat,
1083 1197 1233 1232 utrum
1256 1187 1311 1231 ad
1332 1202 1433 1230 eum

44 1261 188 1307 omnia
210 1260 283 1305 illc
297 1296 308 1316 ,
335 1261 406 1305 cui
427 1275 518 1304 non
540 1259 770 1315 credebat,
797 1258 1047 1314 adduxerit,
1073 1275 1128 1303 311
1153 1258 1267 1302 forte
1288 1258 1334 1300 in
1355 1256 1434 1300 ali-

43 1332 205 1392 quibus
219 1330 364 1376 abillo
377 1330 682 1375 remotioribus
695 1339 820 1374 terrae
834 1329 1029 1389 partibus
1045 1328 1190 1389 aliqua
1207 1328 1244 1371 ei
1258 1327 1430 1381 similia,

0 1435 6 1451 2.
27 1416 144 1463 'quae
165 1417 255 1446 non
273 1400 622 1456 demonstrasset,
646 1400 936 1444 absconderit.
959 1402 1057 1444 Non
1078 1399 1226 1458 itaque
1249 1398 1434 1441 arbitror

0 1475 7 1529 t}
44 1471 340 1517 dubitandum
361 1472 444 1515 1100
466 1469 648 1530 alicujus
669 1470 935 1529 propheticae
957 1468 1279 1527 significationis
1297 1467 1434 1526 gratia

0 1536 7 1582 :³
44 1541 208 1589 factum
223 1577 234 1598 ,
259 1541 335 1587 sed
355 1551 503 1586 tamen
519 1539 700 1585 factum.

103 1615 249 1657 XXII.
277 1615 428 1673 Neque
461 1612 544 1655 1100
573 1626 703 1670 opere
732 1609 998 1669 suscepimus
1028 1609 1283 1669 prophetica
1304 1608 1436 1667 aenig-

45 1692 160 1729 mata
188 1682 475 1743 perscrutari,
500 1680 576 1725 sed
604 1696 749 1724 rerum
768 1689 986 1738 gestarum
1008 1679 1140 1723 fidem
1162 1678 1218 1723 ad
1240 1679 1437 1738 proprie-

48 1763 182 1799 tatem
208 1753 399 1798 historiae
429 1750 758 1805 commendare,
784 1759 835 1794 ut
862 1749 983 1810 quod
1012 1748 1277 1808 impossibile
1299 1748 1437 1792 videri

47 1826 167 1871 vanis
197 1813 327 1885 atque
348 1822 582 1868 incredulis
602 1830 772 1881 potest,
800 1829 874 1865 aut
904 1820 986 1880 ipsi
1007 1820 1254 1864 auctoritati
1276 1828 1437 1863 sanctae

50 1896 285 1955 Scripturae
306 1893 427 1939 velut
449 1892 750 1937 testificatione
764 1890 978 1935 contraria
998 1904 1239 1949 repugnare
1255 1924 1265 1944 ,
1291 1888 1337 1932 id
1358 1904 1437 1948 pro

49 1965 154 2010 meis
173 1965 360 2023 Viribus,
379 1972 595 2025 quantum
613 1965 728 2007 Deus
751 1961 948 2022 adjuvat,
977 1959 1227 2004 disserendo
1250 1959 1436 2003 demon-

49 2045 181 2081 strem
196 2070 208 2092 ,
233 2050 377 2096 neque
398 2031 663 2094 impossibile
687 2047 777 2076 esse
793 2066 804 2087 ,
828 2046 972 2090 neque
996 2030 1262 2074 contrarium
1281 2050 1292 2087 3
1317 2027 1438 2089 quod

51 2115 192 2151 autem
218 2103 421 2166 possibile
442 2103 620 2164 quidem
634 2109 828 2162 apparet,
847 2116 927 2145 nec
944 2100 1077 2144 habet
1099 2099 1234 2144 ullam
1251 2100 1437 2159 speciem

0 2203 3 2216 2
52 2175 377 2237 repugnantiae,
419 2173 497 2218 sed
527 2183 675 2218 tamen
706 2171 829 2232 quasi
867 2170 1170 2230 superfluum,
1208 2169 1277 2215 vel
1309 2170 1439 2214 etiam

52 2247 235 2293 stultum
254 2243 518 2307 quibusdam
539 2242 678 2289 videri
698 2251 862 2302 potest,
887 2242 971 2286 1100
1005 2242 1145 2301 ipsum
1174 2240 1438 2301 disputando

10 2335 14 2384 3
54 2319 374 2374 demonstrem,
409 2314 530 2377 quod
557 2314 656 2359 ideo
683 2330 773 2359 non
807 2323 1017 2374 tanquam
1044 2328 1189 2357 rerum
1223 2322 1438 2371 gestarum

11 2388 15 2450 ζ
54 2389 241 2435 naturali
260 2389 332 2434 vel
347 2388 505 2433 usitato
528 2386 679 2432 ordine
700 2385 866 2430 factum
885 2394 972 2440 est,
993 2393 1043 2428 ut
1060 2385 1264 2429 cordibus
1284 2383 1439 2428 nostris

56 2461 303 2506 fidelissima
329 2469 575 2505 sanctarum
603 2457 922 2518 Scripturarum
949 2457 1207 2501 auctoritate
1235 2455 1434 2516 praelata,

57 2533 157 2593 quia
186 2530 369 2578 stultum
404 2547 492 2577 esse
525 2546 613 2576 non
646 2538 810 2589 potest,
842 2529 1073 2587 mysticum
1102 2544 1192 2573 esse
1217 2526 1433 2579 credatur,
