1854 3219
361 211 416 251 26
787 223 820 249 s.
858 220 1087 251 mensum
1120 223 1302 251 EPISCOPI

360 303 441 333 usu
454 287 529 332 illo
543 288 624 331 nisi
636 301 881 346 congruum
894 288 1077 347 tempori
1089 287 1381 347 propagandae
1391 285 1524 347 prolis
1535 283 1746 331 officium:

360 432 504 485 ciunt,
529 429 654 475 nullo
676 429 806 474 modo
823 430 868 473 in
890 429 1038 474 multis
1061 430 1154 474 ficri
1175 445 1297 490 posse
1320 429 1602 475 arbitrantur.

419 503 584 546 XXIX.
615 502 699 546 Sed
720 501 788 545 isti
817 511 998 561 possunt
1031 502 1175 546 dicere
1193 537 1203 557 ,
1239 516 1318 546 nec
1345 501 1549 546 honorari
1571 499 1752 562 quidem

362 582 492 633 atquc
515 570 684 616 laudari
706 581 906 631 oportere
935 573 1048 617 viros
1079 572 1216 617 bonos
1249 580 1292 616 et
1320 581 1512 627 sanctos,
1538 571 1639 632 quia
1671 571 1753 631 ipsi

361 658 460 687 cum
485 644 757 687 honorantur
780 651 910 702 atque
932 641 1184 698 laudantur,
1202 643 1503 687 intumescunt
1519 641 1722 701 superbia
1741 659 1749 686 ε

361 723 483 758 tanto
502 713 713 757 avidiores
735 713 996 757 inanissimae
1015 713 1160 771 gloriae
1175 749 1185 768 ‚
1205 722 1373 773 quanto
1393 728 1465 758 eos
1480 713 1754 773 frequentius

362 794 493 844 atque
525 783 653 828 latius
689 782 839 842 lingua
862 782 1063 828 blandior
1096 783 1399 842 ventilaverit3
1434 799 1521 844 qua
1549 784 1609 828 ita
1641 783 1756 828 leves

362 858 496 909 fiunt,
522 864 573 899 ut
594 870 665 899 eos
688 855 870 899 rumoris
893 870 996 899 aura
1014 889 1024 907 ,
1050 854 1138 899 sive
1167 871 1266 916 quae
1288 870 1516 915 prospera,
1548 855 1636 899 sive
1657 869 1757 915 quae

363 926 540 972 adversa
563 926 853 982 existimatur,
879 927 924 970 in
952 926 1170 987 quaslibet
1194 927 1371 971 invehat
1392 926 1619 986 voragines
1638 925 1758 984 flagi-

363 999 547 1053 tiorum⁷
587 1007 663 1042 aut
695 998 740 1041 in
776 997 1021 1042 facinorum
1055 998 1184 1042 etiam
1214 1013 1314 1042 saxa
1343 996 1537 1042 collidat.
1569 997 1759 1041 Videant

362 1083 466 1128 ergo
488 1085 620 1130 quam
649 1068 730 1113 sibi
763 1070 950 1113 arduum
981 1069 1056 1124 sit,
1097 1077 1228 1129 atque
1262 1068 1466 1124 difficile,
1502 1083 1583 1113 nec
1617 1067 1758 1113 laudis

363 1156 458 1185 esca
488 1139 612 1195 illici,
638 1156 718 1184 nec
751 1139 1116 1185 contumeliarum
1140 1139 1299 1184 aculeis
1327 1140 1568 1200 penetrari3
1603 1148 1647 1183 et
1667 1154 1758 1184 non

364 1227 414 1256 ex
444 1227 487 1256 se
510 1211 614 1256 alios
650 1211 900 1256 metiantur.
938 1210 1131 1257 Credant
1158 1211 1302 1271 potius
1335 1210 1566 1271 Apostolos
1589 1220 1758 1255 nostros

364 1297 445 1326 nec
468 1298 569 1327 cum
593 1282 913 1341 suspicerentur
928 1317 939 1336 7
965 1282 1020 1326 ab
1037 1281 1288 1326 hominibus
1305 1281 1478 1325 inflatos
1496 1280 1652 1338 fuisse;
1678 1296 1758 1326 nec

364 1367 465 1397 cum
484 1351 811 1412 despicerentur
826 1387 837 1406 ,
863 1352 1003 1396 elisos.
1028 1354 1192 1397 Neutra
1214 1352 1376 1412 quippe
1402 1352 1584 1395 tentatio
1618 1350 1759 1396 defuit

364 1421 447 1466 illis
468 1422 584 1466 viris.
611 1425 721 1467 Nam
745 1431 787 1465 et
810 1421 1082 1465 credentium
1105 1421 1440 1466 celebrabantur
1456 1422 1698 1481 praeconio‚
1715 1431 1758 1467 ct

363 1494 718 1554 persequentium
730 1492 969 1537 maledictis
983 1492 1324 1538 infamabantur.
1347 1493 1466 1538 Sicut
1481 1509 1583 1552 ergo
1593 1494 1663 1538 isti
1676 1509 1758 1554 pro

364 1575 560 1625 tempore
578 1566 816 1609 utebantur
836 1565 903 1608 his
921 1564 1125 1609 omnibus
1139 1600 1149 1619 ‚
1176 1574 1219 1608 ct
1239 1581 1328 1609 non
1342 1565 1755 1625 corrumpebantur:

363 1636 422 1680 sic
446 1635 509 1679 illi
528 1645 715 1691 veteres,
748 1650 874 1679 usum
897 1633 1178 1679 foeminarum
1207 1635 1262 1679 ad
1283 1634 1347 1678 sui
1374 1635 1578 1696 temporis
1596 1651 1756 1681 conve-

363 1707 572 1750 nientiam
594 1704 851 1761 referentes,
877 1722 966 1750 non
988 1706 1267 1766 patiebantur
1295 1721 1391 1750 eam
1412 1706 1756 1753 dominationem

362 1775 555 1821 libidinis
571 1812 582 1832 ,
609 1777 679 1821 cui
697 1776 889 1822 serviunt
909 1777 985 1838 qui
1008 1777 1086 1822 ista
1104 1793 1194 1822 non
1215 1777 1416 1823 credunt.

362 1921 715 1939 mmvmmm
719 1922 1353 1941 mvwkumwimsswwwmxmms
1357 1924 1569 1943 SWQMWW
1575 1925 1754 1944 WW‘VWWW

865 2056 1082 2107 CAPUT
1129 2058 1269 2106 XXI.

364 2200 532 2248 Davzcl
561 2217 843 2263 quanquam
877 2204 926 2248 z’n
954 2201 1244 2249 adulterium
1278 2203 1468 2265 lapsus,
1503 2205 1642 2269 longe
1644 2208 1756 2271 fuit

630 2289 660 2317 a
686 2271 1045 2319 libidinosorum
1069 2276 1454 2334 intemperantia.

424 2410 564 2454 XXX.
586 2412 651 2454 ΕΤ
663 2409 761 2454 idco
774 2411 842 2455 isti
850 2425 938 2455 sese
948 2411 1070 2456 nullo
1079 2411 1210 2457 modo
1220 2411 1476 2458 cohiberent
1487 2414 1540 2458 ab
1555 2414 1753 2475 inexpia-

367 2480 443 2523 bili
457 2480 557 2525 odio
568 2480 774 2535 filiorum,
793 2497 816 2525 a
835 2481 997 2541 quibus
1014 2481 1083 2527 vel
1096 2498 1266 2539 uxores,
1282 2483 1351 2528 vel
1373 2485 1642 2530 concubinas
1656 2502 1754 2532 suas

366 2559 617 2596 attentatas.
653 2562 725 2595 aut
752 2561 996 2597 attrectatas
1020 2569 1109 2597 csse
1132 2566 1468 2610 cognoscerent,
1495 2557 1526 2598 si
1560 2557 1618 2601 eis
1642 2556 1752 2602 forte
