1854 3219
390 129 474 167 606
831 142 865 167 εὴ
900 139 1130 168 Aueuscrlm
1166 140 1345 169 EHSCOPI

390 301 744 318 wwsmmmm
748 301 1775 323 mm·m1mmmmmmmmmmumm

854 425 1072 476 CAPUT
1124 428 1280 477 XXV.

506 570 679 618 Solam
713 570 1080 617 intellectualem
1097 572 1328 617 visionem
1347 586 1444 616 non
1451 569 1658 633 fallere.

449 711 545 752 LII.
573 711 813 754 ILLUnrrUR
841 719 988 755 autem
1026 710 1169 754 anima
1205 707 1565 753 similitudinibus
1606 723 1778 764 rerum,

388 795 477 824 non
502 796 648 825 earum
667 782 773 827 vitio
790 818 800 838 ,
837 782 912 826 sed
946 782 1162 842 opinionis
1185 797 1272 825 suae
1290 817 1300 837 ,
1327 796 1427 825 cum
1445 780 1659 840 approbat
1682 795 1782 840 quae

388 851 543 896 similia
578 862 680 896 sunt
700 869 780 912 pro
812 853 862 897 iis
885 854 1045 914 quibus
1078 852 1233 896 similia
1255 861 1380 907 sunt,
1417 852 1472 895 ab
1496 850 1782 909 intelligentia

389 917 611 968 deficiens.
639 924 824 969 Fallitur
846 942 946 983 ergo
978 926 1023 969 in
1044 925 1207 969 visione
1234 923 1471 984 corporali7
1497 938 1598 967 cum
1618 922 1664 966 in
1682 921 1783 982 ipsis

389 995 645 1055 corporibus
673 997 766 1040 fieri
788 1006 915 1057 putat
930 1033 940 1052 ,
966 996 1087 1057 quod
1114 998 1164 1040 fit
1184 996 1230 1040 in
1252 996 1443 1056 corporis
1466 994 1662 1040 sensibus
1693 1013 1702 1039 ε
1727 993 1784 1037 si-

389 1075 464 1110 cut
487 1068 791 1126 navigantibus
813 1067 1020 1112 videntur
1046 1068 1090 1111 in
1113 1077 1226 1111 terra
1259 1067 1425 1113 moveri
1447 1082 1546 1127 quae
1576 1073 1715 1119 stant,
1740 1072 1783 1108 et

389 1137 663 1182 intuentibus
681 1138 845 1182 coelum
867 1148 980 1183 stare
1003 1137 1141 1183 sidera
1165 1154 1265 1198 quae
1278 1147 1513 1183 moventur
1527 1172 1538 1192 ‚
1559 1145 1603 1180 et
1624 1134 1784 1179 divari-

387 1208 492 1252 catis
526 1208 658 1253 radiis
685 1209 915 1253 oculorum
937 1209 1045 1253 duas
1066 1209 1257 1254 lucernae
1290 1209 1452 1269 species
1486 1222 1715 1268 apparere,
1741 1214 1785 1251 et

387 1279 432 1323 in
447 1296 559 1341 aqua
569 1296 712 1325 remus
724 1281 951 1337 infractus,
964 1291 1007 1325 et
1019 1281 1157 1325 multa
1170 1280 1421 1341 hujusmodi
1438 1300 1446 1325 z
1462 1289 1537 1324 aut
1549 1294 1648 1324 cum
1659 1286 1785 1338 putat

388 1352 551 1413 aliquid
574 1353 658 1396 hoc
682 1368 793 1408 esse,
832 1354 953 1413 quod
976 1353 1171 1398 similiter
1194 1353 1438 1398 coloratum
1460 1361 1544 1407 est,
1569 1351 1639 1396 vel
1661 1349 1783 1394 simi-

385 1421 485 1466 liter
509 1433 654 1479 sonat,
671 1424 741 1468 vel
764 1423 873 1479 olet,
898 1423 969 1469 vel
989 1424 1115 1483 sapit,
1135 1423 1206 1469 vel
1230 1423 1423 1482 tangitur
1445 1442 1454 1466 :
1479 1423 1583 1466 hinc
1602 1421 1719 1464 enim
1741 1429 1786 1465 et

385 1494 758 1539 medicamentum
782 1494 963 1554 aliquod
986 1503 1179 1538 ceratum
1208 1503 1384 1538 coctum
1406 1493 1451 1536 in
1474 1492 1637 1537 cacabo
1658 1500 1784 1551 puta-

387 1573 460 1609 tur
495 1564 726 1624 legumen,
763 1574 806 1608 et
827 1564 994 1608 sonitus
1028 1565 1289 1608 transeuntis
1308 1562 1498 1608 vehiculi
1530 1571 1712 1623 putatur
1732 1577 1784 1606 ex

386 1637 583 1681 tonitruo
599 1672 609 1691 ‚
649 1645 693 1680 et
723 1636 756 1679 si
777 1635 907 1679 nullis
951 1635 1045 1679 aliis
1067 1635 1264 1679 sensibus
1283 1633 1535 1694 exploretur
1550 1669 1562 1689 ‚
1598 1633 1675 1678 sed
1704 1631 1784 1677 soli

387 1707 581 1767 adjaceat
602 1705 810 1761 olfactui⁷
851 1706 1026 1750 citrium
1056 1714 1236 1765 putatur
1269 1705 1433 1761 herba,
1468 1720 1569 1766 quae
1601 1713 1784 1750 vocatur

387 1779 570 1839 apiaria,
604 1788 647 1822 et
678 1778 802 1822 cibus
823 1777 970 1838 aliquo
993 1776 1216 1822 dulciculo
1248 1792 1378 1822 succo
1400 1776 1582 1821 affectus
1603 1785 1784 1836 putatur

386 1850 517 1894 melle
529 1850 748 1906 conditus,
760 1859 803 1894 et
818 1850 993 1909 ignotus
1007 1848 1194 1893 annulus
1211 1857 1504 1893 contrectatus
1514 1847 1560 1891 in
1574 1847 1779 1903 tenebris,

387 1932 568 1983 putatur
603 1938 781 1977 aureus,
806 1937 907 1965 cum
946 1921 1000 1965 sit
1023 1936 1160 1964 aercus
1181 1929 1256 1965 aut
1285 1928 1544 1980 argenteus3
1574 1928 1649 1964 aut
1681 1933 1783 1965 cum

386 1994 622 2055 repentinis
646 1994 969 2054 inopinatisque
990 1992 1290 2052 corporalibus
1318 1992 1418 2037 visis
1441 1992 1585 2036 anima
1606 1990 1783 2036 turbata

385 2066 456 2111 vel
477 2066 522 2109 in
544 2066 704 2110 somnis
727 2064 875 2110 videre
892 2079 935 2109 se
949 2073 1098 2124 putat,
1121 2062 1191 2108 vel
1221 2063 1368 2123 aliquo
1387 2062 1639 2123 hujusmodi
1662 2061 1783 2122 spiri-

386 2137 461 2182 tali
488 2137 579 2182 viso
610 2137 724 2181 affici
751 2156 759 2182 :
783 2136 902 2180 unde
936 2136 980 2179 in
1020 2135 1223 2180 omnibus
1251 2133 1551 2194 corporalibus
1580 2133 1701 2188 visis,
1739 2140 1782 2176 et

387 2207 570 2252 aliorum
600 2223 806 2252 sensuum
840 2207 1116 2252 constestatio
1134 2242 1144 2262 ‚
1170 2215 1213 2250 et
1250 2205 1435 2255 maxime
1457 2205 1591 2265 ipsius
1618 2202 1780 2248 mentis

386 2289 518 2340 atque
550 2280 726 2324 rationis
749 2278 1006 2334 adhibetur,
1042 2287 1092 2322 ut
1124 2276 1245 2338 quod
1276 2277 1322 2321 in
1342 2278 1425 2321 hoc
1448 2291 1593 2320 rerum
1623 2289 1781 2335 genere

384 2367 537 2395 verum
554 2361 638 2406 est,
659 2351 906 2395 inveniatur
923 2359 1138 2410 quantum
1164 2349 1348 2394 inveniri
1368 2357 1524 2408 potest.
1545 2351 1597 2393 In
1616 2346 1779 2392 visione

387 2432 534 2467 autem
556 2423 756 2483 spiritali,
783 2422 828 2467 id
851 2431 929 2477 est,
956 2422 999 2465 in
1022 2437 1255 2481 corporum
1278 2419 1653 2475 similitudinibus,
1679 2433 1779 2479 quae

388 2494 544 2554 spiritu
566 2493 793 2548 videntur,
820 2492 987 2538 fallitur
1015 2492 1179 2547 anima,
1214 2507 1314 2536 cum
1344 2506 1391 2535 ea
1418 2506 1518 2552 quae
1546 2490 1605 2534 sic
1632 2487 1774 2542 videt,
