1854 3219
329 202 383 228 DE
415 201 566 229 GENESI
598 198 653 228 AD
685 199 1024 242 11111111ΑΜ,1,115.
1060 198 1101 227 v.
1331 191 1416 229 319

31 264 150 309 unde
170 278 321 309 omnes
342 281 468 326 aquae
487 281 616 325 super
637 274 798 310 terram
820 274 988 312 scatent
1009 264 1206 309 omnium
1227 262 1420 309 fontium

31 351 291 395 magnorum
319 346 450 397 atque
480 351 740 396 parvorum,
776 354 890 382 unus
923 337 1020 382 sons
1056 335 1198 380 dictus
1231 345 1317 392 est,
1341 352 1420 396 per

29 421 179 451 omnes
196 406 515 467 dispertitiones
538 423 635 452 suas
656 408 893 453 ascendens
926 407 981 452 de
1020 416 1136 452 terra
1172 415 1216 450 et
1238 406 1420 466 irrigans

32 492 208 523 omnem
227 476 382 522 faciem
404 486 530 522 terrae
552 497 561 524 2
590 478 678 523 sive
709 479 839 523 etiam
857 514 868 534 ,
904 477 1026 540 quod
1047 486 1110 522 est
1145 477 1417 534 credibilius,

31 548 134 608 quia
155 565 246 594 11011
261 549 321 593 311
339 569 348 594 :
376 551 496 594 Unus
517 547 616 594 fons
638 548 901 594 ascendebat
916 585 927 606 ,
953 549 1028 595 sed
1046 550 1130 594 ait:
1159 567 1180 591 ‹<
1202 551 1318 593 Fons
1339 564 1420 593 au-

34 636 54 660 »
90 629 179 663 tem
203 619 463 664 ascendebat
486 619 541 664 de
562 629 699 676 terra,
734 640 752 661 »
780 636 858 680 pro
881 636 1063 664 numero
1085 619 1244 680 plurali
1274 612 1422 679 posuit

30 689 391 749 singularem,»ut
412 690 472 735 510
488 691 782 751 intelligamus
799 691 941 736 fontes
962 691 1123 736 multos
1146 707 1224 751 per
1244 692 1422 736 univer-

29 777 119 806 sam
151 771 313 806 terram
338 762 436 808 loca
466 761 537 808 vel
576 763 773 822 regiones
808 763 1004 823 proprias
1036 763 1284 822 irrigantes,
1310 762 1422 806 510111

29 831 191 878 dicitur
221 832 370 890 miles,
411 843 456 878 et
478 833 607 878 multi
627 833 956 892 intelliguntur,
980 835 1092 878 sicut
1127 833 1244 879 dicta
1266 843 1330 878 est
1350 832 1420 878 10-

28 912 150 948 011513
172 912 217 948 01
247 919 351 948 13113
377 904 431 948 ·in
469 903 627 964 plagis,
662 905 824 965 quibus
856 905 1053 966 AEgyptii
1075 906 1267 965 percussi
1288 914 1417 960 sunt,

29 990 131 1021 cum
167 984 278 1021 esset
307 975 638 1021 innumerabilis
670 976 936 1022 locustarum
967 993 1178 1023 numerus
1210 987 1255 1022 et
1290 992 1420 1022 13113-

28 1062 128 1093 rum
142 1048 154 1072 ¹
173 1067 185 1106 ,
202 1047 295 1108 jam
316 1063 407 1094 non
429 1046 595 1093 diutius
611 1046 876 1094 laboremus.

33 1203 1421 1224 WUMMMWUWWWWWWWWWVMQNWWUUWWWWWWWWUUWRNWW

552 1314 769 1365 CAPUT
805 1318 894 1364 XI.

25 1459 208 1506 Rerum
243 1460 539 1505 creationem
565 1461 780 1521 primam
800 1461 1006 1524 factam
1038 1476 1140 1506 esse
1174 1461 1276 1507 sine
1300 1470 1419 1507 tem-

190 1531 327 1592 poris
349 1547 488 1577 mora
513 1551 521 1577 :
549 1530 1022 1582 administrationem
1043 1549 1141 1578 non
1168 1534 1252 1578 ita.

85 1678 270 1720 XXVII.
310 1678 394 1722 SED
425 1675 537 1721 illud
573 1677 702 1721 etiam
738 1686 870 1738 atque
906 1676 1036 1721 etiam
1069 1675 1417 1730 consideremus,

27 1756 176 1791 utrum
193 1747 329 1807 possit
350 1747 476 1792 nobis
498 1763 575 1807 per
592 1748 739 1792 omnia
761 1757 959 1792 constare
976 1747 1188 1792 sententia
1202 1782 1212 1802 ,
1238 1763 1325 1807 qua
1350 1746 1419 1789 di-

27 1818 232 1863 cebamus
266 1817 389 1862 aliter
420 1827 647 1878 operatum
684 1822 825 1862 Deum
862 1834 1012 1862 omnes
1039 1827 1257 1862 creaturas
1279 1817 1420 1877 prima

27 1887 280 1933 conditione
297 1924 307 1943 ,
346 1904 369 1932 a
397 1888 558 1949 quibus
582 1888 786 1947 operibus
809 1888 854 1932 in
877 1888 946 1931 die
969 1888 1153 1947 septimo
1182 1887 1417 1947 requievit,

29 1959 154 2003 aliter
182 1958 310 2002 istam
345 1973 494 2003 earum
528 1957 975 2013 administrationem,
1007 1974 1094 2019 qua
1127 1973 1264 2018 usque
1301 1972 1420 2001 nunc

29 2038 264 2090 operatur:
296 2028 343 2073 id
374 2038 460 2085 est,
491 2038 598 2074 tunc
621 2029 766 2074 omnia
797 2028 926 2073 simul
947 2029 1038 2073 sine
1061 2027 1161 2072 ullis
1199 2038 1420 2088 tempora-

27 2099 136 2145 lium
167 2115 391 2145 morarum
423 2099 691 2156 intervallis,
727 2116 845 2144 nunc
882 2108 1029 2144 autem
1060 2115 1138 2159 per
1172 2108 1420 2159 temporum

29 2187 171 2217 moras
186 2207 197 2228 ,
231 2171 393 2232 quibus
414 2170 613 2215 videmus
647 2171 786 2216 sidera
811 2170 977 2216 moveri
999 2170 1054 2214 ab
1092 2179 1192 2215 ortu
1213 2170 1269 2214 ad
1291 2186 1419 2215 occam

27 2242 126 2287 ‘sum
142 2278 154 2299 ,
179 2241 341 2287 coelum
363 2241 525 2286 mutari
547 2242 601 2286 ab
623 2251 771 2286 aestate
793 2241 848 2287 ad
863 2243 1068 2300 hyemem
1084 2277 1095 2298 ,
1117 2242 1309 2300 germina
1325 2257 1420 2287 cer-

30 2313 84 2359 tis
114 2313 286 2360 dierum
310 2313 545 2358 momentis
572 2312 790 2373 pullulare
807 2348 818 2369 ,
844 2313 1128 2371 grandescere
1145 2348 1156 2370 ,
1180 2313 1390 2358 virescere
1406 2348 1417 2369 ‚

32 2400 236 2430 arescere.
276 2383 493 2430 Animalia
524 2400 702 2446 quoque
739 2385 909 2430 statutis
939 2394 1188 2445 temporum
1217 2385 1342 2430 metis
1375 2394 1419 2429 et

33 2456 231 2506 cursibus
267 2464 311 2501 01
341 2456 542 2518 concipi,
578 2466 621 2502 et
643 2457 817 2518 perfici,
843 2466 887 2502 et
907 2457 1052 2515 nasci,
1092 2467 1136 2503 et
1174 2472 1251 2518 per
1271 2465 1420 2502 aetates

82 2561 92 2580 ¹
112 2554 193 2591 Psal.
211 2565 277 2597 civ,
295 2551 352 2596 34.
