1854 3219
373 161 457 200 390
810 171 842 198 s.
881 167 1109 197 AUGUSTIM
1142 170 1325 196 muscom

369 239 456 282 lani
480 252 567 297 quo
593 233 824 289 tendebat,
859 245 1013 279 natura
1042 235 1108 279 sui
1139 234 1329 293 corporis
1362 248 1461 277 sana
1479 269 1489 288 ,
1514 234 1589 278 scd
1612 250 1687 278 sua
1714 234 1760 277 in

369 308 486 354 aliud
521 315 714 351 avocata.
752 308 1027 365 Quapropter
1056 306 1154 351 istas
1181 304 1377 364 corporei
1407 304 1508 349 coeli
1536 319 1761 364 corporeas

370 377 581 441 quasdam
614 376 876 437 particulas,
903 376 948 422 id
977 386 1060 431 cst,
1097 375 1206 421 lucis
1233 385 1276 420 θῖ
1308 373 1439 430 aeris,
1477 390 1577 435 quae
1610 375 1761 435 primae

368 450 593 509 excipiunt
619 457 752 492 nutus
781 447 938 491 animae
959 447 1236 501 vivificantis,
1272 461 1323 490 co
1346 445 1467 506 quod
1495 444 1763 506 incorporeae

368 531 539 566 naturae
566 519 900 581 propinquiores
922 528 1024 564 sunt
1046 534 1179 579 quam
1200 519 1359 562 humor
1387 527 1431 562 et
1458 527 1596 573 terra,
1628 526 1678 561 ut
1706 516 1762 561 ad

367 608 518 638 earum
541 591 790 653 proximum
820 590 1107 635 ministerium
1130 598 1222 633 tota
1249 587 1387 633 moles
1416 587 1758 644 administretur,

369 674 521 709 utrum
543 667 658 708 Deus
681 661 735 706 de
756 661 840 708 hoc
861 661 1128 707 circumfuso
1145 669 1188 704 ct
1203 658 1434 720 superfuso
1456 658 1570 704 coelo
1592 659 1763 719 corpori

363 736 548 782 viventis
580 733 829 789 miscuerit,
870 742 946 778 aut
974 731 1245 793 adjunxerit,
1278 746 1334 776 an
1361 740 1405 776 et
1430 732 1542 791 ipsas
1573 730 1627 775 de
1657 729 1764 775 limo

364 808 478 852 sicut
499 821 675 851 carnem
696 803 844 850 feeerit
860 839 871 861 ‚
900 820 990 849 non
1020 812 1083 847 est
1111 801 1167 848 ad
1195 817 1288 847 rem
1311 802 1532 863 pertinens
1559 800 1758 863 quaestio.

366 880 507 923 Omne
530 877 694 938 quippe
727 891 884 936 corpus
906 876 954 919 in
979 889 1109 920 omne
1132 890 1290 934 corpus
1316 874 1476 918 mutari
1498 889 1643 934 posse,
1668 887 1763 916 cre·-

364 949 501 994 dibile
527 958 616 994 est:
641 946 875 1009 quodlibet
895 956 1042 992 autem
1074 961 1232 1006 corpus
1254 945 1414 990 mutari
1441 960 1566 1005 posse
1591 944 1638 989 in
1665 943 1761 988 ani-

365 1038 483 1068 mam
498 1057 510 1078 ,
535 1019 713 1066 credere
735 1019 978 1065 absurdum
1001 1027 1078 1064 est.

364 1162 1765 1185 mewmmvmmwwmmmmummwwmwwwwmm

892 1288 1110 1339 CAPUT
1147 1290 1289 1340 XXI.

484 1423 670 1469 Anima
692 1439 846 1483 neque
867 1421 965 1469 ullo
988 1439 1051 1468 ex
1073 1435 1297 1481 corpore,
1324 1435 1477 1479 neque
1500 1417 1648 1464 ullum

930 1508 1103 1551 corpus
1128 1501 1213 1535 est.

427 1631 614 1675 XXVII.
656 1630 939 1682 anrossnmz
967 1643 1048 1672 nec
1087 1626 1200 1671 illud
1232 1626 1501 1671 audiendum
1529 1635 1614 1682 est,
1646 1625 1769 1687 quod

368 1702 550 1765 quidam
566 1709 849 1761 putaverunt,
865 1700 1072 1760 quintum
1087 1698 1311 1759 quoddam
1326 1714 1416 1743 θεεθ
1432 1714 1588 1759 corpus
1601 1700 1632 1754 ¹,
1648 1698 1769 1742 unde

365 1775 420 1819 sit
448 1773 614 1828 anima,
647 1770 768 1832 quod
798 1786 878 1815 nec
906 1780 1048 1826 terra,
1079 1785 1160 1814 nec
1195 1785 1307 1831 aqua
1335 1770 1412 1826 sit,
1448 1785 1529 1814 nec
1559 1772 1647 1826 a'er,
1687 1784 1769 1813 nec

366 1845 504 1905 ignis,
528 1844 615 1888 sive
640 1843 720 1888 iste
740 1841 1039 1887 turbulentior
1062 1850 1192 1902 atque
1219 1850 1440 1898 terrenus,
1471 1840 1560 1886 sive
1583 1839 1656 1884 ille
1675 1856 1769 1885 coe-

367 1916 484 1961 lestis
503 1931 638 1976 purus
668 1923 711 1959 et
727 1913 922 1971 lucidus,
943 1911 1019 1957 sed
1042 1912 1186 1957 nescio
1208 1912 1317 1973 quid
1334 1911 1454 1957 aliud
1477 1911 1598 1974 quod
1626 1921 1770 1957 careat

368 1989 529 2033 usitato
559 1987 737 2032 nomine
754 2023 764 2042 ,
795 1984 872 2030 sed
901 1994 1049 2030 tamen
1078 2000 1236 2045 corpus
1264 1985 1332 2029 sit.
1367 1984 1410 2030 Si
1434 1984 1552 2028 enim
1580 1983 1657 2046 qui
1682 1985 1769 2029 hoc

371 2061 586 2116 sentiunt,
612 2061 697 2104 hoc
715 2059 869 2104 dicunt
886 2073 1044 2118 corpus
1067 2056 1188 2118 quod
1210 2066 1254 2103 et
1270 2073 1373 2114 nos,
1397 2056 1443 2101 id
1462 2066 1541 2113 est,
1566 2066 1770 2102 naturam

367 2130 611 2195 quamlibet
641 2129 944 2191 longitudine,
981 2127 1242 2184 latitudine,
1279 2128 1539 2183 altitudine,
1579 2128 1769 2188 spatium

364 2203 449 2249 loci
472 2211 764 2263 occupantem
782 2238 792 2257 ,
819 2215 964 2262 neque
986 2201 1070 2245 hoc
1086 2209 1149 2244 est
1172 2199 1312 2243 anima
1326 2235 1337 2255 ,
1362 2214 1507 2261 neque
1530 2198 1632 2242 inde
1654 2197 1770 2243 facta

363 2274 584 2320 credenda
607 2283 685 2317 est.
724 2271 951 2334 Quidquid
979 2272 1095 2316 enim
1118 2270 1204 2316 tale
1228 2281 1312 2327 est,
1343 2280 1394 2315 ut
1415 2270 1554 2315 multa
1581 2286 1673 2315 non
1695 2269 1766 2314 di-

363 2362 459 2392 cam
471 2382 481 2401 ,
502 2346 548 2388 in
566 2360 846 2406 quacumque
864 2344 929 2388 sui
945 2353 1067 2404 parte
1085 2343 1208 2389 lineis
1227 2342 1363 2389 dividi
1380 2342 1450 2388 vel
1467 2341 1765 2386 circumscribi

364 2427 533 2479 potest:
554 2416 675 2477 quod
697 2416 841 2461 anima
857 2416 890 2461 si
913 2426 1152 2477 pateretur,
1174 2415 1297 2461 nullo
1318 2415 1451 2461 modo
1474 2431 1598 2460 nosse
1620 2423 1765 2475 posset

419 2521 429 2536 ¹
446 2514 516 2547 Cic.
531 2513 590 2546 lib.
608 2525 633 2552 1,
649 2515 742 2546 Tusc.
760 2524 791 2556 q.
815 2512 1001 2555 ἐντελέχεια.
