1854 3219
317 256 371 284 ΒΕ
403 253 554 284 00111351
587 251 643 281 At>
675 249 918 289 Ln'TERAM,
956 252 1036 279 Lm.
1074 251 1122 278 11.
1336 239 1415 278 201

39 323 249 368 ditionem
271 321 471 383 spiritalis
486 330 529 365 et
549 319 854 364 intellectualis
867 327 1078 363 creaturae
1094 317 1202 363 lucis
1226 316 1421 377 appella-

35 395 153 440 tione
173 393 391 450 intimari,
415 392 461 435 in
477 407 564 453 qua
585 400 739 435 natura
769 388 1075 447 intelliguntur
1094 403 1243 433 omnes
1266 386 1421 446 Angcli

35 465 171 509 5311011
194 474 324 525 atque
349 464 541 507 Virtutes
564 482 573 507 ;
599 471 642 506 et
670 470 898 522 propterea
922 475 1011 503 non
1034 458 1235 519 repetivit
1258 456 1422 502 factum

33 545 317 597 posteaquam
345 533 454 578 dixit
490 555 502 580 2
542 552 563 576 «
589 536 721 578 Facta
753 541 817 577 est
849 531 947 589 lux,
972 551 990 573 »
1021 532 1123 592 quia
1156 546 1246 576 non
1281 531 1422 590 primo

34 606 241 666 cognovit
273 603 495 650 rationalis
536 613 734 649 creatura
764 601 1157 647 conformationem
1191 616 1340 659 suam,
1373 616 1422 645 30

33 675 190 721 deinde
210 674 396 721 formata
412 684 498 734 est,
521 674 661 719 sedin
681 675 772 734 ipsa
795 689 870 718 5113
893 672 1237 718 conformatione
1259 685 1424 729 cogno*

32 747 116 803 vit,
141 747 226 792 hoc
245 755 309 791 est
328 745 616 790 illustratione
631 744 824 790 veritatis
836 780 846 800 ,
873 743 928 788 ad
946 759 1079 805 quam
1098 758 1304 787 conversa
1328 740 1422 786 for-

31 826 148 863 mata
176 827 262 877 est,
287 826 442 862 caetera
462 832 583 873 vero,
613 832 713 878 quae
745 814 858 860 infra
891 824 1015 871 sunt,
1039 815 1099 859 ita
1117 823 1320 860 creantur
1336 849 1346 868 ,
1373 821 1425 858 ut

30 888 150 949 prius
171 890 280 933 fiant
300 888 347 932 in
375 888 625 947 cognitione
659 886 879 932 rationalis
911 896 1147 942 creaturae,
1185 901 1233 930 30
1265 884 1424 929 deinde

30 960 76 1004 in
93 975 249 1019 genere
265 976 342 1005 suo
353 961 372 1004 Ξ)
385 962 660 1020 Quapropter
671 959 780 1004 111015
794 958 988 1003 conditio
1004 957 1122 1019 prius
1137 966 1199 1002 est
1213 957 1259 1000 in
1276 956 1423 1001 Verbo

30 1031 109 1077 Dei
125 1031 368 1077 secundum
387 1032 598 1076 rationem
614 1066 625 1087 ,
651 1046 738 1092 qua
755 1029 930 1075 condita
952 1038 1037 1085 est,
1063 1030 1147 1074 hoe
1170 1037 1233 1072 est
1250 1028 1294 1071 in
1315 1043 1426 1072 coce-

30 1112 154 1155 terna
175 1104 292 1148 Patri
322 1103 566 1164 Sapientia,
601 1119 650 1148 ac
673 1102 832 1147 deinde
853 1103 899 1146 in
920 1103 1012 1162 ipsa
1034 1101 1144 1146 111015
1172 1099 1424 1145 0011(11110110

30 1173 272 1220 secundum
312 1184 540 1230 naturam,
583 1190 670 1235 qua
700 1172 875 1220 condita
899 1182 963 1217 est
995 1193 1004 1218 :
1042 1172 1130 1217 illic
1163 1187 1253 1217 non
1284 1171 1420 1227 facta,

29 1245 107 1289 sed
129 1244 296 1304 genita,
324 1245 396 1290 hic
417 1260 522 1290 vero
543 1243 678 1299 facta,
705 1244 807 1304 quia
828 1259 879 1287 ex
906 1242 1173 1288 informitate
1198 1241 1384 1287 formata
1410 1262 1419 1287 :

30 1325 73 1361 et
93 1315 193 1361 ideo
215 1315 328 1360 dixit
343 1319 484 1361 Deus:
509 1316 646 1360 «Fiat
666 1315 765 1373 lux,
790 1324 833 1359 et
855 1314 967 1360 facta
981 1325 1042 1359 051
1065 1314 1166 1373 lux3
1192 1334 1209 1355 »
1229 1323 1281 1358 ut
1302 1313 1424 1374 quod

28 1387 90 1431 ibi
118 1396 211 1432 erat
231 1387 277 1431 in
308 1387 454 1431 Verbo
471 1422 482 1442 ,
506 1387 578 1431 hic
606 1395 716 1431 esset
733 1386 780 1430 in
802 1402 944 1446 opere.
972 1386 1176 1432 Conditio
1198 1401 1302 1431 vero
1320 1385 1422 1429 coeli

28 1459 149 1519 prius
172 1466 264 1502 erat
287 1457 335 1502 in
353 1458 501 1503 Verbo
535 1458 613 1502 Dei
641 1457 882 1502 secundum
913 1458 1102 1517 genitam
1130 1457 1420 1516 Sapientiam,

28 1528 188 1573 deinde
206 1526 318 1573 facta
337 1528 464 1572 estin
479 1537 676 1573 creatura
693 1527 891 1587 spiritali,
908 1529 992 1572 1100
1015 1538 1094 1583 est,
1111 1528 1158 1571 in
1171 1527 1422 1587 cognitione

27 1599 297 1658 Angelorum
319 1599 562 1644 seeundum
578 1607 767 1644 creatam
779 1597 825 1642 in
842 1597 925 1642 illis
943 1598 1200 1658 sapientiam
1228 1618 1237 1643 ε
1263 1595 1422 1642 (10111(10

27 1670 194 1715 coelum
215 1669 380 1715 factum
414 1680 500 1727 est,
532 1679 584 1715 ut
616 1679 727 1714 esset
749 1671 878 1714 0113111
905 1670 996 1730 ipsa
1025 1668 1127 1714 coeli
1156 1679 1352 1714 creatura
1375 1670 1421 1715 in

27 1757 183 1802 genere
199 1742 392 1802 proprio.
416 1742 484 1787 Sic
502 1751 547 1786 et
568 1741 771 1786 discretio
792 1741 861 1786 vel
881 1741 1042 1801 species
1057 1757 1270 1802 aquarum
1289 1751 1421 1803 atque

25 1821 262 1870 terrarum,
287 1813 347 1858 510
368 1822 537 1857 naturae
559 1812 779 1870 lignorum
796 1821 840 1856 et
857 1812 1095 1856 herbarum
1118 1848 1129 1868 ,
1155 1812 1214 1857 sic
1226 1812 1420 1858 1111111113-

25 1883 87 1929 ria
109 1883 240 1942 coeli,
258 1883 318 1929 510
334 1883 570 1928 animantia
590 1892 683 1928 orta
703 1898 754 1926 ex
776 1883 899 1943 aquis
921 1898 969 1927 30
991 1892 1120 1928 terra.

83 1957 228 1999 XVII.
264 1957 416 2015 Neque
451 1954 569 1998 enim
597 1954 709 1998 sicut
733 1969 892 2014 pecora
913 1990 923 2009 ,
957 1953 1049 1999 solo
1071 1970 1201 1999 sensu
1228 1956 1420 2016 corporis

24 2024 175 2070 vident
192 2023 348 2085 Angeli
376 2024 472 2070 11300
493 2023 735 2080 sensibilia,
760 2025 838 2069 sed
859 2024 1001 2085 siquo
1031 2041 1160 2070 sensu
1182 2025 1259 2070 tali
1282 2036 1420 2071 utun-

23 2105 117 2153 tur,
142 2105 384 2156 agnoscunt
410 2111 460 2140 ea
477 2096 624 2157 potius
639 2131 650 2152 ,
681 2112 780 2157 quae
804 2096 960 2141 melius
987 2107 1207 2142 noverunt
1237 2098 1419 2144 interius

24 2167 71 2211 in
89 2167 104 2211 1
138 2177 188 2212 50’
197 2167 280 2212 Dei
295 2166 467 2224 Verbo,
485 2181 509 2211 a
526 2182 615 2227 quo
627 2165 933 2212 illuminantur
947 2177 997 2212 ut
1009 2168 1226 2228 sapienter
1237 2168 1388 2215 vivant
1406 2189 1416 2215 ι

24 2182 259 2295 011111511γί11
275 2237 335 2281 015
359 2236 458 2293 lux,
484 2252 585 2297 quae
605 2237 745 2296 primo
768 2236 881 2283 facta
902 2247 993 2295 est,
1020 2239 1054 2283 si
1072 2237 1218 2283 lucem
1241 2239 1416 2299 spirita-

23 2306 155 2364 talem
187 2308 234 2352 in
264 2306 341 2353 illo
360 2307 431 2352 die
470 2305 631 2352 factam
670 2308 980 2367 intelligamus.
1030 2309 1418 2363 Quemadmodum

25 2393 128 2437 ergo
149 2379 258 2424 ratio
273 2415 284 2435 ,
306 2395 393 2440 qua
413 2388 610 2424 creatura
632 2379 858 2435 conditur,
879 2381 999 2440 prior
1019 2390 1085 2425 est
1106 2381 1153 2424 in
1167 2381 1314 2426 Verbo
1337 2381 1416 2425 Dei

23 2464 156 2510 quam
177 2448 267 2508 ipsa
282 2459 479 2495 creatura
496 2467 596 2511 quae
618 2450 821 2495 conditur
848 2471 856 2496 2
878 2452 936 2496 sic
955 2460 998 2495 et
1020 2451 1214 2512 ejusdem
1234 2451 1415 2496 rationis

23 2519 213 2578 cognitio
244 2519 363 2579 prius
385 2521 436 2566 fit
461 2521 508 2565 in
540 2530 736 2566 creatura
767 2521 1077 2577 intellectuali,
1112 2538 1211 2583 quae
1237 2530 1416 2582 peccato

22 2590 247 2652 tenebrata
269 2606 359 2637 non
379 2600 443 2638 est
462 2612 473 2652 3
498 2607 546 2638 30
560 2592 720 2640 deinde
742 2592 835 2653 ipsa
857 2592 1055 2640 conditio
1079 2602 1302 2640 creaturae.
1328 2595 1414 2639 Ne-
