1854 3219
186 197 243 231 ,DE
273 196 425 224 GENESI
458 194 512 222 AD
545 191 789 231 ertrEnAM,
826 193 1116 221 1MPERFEcTcs
1149 193 1232 221 Lm.
1332 180 1412 218 125

28 261 205 324 quando
237 261 393 321 Angeli
423 260 528 306 facti
559 269 688 315 sunt,
723 260 803 319 ipsi
834 260 1133 318 significantur
1164 259 1245 303 hac
1285 257 1410 312 luce,

27 333 276 378 brevissime
297 331 475 393 quidem
487 367 498 387 ,
516 330 592 376 sed
610 340 758 376 tamen
777 330 1179 375 convenientissime
1196 338 1239 373 et
1253 328 1414 373 decen-

27 403 204 449 tissime.

2 478 10 484 ”
85 477 231 520 XXII.
256 493 277 518 «
293 477 351 519 Et
363 472 473 519 vidit
493 476 608 518 Deus
624 473 769 518 lucem
791 473 893 534 quia
909 473 1024 518 bona
1047 474 1153 517 est1.
1172 489 1192 512 »
1212 474 1298 515 Ista
1315 486 1414 516 scn-

28 545 163 590 tentia
179 561 270 591 non
286 544 411 606 quasi
428 543 591 589 insoliti
607 544 712 590 boni
734 543 928 588 laetitiam
941 580 951 600 ‚
971 544 1046 588 sed
1059 542 1418 604 approbationem

29 617 168 676 operis
190 616 443 676 significari,
469 625 642 677 oportet
662 614 865 674 intelligi.
885 614 1002 668 Quid
1023 615 1138 659 enim
1151 613 1416 658 convenien-

29 687 112 732 tius
143 685 198 730 de
229 689 320 731 Deo
341 686 517 743 dicitur,
544 695 759 747 quantum
777 685 890 729 inter
921 685 1119 730 homines
1141 684 1225 728 dici
1246 691 1390 743 potest
1404 717 1415 737 ,

29 774 163 821 quam
183 774 286 803 oum
304 758 366 803 ita
387 758 567 819 ponitur
598 757 731 814 dixit,
756 758 920 802 factum
945 766 1033 812 est,
1059 756 1226 817 placuit
1252 775 1260 800 :
1287 756 1347 799 ita
1369 762 1420 798 ut

29 831 76 875 in
100 846 151 875 eo
174 829 294 891 quod
315 830 423 875 dixit
438 866 449 886 ,
474 830 706 890 imperium
728 831 819 890 ejus
842 828 1111 888 intelligatur
1132 827 1207 887 ,in
1229 843 1279 871 eo
1297 825 1418 887 quod

29 900 193 947 factum
226 910 316 957 est,
350 901 568 961 potentia3
602 901 649 945 in
680 917 731 946 eo
763 900 886 962 quod
916 899 1106 960 placuit,
1141 898 1414 956 benignitas:

30 973 142 1018 sicut
161 972 242 1017 ista
262 971 501 1017 ineffabilia
526 987 604 1032 per
615 972 848 1017 ,hominem
869 971 1122 1016 hominibus
1136 1006 1146 1026 ,
1171 971 1231 1014 ita
1250 978 1301 1013 ut
1322 984 1418 1013 om-

31 1045 158 1089 nibus
179 1044 383 1105 prodesse
402 1053 602 1105 possent,
628 1044 715 1089 dici
736 1044 1002 1088 debuerunt.

88 1117 257 1160 XXIII.
288 1135 309 1158 «
334 1118 392 1160 Et
422 1114 567 1160 divisit
597 1118 712 1160 Deus
742 1115 857 1158 inter
887 1115 1032 1159 lucem
1055 1122 1099 1158 et
1125 1113 1324 1158 tenebras
1337 1115 1368 1155 ².
1398 1130 1418 1152 »

22 1180 150 1232 Ηίηο
185 1185 374 1245 intelligi
404 1185 530 1242 licet,
566 1194 730 1247 quanta
763 1185 901 1231 divini
933 1185 1074 1245 operis
1106 1183 1311 1228 facilitate
1344 1182 1425 1226 ista

33 1257 159 1302 dican
167 1266 236 1301 tur
252 1256 423 1301 effecta.
443 1259 542 1303 Non
556 1257 672 1300 enim
691 1257 925 1317 quisquam
942 1265 1027 1310 est,
1048 1256 1125 1315 qui
1142 1255 1200 1299 sic
1214 1254 1427 1298 existimet

31 1327 178 1372 lucem
199 1327 361 1372 factam
379 1363 390 1383 ,
425 1337 476 1372 ut
496 1337 606 1372 esset
629 1326 809 1372 confusa
831 1343 931 1372 cum
958 1326 1173 1381 tenebris,
1199 1335 1242 1369 et
1264 1325 1321 1369 ob
1343 1325 1427 1368 hoc

33 1408 182 1460 postea
203 1398 485 1459 separationis
516 1398 732 1458 indigeret
759 1418 767 1443 :
798 1398 874 1443 sed
896 1414 947 1442 eo
974 1399 1068 1457 ipso
1088 1413 1176 1458 quo
1205 1396 1282 1440 lux
1313 1395 1429 1440 saeta

35 1479 119 1526 est,
153 1478 389 1515 consecuta
411 1478 476 1514 est
496 1469 627 1513 etiam
649 1468 804 1514 divisio
838 1469 952 1513 inter
972 1467 1116 1512 lucem
1142 1477 1186 1512 et
1208 1467 1426 1511 tenebras.

39 1559 61 1584 «
94 1542 204 1594 Quae
238 1541 356 1585 enim
383 1540 563 1613 societas
595 1539 705 1585 lucis
736 1555 838 1584 cum
862 1539 1110 1584 tenebrisssP
1135 1557 1155 1580 »
1187 1541 1302 1583 Deus
1330 1552 1432 1596 ergo

35 1609 183 1657 divisit
213 1611 328 1656 inter
353 1611 499 1657 lucem
523 1620 567 1656 et
591 1612 816 1667 tenebras,
852 1611 956 1672 quia
983 1609 1128 1655 lucem
1156 1610 1287 1665 fecit,
1312 1609 1434 1670 cujus

37 1682 233 1726 absentia
253 1682 447 1727 tenebrae
463 1692 695 1728 vocantur.
723 1686 910 1727 Interest
930 1690 1077 1726 autem
1099 1681 1212 1725 inter
1228 1680 1372 1725 lucem
1392 1688 1436 1723 et

37 1753 264 1809 tenebras,
290 1753 402 1798 sicut
422 1754 602 1797 interest
627 1754 742 1797 inter
763 1753 1073 1798 vestimentum
1096 1761 1139 1797 et
1160 1751 1408 1796 nuditatem
1421 1786 1432 1806 ,

39 1833 115 1868 aut
135 1824 319 1884 plenum
338 1833 381 1868 et
393 1825 522 1869 inane
535 1860 546 1881 ,
573 1834 617 1869 et
632 1823 800 1869 similia.

98 1897 261 1940 XXIV.
298 1898 396 1940 Jam
417 1905 527 1957 quot
547 1896 688 1941 modis
709 1896 843 1956 possit
864 1895 1049 1955 intelligi
1063 1894 1138 1939 lux
1153 1930 1163 1950 ,
1189 1910 1319 1954 supra
1341 1894 1436 1938 dic-

39 1975 134 2011 tum
168 1975 252 2022 est,
288 1966 448 2027 quibus
474 1966 705 2011 contrariae
732 1967 996 2027 privationes
1029 1975 1207 2026 possunt
1242 1965 1436 2010 tenebrae

40 2037 269 2082 nominari.
295 2036 393 2082 Alia
409 2047 474 2082 est
490 2037 607 2082 enim
623 2038 698 2082 lux
711 2073 722 2094 ,
741 2054 840 2099 quae
853 2038 1026 2083 videtur
1040 2038 1105 2082 his
1124 2036 1260 2082 oculis
1282 2052 1438 2096 corpo-

40 2108 144 2164 reis,
168 2108 298 2153 etiam
311 2108 405 2168 ipsa
421 2124 656 2169 corporea,
677 2117 727 2153 ut
749 2108 871 2165 solis,
898 2118 942 2153 et
963 2108 1081 2154 lunae
1095 2145 1105 2164 ,
1128 2118 1171 2153 et
1187 2107 1409 2152 stellarum
1423 2142 1434 2163 ,

43 2187 87 2224 et
112 2179 147 2223 si
178 2177 287 2240 quid
320 2178 573 2240 hujusmodi
590 2189 678 2236 est,
716 2180 787 2225 cui
820 2180 1048 2226 contrariae
1082 2189 1184 2224 sunt
1215 2179 1433 2233 tenebrae,

43 2265 144 2296 cum
162 2249 315 2311 aliquis
334 2250 455 2295 locus
478 2267 527 2296 ea
540 2250 640 2296 luce
657 2261 788 2296 caret.
816 2251 912 2297 Alia
929 2252 1033 2296 item
1054 2250 1131 2295 lux
1153 2260 1216 2295 est
1236 2251 1324 2295 vita
1340 2265 1438 2294 sen-

42 2321 152 2367 tiens
166 2357 177 2378 ,
214 2331 258 2366 et
283 2321 432 2367 valens
457 2322 702 2368 discernere
723 2340 823 2384 quae
844 2339 922 2384 per
943 2339 1100 2384 corpus
1123 2321 1178 2367 ad
1195 2322 1349 2367 animae
1360 2322 1435 2382 ju-

44 2391 208 2438 dicium
229 2391 499 2450 referuntur,
523 2394 571 2439 id
586 2404 672 2451 est,
693 2394 792 2440 alba
806 2405 850 2440 et
865 2396 1012 2455 nigra,
1035 2410 1194 2440 canora
1216 2402 1259 2438 et
1275 2408 1406 2438 rauca
1419 2427 1429 2447 ,

13 2512 19 2516 ‚
46 2463 342 2510 suaveolentia
362 2474 407 2510 et
427 2465 748 2525 graveolentia,
781 2465 927 2512 dulcia
949 2476 992 2512 et
1024 2481 1190 2521 amara,
1224 2463 1362 2510 calida
1396 2471 1440 2507 et

102 2553 112 2571 ¹
133 2549 211 2582 Gen.
229 2560 253 2591 ι,
270 2547 302 2592 4.
324 2567 357 2573 -
372 2557 385 2573 ²
406 2549 489 2583 ibid.
510 2567 552 2574 —-
569 2548 582 2575 3
604 2552 678 2584 Cor.
694 2561 738 2594 vi,
763 2548 808 2584 14.
