1854 3219
208 197 262 223 DE
292 196 443 224 GENE51
475 192 530 221 AD
561 192 804 233 ΜΤΤΕΗΑΜ,
840 194 1130 222 IMPERFECTUS
1162 193 1245 219 LIB.
1344 178 1425 217 115

43 262 138 306 fieri
170 261 335 306 coelum
362 270 404 305 et
437 269 576 316 terra,
611 261 644 304 si
671 260 827 319 Angeli
859 269 903 304 et
935 275 1084 304 omnes
1113 254 1430 302 intellectuales

44 335 280 377 Potestates
301 331 488 389 primum
510 330 636 375 factae
656 333 782 375 sunt?
797 331 908 384 Quia
923 340 966 375 et
982 328 1167 388 Angelos
1186 336 1429 372 creaturam

44 404 121 448 Dei
138 413 181 448 et
196 403 251 447 ab
273 418 324 447 eo
346 401 480 447 factos
502 402 727 446 credamus
750 417 921 446 necesse
943 411 1020 446 est.
1046 403 1157 446 Nam
1178 409 1221 443 et
1239 396 1430 458 Angelos

43 473 313 519 enumeravit
342 473 558 532 Propheta
585 472 632 517 in
652 472 888 517 centesimo
915 471 1429 533 quadragesimo-octavo

44 544 216 589 Psalmo
230 559 332 589 cum
353 543 484 589 dixit:
505 562 526 585 «
552 546 649 604 Ipse
662 543 814 603 jussit,
839 552 882 587 et
904 542 1012 587 facta
1040 550 1141 587 sunt
1157 562 1168 598 3
1187 541 1278 600 ipse
1297 556 1426 584 man-

47 633 68 656 »
104 614 245 671 davit,
270 624 314 659 et
334 624 478 659 creata
499 623 601 659 sunt
616 616 646 657 ¹.
677 635 694 656 »
723 614 807 659 Sed
829 613 863 658 si
884 614 1076 673 primum
1094 612 1197 656 facti
1213 621 1315 656 sunt
1336 614 1429 654 An-

19 712 25 716 ·
45 685 128 745 geli
142 722 153 742 ‚
173 686 311 747 quaeri
331 695 498 746 potest,
522 694 672 729 utrum
693 685 740 729 in
762 693 958 745 tempore
980 684 1083 730 facti
1104 692 1226 739 sunt,
1253 698 1308 727 an
1331 690 1432 726 ante

45 772 175 802 omne
199 766 397 817 tempus,
434 773 490 801 an
512 757 558 801 in
590 756 770 801 exordio
802 757 1021 816 temporis.
1052 757 1093 800 Si
1126 756 1172 798 in
1204 764 1429 814 tempore,

41 829 132 888 jam
163 837 254 872 erat
284 837 455 888 tempus
488 836 724 888 antequam
747 826 900 885 Angeli
936 827 1091 870 fierent
1119 846 1127 870 :
1156 826 1212 886 et*⁴
1227 825 1436 886 quoniam

46 899 176 943 etiam
203 907 376 959 tempus
402 897 545 958 ipsum
566 908 762 942 creatura
791 907 879 953 est,
905 898 1057 957 incipit
1079 912 1250 941 necesse
1268 901 1362 940 'esse
1384 905 1435 940 ut

48 968 213 1031 aliquid
234 970 352 1030 prius
372 984 506 1030 quam
527 969 715 1028 Angelos
735 967 899 1013 factum
920 968 1193 1028 accipiamus.
1224 968 1265 1012 Si
1287 976 1436 1011 autem

48 1041 95 1086 in
121 1040 297 1086 exordio
315 1040 522 1101 temporis
549 1038 685 1084 factos
702 1039 907 1096 dicimus,
933 1050 983 1084 ut
1005 1055 1107 1084 cum
1130 1039 1231 1099 ipsis
1254 1038 1439 1098 coeperit

48 1121 220 1172 tempus
237 1147 248 1168 ‚
271 1111 510 1157 dicendum
531 1120 595 1155 est
615 1110 776 1156 falsum
796 1127 887 1156 esse
910 1111 1030 1173 quod
1052 1110 1233 1173 quidam
1254 1110 1410 1156 volunt
1423 1146 1434 1166 ⁷

49 1199 151 1229 cum
172 1183 287 1229 coelo
309 1192 353 1228 et
369 1193 483 1228 terra
504 1192 676 1243 tempus
696 1198 785 1228 esse
803 1184 986 1243 coepisse
1006 1185 1080 1241 (3).

107 1258 232 1300 VIII.
267 1255 310 1301 Si
331 1264 479 1299 autem
509 1255 629 1315 prius
651 1269 785 1315 quam
806 1264 978 1314 tempus
1001 1253 1159 1313 Angeli
1181 1253 1284 1298 facti
1311 1262 1435 1309 sunt,

48 1325 339 1388 quaerendum
360 1334 425 1370 est
450 1324 676 1386 quomodo
697 1324 864 1370 dictum
896 1326 950 1370 sit
970 1326 1016 1370 in
1044 1325 1435 1386 consequentibus:

53 1416 75 1441 «
108 1400 165 1443 Et
184 1394 296 1441 dixit
315 1399 430 1441 Deus
447 1415 456 1442 z
478 1396 606 1440 Fiant
626 1395 858 1440 luminaria
874 1397 919 1439 in
937 1397 1212 1440 firmamento
1235 1395 1334 1440 coeli
1353 1432 1363 1451 ‚
1389 1405 1440 1439 ut

52 1486 74 1510 »
107 1467 284 1513 luceant
304 1483 433 1528 super
450 1476 626 1523 terram,
647 1476 691 1511 et
704 1466 901 1513 dividant
914 1466 1027 1512 inter
1044 1476 1220 1512 noctem
1237 1476 1280 1511 et
1297 1465 1413 1511 diem
1424 1504 1435 1523 ⁷

53 1557 75 1581 ι)
109 1547 153 1583 et
165 1539 252 1584 sint
263 1538 310 1583 in
322 1538 459 1598 signa,
471 1547 515 1583 et
530 1547 742 1598 tempora,
754 1547 797 1583 et
812 1537 918 1594 dies,
937 1547 980 1583 et
993 1555 1128 1583 annos
1139 1542 1171 1583 2.
1188 1557 1207 1580 »
1225 1539 1305 1584 Hic
1322 1524 1458 1583 enim*

49 1619 193 1671 potest
219 1608 357 1655 videri
389 1618 496 1654 tunc
522 1618 669 1669 coepta
694 1625 784 1654 esse
816 1619 1013 1670 tempora
1029 1646 1039 1665 7
1066 1626 1167 1655 cum
1198 1606 1363 1656 coelum
1398 1619 1441 1654 et

50 1681 283 1727 luminaria
318 1679 419 1726 coeli
455 1680 663 1727 ordinatis
703 1681 931 1726 itineribus
966 1698 1140 1727 currere
1178 1682 1411 1744 coepissent
1429 1703 1438 1728 z

52 1753 174 1814 quod
189 1752 223 1796 si
235 1766 389 1798 verum
406 1761 485 1808 est,
501 1752 725 1813 quomodo
738 1761 977 1812 potuerunt
995 1754 1084 1799 dies
1103 1770 1192 1799 esse
1206 1764 1444 1815 antequam

52 1833 224 1884 tempus
246 1831 376 1879 esset,
396 1823 431 1867 si
451 1839 476 1867 a
489 1839 620 1868 cursu
640 1822 924 1868 luminarium
940 1834 1112 1885 tempus
1135 1841 1337 1870 exorsum
1354 1835 1438 1882 est,

53 1911 154 1956 quae
181 1903 337 1955 quarto
363 1893 435 1939 die
462 1893 670 1940 dicuntur
691 1911 782 1940 esse
807 1894 952 1940 facta?
974 1899 1044 1940 An
1065 1897 1143 1941 ista
1171 1897 1343 1942 dierum
1375 1897 1444 1942 di-

55 1966 189 2025 gestio
210 1963 452 2011 secundum
480 1966 842 2011 consuetudinem
870 1967 1075 2034 humanae
1105 1967 1349 2027 fragilitatis
1373 1984 1444 2014 or-

0 2035 1 2042 ’
55 2037 202 2082 dinata
219 2046 283 2082 est
302 2036 398 2096 lege
414 2036 620 2081 narrandi
636 2046 679 2081 et
692 2037 932 2082 humilibus
953 2038 1176 2082 humiliter
1192 2039 1445 2086 insinuandi

55 2108 282 2164 sublimia,
304 2108 410 2169 quia
431 2117 476 2154 et
492 2109 583 2169 ipse
599 2124 740 2154 sermo
757 2110 970 2154 narrantis
991 2126 1081 2154 non
1103 2119 1246 2170 potest
1263 2111 1343 2155 nisi
1366 2110 1445 2155 ali-

56 2195 144 2240 qua
154 2178 318 2235 hahere
329 2189 375 2225 et
384 2179 540 2240 prima,
556 2188 601 2224 et
612 2178 770 2234 media,
787 2188 830 2224 et
839 2178 1020 2224 ultima?
1033 2184 1102 2225 An
1115 2181 1160 2224 in
1173 2181 1446 2242 temporibus

57 2249 148 2295 istis
168 2249 339 2295 dictum
369 2259 435 2295 est
450 2285 462 2306 ‚
495 2259 547 2294 ut
572 2259 714 2294 essent
740 2250 994 2306 luminaria,
1031 2268 1129 2312 quae
1151 2261 1348 2312 tempora
1369 2253 1448 2297 ho-

57 2320 447 2378 minebintervallis
464 2336 686 2366 morarum
699 2321 745 2364 in
759 2322 951 2382 corporis
967 2323 1161 2367 motione
1178 2325 1446 2369 metiuntur?

60 2395 166 2438 Haec
202 2393 318 2438 enim
353 2388 549 2454 fimpora
564 2428 575 2449 ,
607 2393 642 2437 si
675 2392 823 2438 nullus
855 2402 999 2438 motus
1037 2410 1273 2454 corporum
1309 2409 1419 2441 esset
1434 2432 1444 2451 ,

61 2462 182 2508 nulla
203 2473 346 2509 essent
361 2499 372 2520 ‚
399 2473 446 2509 et
465 2464 557 2524 ipsa
577 2473 679 2508 sunt
709 2463 961 2509 hominibus
982 2466 1290 2512 manifestiora.
1316 2466 1447 2521 Quod

110 2553 119 2570 ¹
147 2547 227 2581 psal.
252 2557 493 2590 cxtvm‚3,—
509 2554 522 2571 2
539 2550 617 2581 Gen.
640 2560 662 2590 ι,
687 2547 735 2589 14.

404 2590 440 2652 5⁶
1238 2558 1287 2645 s
