1854 3219
703 218 852 245 mmzx.
1378 212 1461 250 633

85 284 162 315 (311².
180 294 233 315 vn·
260 285 307 316 De
323 282 423 316 altera
443 287 536 327 parte
552 285 700 318 versiculi
718 289 737 318 5
756 289 925 320 Geneseos.
1399 294 1463 323 130

82 349 140 372 viu
155 343 189 372 et
201 349 246 372 ix.
273 339 455 383 Explicatur
482 340 657 373 versiculus
681 344 700 374 6
717 344 886 375 Geneseos.
907 360 949 366 ——
969 344 1122 376 Saturnus
1151 343 1291 387 planeta.
1312 362 1352 369 —-

304 399 470 429 Tractatur
486 398 660 430 versiculus
673 401 692 431 8
710 400 880 432 Geneseos.
1398 407 1413 435 1
1423 405 1461 435 31

204 463 235 484 x.
257 455 448 485 Tractantur
457 454 607 486 versiculi
625 457 643 487 9
659 459 691 486 et
705 457 747 487 10
762 460 930 492 Οεηρεεοε.
948 472 990 477 -
1003 455 1144 489 Formari
1155 456 1240 500 quid.
1400 460 1466 491 ¹134

189 520 231 541 xi.
257 511 447 541 Tractantur
461 510 611 542 versiculi
624 514 677 553 11,
698 515 738 544 12
755 517 788 545 et
803 515 843 543 13
861 514 1036 544 Geneseos.
1401 516 1464 545 136

176 575 229 597 xn.
255 566 451 608 Expenditur
469 565 568 608 prima
586 577 656 609 pars
672 568 820 600 versiculi
840 570 882 599 14
899 570 1069 599 Geneseos.
1401 571 1464 601 138

158 631 225 654 xm.
251 623 298 654 De
317 621 419 654 altera
442 626 535 665 parte
558 623 706 656 versiculi
725 627 778 664 14Ὶ
799 628 831 656 et
850 624 890 655 de
914 623 1075 656 versiculis
1094 626 1148 665 15,
1168 625 1223 666 16,
1243 627 1295 656 17.
1313 626 1355 657 18

303 681 337 709 et
362 680 403 710 1-9
422 680 594 712 Geneseos.
628 697 669 702 —
691 681 797 712 Annus
814 691 962 723 magnus,
988 690 1084 723 quem
1103 680 1197 723 vulgo
1219 680 1355 713 Platonis

303 738 433 766 vocant.
1401 738 1465 769 139

163 800 231 823 xiv.
257 790 451 833 Explanatur
467 791 644 824 versiculus
662 793 704 824 20
717 793 888 824 Geneseos.
1402 793 1467 824 142

177 857 231 881 xv,
257 849 303 879 De
322 847 436 880 eodem
454 847 610 880 versiculo
628 849 672 880 20
691 853 726 881 et
738 848 779 881 de
796 847 960 881 versiculis
978 849 1034 890 21,
1053 848 1109 890 22,
1121 848 1163 879 23
1185 851 1218 880 et
1236 848 1279 880 24
1297 849 1357 881 Ge·

245 909 253 915 “
302 914 426 936 neseos.
1042 895 1045 896 ⁷
1404 905 1467 936 146

163 969 230 992 xvr.
255 960 448 992 Tractantur
477 959 627 992 versiculi
644 960 687 992 25
705 964 739 992 et
764 962 806 993 26
832 961 1001 992 Geneseos.
1023 976 1065 982 —
1082 960 1188 1001 Imago
1208 958 1294 1001 quid.
1315 975 1358 982 -

305 1013 482 1047 Similitudo
495 1014 634 1059 proprie.
654 1032 696 1039 —-
709 1014 915 1048 Pulchritudo
931 1015 1027 1048 unde.
1041 1033 1083 1038 —-
1093 1015 1300 1048 Universitas.
1315 1031 1358 1038 ·—

303 1071 403 1102 Mens.
1404 1072 1469 1103 149

328 1196 411 1244 DE
448 1192 687 1245 GENESI
726 1193 814 1244 AD
854 1195 1219 1244 LITTERAM.

653 1317 828 1360 LIBER
861 1318 896 1360 I.

85 1437 330 1485 Expenditur
353 1437 507 1475 initium
525 1437 744 1476 Geneseos:
768 1437 851 1474 «In
876 1437 1066 1485 principio
1094 1438 1186 1475 fecit
1208 1437 1311 1474 Deus
1332 1438 1471 1474 coelum

132 1511 151 1531 »
171 1499 211 1533 et

231 1499 392 1532 terram:
408 1511 427 1531 ›>
444 1507 565 1544 usque
578 1497 625 1534 ad
642 1497 878 1537 versiculum
899 1504 919 1535 5
933 1523 941 1537 ‚
962 1513 979 1532 «
996 1498 1045 1535 Et
1059 1497 1207 1536 vocavit
1226 1497 1330 1534 Deus
1346 1497 1472 1533 lucem

135 1568 153 1588 n
173 1555 276 1591 diem
289 1583 300 1599 ,
319 1558 394 1592 ele.
418 1569 436 1588 »

115 1652 190 1683 CAP.
209 1661 232 1685 ι.
256 1651 293 1682 In
304 1650 468 1692 Scriptura
489 1649 565 1692 quid
588 1649 865 1683 considerandum.
882 1650 1006 1689 Quidve
1023 1650 1152 1694 proprie
1170 1649 1364 1692 significetur

308 1705 473 1739 versiculis
491 1708 507 1737 1
528 1709 563 1738 et
578 1707 599 1737 2
621 1707 794 1738 Geneseos.
1411 1708 1474 1738 157

202 1773 236 1795 n.
262 1765 307 1795 De
320 1762 478 1795 versiculo
497 1764 527 1794 3.
552 1762 716 1800 Quomodo
732 1762 811 1794 dixit
822 1764 907 1794 Deus
922 1774 929 1793 :
950 1761 1034 1794 Fiat
1057 1761 1129 1804 lux,
1146 1772 1185 1794 an
1198 1772 1256 1804 per
1268 1771 1363 1793 crea-

306 1822 424 1859 turam,
440 1827 480 1849 an
497 1827 554 1859 per
571 1822 724 1849 aeternum
744 1817 897 1849 Verbum.
1412 1819 1476 1849 159

190 1884 236 1907 m.
262 1876 309 1907 De
329 1875 445 1907 eodem
461 1873 619 1906 versiculo
638 1875 669 1905 3.
695 1873 776 1912 Quid
793 1874 833 1905 sit
851 1873 903 1905 lux
926 1873 991 1905 illa.
1012 1874 1117 1905 Curve
1141 1883 1204 1903 non
1221 1872 1363 1905 dictum:

306 1929 375 1962 Fiat
392 1930 506 1962 coelum
516 1953 529 1968 ‚
546 1934 610 1961 etc.
629 1929 713 1961 sicut
728 1930 811 1961 Fiat
828 1929 901 1961 lux.
918 1923 1092 1971 Responsio
1110 1927 1223 1971 prima.
1413 1930 1474 1960 161

194 1998 237 2021 ιν.
262 1986 372 2019 Altera
384 1985 546 2029 responsio
564 1986 604 2018 ad
619 1985 816 2028 superiorem
833 1985 1052 2027 quaestionem.
1414 1985 1478 2016 162

203 2055 234 2077 v.
261 2044 434 2077 Informem
452 2053 520 2075 esse
538 2045 718 2074 creaturam
736 2040 1003 2081 intellectualem,
1016 2040 1073 2072 nisi
1090 2039 1274 2083 perficiatur
1287 2049 1366 2071 con-

307 2110 400 2132 versa
424 2098 464 2131 ad
486 2097 629 2131 divinum
655 2097 808 2129 Verbum.
828 2115 871 2120 —
893 2097 1028 2139 Spiritus
1046 2101 1173 2128 sanctus
1196 2106 1253 2127 cur
1275 2106 1370 2138 super

307 2166 419 2198 aquam
435 2154 514 2187 ferri
527 2154 631 2186 dictus
644 2157 891 2196 est,antequam
907 2156 1094 2184 narraretur
1108 2151 1224 2183 dixisse
1240 2153 1339 2183 Deum
1357 2161 1365 2192 ς

310 2212 344 2243 F
342 2211 477 2243 iatlux.
1415 2208 1478 2238 163

191 2278 234 2300 vi.
260 2269 306 2299 De
329 2265 489 2299 versiculo
504 2268 537 2298 4.
557 2264 692 2297 Trinitas
707 2264 864 2297 insinuata
893 2274 966 2297 cum
992 2263 1201 2296 inchoatione
1215 2287 1224 2303 ‚
1243 2267 1311 2295 tum
1336 2261 1369 2293 in

307 2321 509 2365 perfectione
532 2325 701 2353 creaturae.
1415 2319 1480 2349 165

185 2388 238 2410 vn.
261 2377 395 2420 Spiritus
412 2377 469 2409 Dei
481 2387 539 2409 cur
553 2376 657 2408 dictus
676 2380 724 2407 est
734 2374 907 2418 superferri
919 2384 1014 2417 super
1034 2383 1164 2416 aquam.
1390 2370 1479 2403 Ihid.

166 2433 236 2466 vin.
262 2433 321 2466 Dei
333 2443 420 2465 amor
433 2432 467 2464 in
479 2436 642 2464 creaturas
661 2435 791 2474 proestat
814 2430 858 2463 eis
869 2456 877 2472 ,
902 2434 937 2462 ut
949 2429 1023 2471 sint,
1039 2433 1073 2461 et
1093 2433 1129 2460 ut
1139 2432 1301 2460 maneant.
1417 2427 1481 2458 166

190 2499 235 2520 tx.
261 2491 396 2522 Rursum
412 2487 453 2520 de
477 2487 635 2519 versiculo
657 2489 689 2518 3.
710 2489 822 2519 Utrum
839 2486 871 2518 in
888 2490 1033 2528 tempore
1050 2484 1171 2517 dictum
1202 2483 1261 2516 sit:
1289 2482 1369 2514 Fiat

313 2543 388 2586 lux,
406 2553 446 2577 an
461 2543 529 2577 sine
550 2547 707 2587 tempore.
1416 2537 1479 2566 167
