1854 3219
338 205 392 231 DE
423 204 573 232 animm
605 204 660 231 An
692 205 937 245 LITTERAM,
972 209 1053 235 us.
1090 210 1168 235 xn.
1353 199 1436 236 593

60 269 260 327 piebatur
272 270 328 315 ab
346 270 550 316 omnibus
567 271 778 327 sensibus,
799 281 842 317 et
852 273 1025 333 jacebat
1037 274 1286 334 patentibus
1304 274 1440 319 oculis

59 340 279 385 neminem
292 341 667 386 circumstantium
677 341 853 398 videns,
874 343 928 388 ad
942 343 1108 388 nullam
1120 344 1440 390 vellicationem

58 425 104 454 se
124 425 318 456 movens.
347 414 448 456 Post
471 410 745 471 aliquantum
767 421 976 473 tanquam
999 414 1230 473 evigilans,
1251 430 1331 459 nec
1349 416 1440 475 jam

59 479 235 537 dolens,
270 496 370 541 quae
397 480 566 526 viderat
598 480 834 526 indicabat.
868 485 978 527 Tum
1004 483 1268 543 interpositis
1291 484 1439 543 paucis

58 551 212 596 diebus
229 550 379 596 eadem
394 551 656 612 patiebatur.
679 555 732 596 In
753 553 955 597 omnibus
976 569 1078 598 sane
1089 553 1159 598 vel
1170 570 1282 614 pene
1296 554 1440 599 omni-

57 621 140 666 bus
151 622 390 667 visionibus
406 622 510 678 suis,
526 622 637 668 duos
660 637 705 667 se
724 621 897 668 dicebat
917 623 1080 680 videre,
1101 640 1241 669 unum
1253 640 1439 685 provec-

57 692 177 737 tioris
193 693 347 749 aetatis,
368 692 553 738 alterum
570 708 774 753 puerum,
800 710 823 738 a
847 695 1008 754 quibus
1026 695 1063 739 ei
1075 694 1146 740 vel
1161 695 1437 750 dicebantur,

55 762 126 809 vel
147 764 580 820 demonstrabantur,
605 781 704 826 quae
721 778 765 809 se
786 764 955 810 audisse
977 775 1020 810 et
1039 766 1196 811 vidisse
1218 767 1436 811 narrabat.

116 836 366 880 XXXVIII.
394 835 514 880 Vidit
534 835 726 897 quodam
746 835 816 880 die
837 837 1019 882 chorum
1047 838 1220 897 piorum
1246 836 1440 897 psallen-

57 905 167 950 tium
180 940 192 961 ,
211 905 452 951 laetantium
469 907 514 950 in
530 906 630 952 luce
641 907 852 963 mirabili,
878 918 922 952 et
934 908 1168 967 impiorum
1184 909 1232 952 in
1249 909 1440 953 tenebris

55 975 242 1021 diversas
264 986 309 1022 et
328 976 610 1022 atrocissimas
635 993 810 1038 poenas,
840 976 922 1022 illis
944 978 1206 1023 ducentibus
1229 988 1272 1023 et
1294 988 1440 1036 osten-

55 1045 262 1091 dentibus
279 1081 290 1103 ,
327 1056 371 1092 et
401 1045 618 1092 felicitatis
650 1047 833 1093 aliorum
873 1047 1142 1108 aliorumque
1175 1047 1439 1093 infelicitatis

56 1116 262 1161 meritum
291 1117 630 1162 insinuantibus.
670 1121 763 1163 Hoc
799 1128 944 1163 autem
975 1118 1086 1163 vidit
1118 1119 1188 1162 die
1218 1118 1441 1164 dominico

57 1188 256 1243 Paschae,
283 1203 383 1232 cum
408 1204 483 1248 per
512 1198 650 1233 totam
671 1188 1052 1248 Quadragesimam
1075 1189 1185 1233 nihil
1207 1189 1437 1245 doluisset,

55 1259 126 1303 cui
147 1259 218 1304 vix
239 1259 467 1305 intervallo
489 1260 625 1305 tridui
651 1270 776 1305 antea
798 1261 1071 1320 parcebatur.
1097 1261 1275 1304 Viderat
1296 1270 1442 1305 autem

54 1331 99 1374 in
111 1331 204 1390 ipso
219 1331 414 1389 ingressu
425 1330 770 1389 Quadragesimae
788 1331 882 1374 illos
899 1331 1199 1390 promittentes
1222 1331 1303 1374 sibi
1321 1331 1442 1391 quod

54 1415 133 1460 per
169 1400 456 1462 quadraginta
489 1401 578 1445 dies
612 1400 784 1445 nullum
821 1417 1022 1445 sensurus
1059 1411 1168 1445 esset
1213 1401 1407 1445 dolorem
1426 1436 1437 1457 ,

54 1479 202 1531 postea
221 1471 301 1530 ipsi
320 1471 358 1514 ei
377 1470 594 1515 dederunt
611 1480 819 1530 tanquam
833 1470 1091 1515 medicinale
1114 1472 1365 1526 eonsilium,
1392 1482 1444 1517 ut

55 1541 95 1585 ei
117 1540 320 1601 praeputii
348 1539 579 1598 longitudo
608 1540 944 1600 praecideretur,
983 1557 1071 1600 quo
1097 1540 1212 1585 facto
1247 1541 1321 1585 diu
1350 1557 1441 1585 non

57 1611 213 1657 doluit.
243 1613 357 1657 Cum
373 1626 478 1656 vero
503 1611 665 1655 iterum
688 1610 884 1655 similiter
912 1610 1104 1666 doleret,
1130 1621 1174 1655 et
1201 1611 1354 1655 similia
1376 1613 1444 1656 vi-

56 1682 159 1727 dere
181 1682 397 1741 coepisset,
421 1681 586 1740 accepit
602 1681 657 1725 ab
675 1681 734 1724 eis
748 1696 898 1725 rursus
915 1681 1142 1725 consilium
1154 1718 1169 1737 ,
1193 1683 1304 1726 utin
1325 1698 1444 1726 mare

54 1753 175 1813 pube
197 1761 324 1796 tenus
346 1751 543 1806 intraret,
564 1766 613 1795 ac
631 1760 728 1810 post
751 1750 1018 1810 aliquantam
1043 1767 1208 1796 moram
1225 1752 1328 1796 inde
1351 1752 1442 1796 dis-

54 1823 250 1878 cederet,
274 1821 632 1882 promittentibus
660 1836 762 1865 sane
794 1822 915 1882 quod
941 1823 1033 1881 jam
1067 1821 1269 1882 deinceps
1304 1823 1442 1867 vehe-

56 1903 249 1940 mentem
268 1892 395 1937 illum
415 1892 611 1937 dolorem
636 1908 726 1937 non
746 1901 856 1936 esset
877 1908 1105 1952 passurus,
1135 1893 1212 1937 sed
1240 1893 1371 1938 solius
1393 1893 1445 1938 il-

55 1966 142 2011 lius
163 1964 315 2011 viscosi
341 1963 536 2008 humoris
558 1962 801 2008 molestiam
828 1982 837 2008 ε
862 1972 993 2024 atque
1024 1963 1084 2008 ita
1117 1973 1316 2008 secutum
1352 1975 1440 2023 est,

55 2053 138 2082 nec
161 2050 359 2096 unquam
378 2034 511 2079 talem
533 2032 723 2094 aliquam
747 2043 895 2094 postea
916 2049 1063 2094 passus
1088 2044 1152 2079 est
1173 2036 1442 2081 aversionem

57 2107 214 2153 mentis
231 2123 255 2151 a
276 2105 471 2151 sensibus
485 2140 497 2161 ,
521 2120 602 2149 nec
620 2104 706 2149 tale
732 2104 899 2166 aliquid
912 2105 1023 2150 vidit
1039 2105 1167 2166 quale
1190 2116 1317 2151 antea
1338 2123 1442 2152 cum

57 2177 104 2223 in
123 2176 275 2223 mediis
298 2175 523 2222 doloribus
541 2185 585 2220 et
605 2174 832 2221 horrendis
859 2176 1041 2221 vocibus
1073 2186 1251 2236 repente
1279 2178 1441 2223 obmu-

57 2257 224 2294 tescens
245 2247 529 2307 abriperetur.
556 2249 709 2291 Postea
723 2254 870 2290 tamen
881 2246 1057 2291 medicis
1075 2256 1230 2292 caetera
1247 2248 1442 2292 curanti-

57 2318 141 2365 bus
162 2327 206 2364 et
226 2317 500 2373 sanantibus,
520 2332 610 2363 non
631 2317 869 2377 permansit
888 2318 933 2362 in
944 2319 1165 2378 proposito
1182 2319 1436 2364 sanctitatis.

277 2610 379 2638 «xxix.
1206 2599 1254 2634 :2⁷3
