<?xml version="1.0" encoding="UTF-8"?>
<!DOCTYPE html PUBLIC "-//W3C//DTD XHTML 1.0 Transitional//EN"
    "http://www.w3.org/TR/xhtml1/DTD/xhtml1-transitional.dtd">
<html xmlns="http://www.w3.org/1999/xhtml" xml:lang="en" lang="en">
 <head>
  <title>
</title>
<meta http-equiv="Content-Type" content="text/html;charset=utf-8" />
  <meta name='ocr-system' content='tesseract 3.04.00' />
  <meta name='ocr-capabilities' content='ocr_page ocr_carea ocr_par ocr_line ocrx_word'/>
</head>
<body>
  <div class='ocr_page' id='page_1' title='image "./operaomniaaccura05auguuoft_0468.png"; bbox 0 0 1854 3219; ppageno 0'>
   <div class='ocr_carea' id='block_1_1' title="bbox 414 174 1379 216">
    <p class='ocr_par' dir='ltr' id='par_1_1' title="bbox 414 174 1379 216">
     <span class='ocr_line' id='line_1_1' title="bbox 414 174 1379 216; baseline 0 0"><span class='ocrx_word' id='word_1_1' title='bbox 414 174 502 216; x_wconf 77' lang='lat'>442</span> <span class='ocrx_word' id='word_1_2' title='bbox 863 186 897 214; x_wconf 87' lang='lat' dir='ltr'>s.</span> <span class='ocrx_word' id='word_1_3' title='bbox 933 184 1164 215; x_wconf 71' lang='lat' dir='ltr'>Aucusrtm</span> <span class='ocrx_word' id='word_1_4' title='bbox 1196 188 1379 216; x_wconf 69' lang='lat' dir='ltr'>nmscorr</span> 
     </span>
    </p>
   </div>
   <div class='ocr_carea' id='block_1_2' title="bbox 401 252 1805 1174">
    <p class='ocr_par' dir='ltr' id='par_1_2' title="bbox 401 252 1805 1174">
     <span class='ocr_line' id='line_1_2' title="bbox 411 252 1803 315; baseline -0.001 -14"><span class='ocrx_word' id='word_1_5' title='bbox 411 255 521 301; x_wconf 85' lang='lat' dir='ltr'>ratio</span> <span class='ocrx_word' id='word_1_6' title='bbox 542 254 588 297; x_wconf 89' lang='lat' dir='ltr'>in</span> <span class='ocrx_word' id='word_1_7' title='bbox 610 253 703 313; x_wconf 92' lang='lat' dir='ltr'>ipso</span> <span class='ocrx_word' id='word_1_8' title='bbox 735 254 826 297; x_wconf 89' lang='lat' dir='ltr'>Deo</span> <span class='ocrx_word' id='word_1_9' title='bbox 841 252 930 297; x_wconf 88' lang='lat' dir='ltr'>vita</span> <span class='ocrx_word' id='word_1_10' title='bbox 951 254 1122 298; x_wconf 89' lang='lat' dir='ltr'>estsine</span> <span class='ocrx_word' id='word_1_11' title='bbox 1138 263 1335 315; x_wconf 88' lang='lat' dir='ltr'>tempore</span> <span class='ocrx_word' id='word_1_12' title='bbox 1357 269 1405 300; x_wconf 84' lang='lat' dir='ltr'>ac</span> <span class='ocrx_word' id='word_1_13' title='bbox 1427 254 1525 300; x_wconf 91' lang='lat' dir='ltr'>loco</span> <span class='ocrx_word' id='word_1_14' title='bbox 1547 273 1556 300; x_wconf 70' lang='grc' dir='ltr'>ε</span> <span class='ocrx_word' id='word_1_15' title='bbox 1577 270 1678 300; x_wconf 91' lang='lat' dir='ltr'>cum</span> <span class='ocrx_word' id='word_1_16' title='bbox 1701 270 1803 315; x_wconf 86' lang='lat' dir='ltr'>ergo</span> 
     </span>
     <span class='ocr_line' id='line_1_3' title="bbox 411 323 1803 387; baseline 0.001 -16"><span class='ocrx_word' id='word_1_17' title='bbox 411 326 496 371; x_wconf 87' lang='lat' dir='ltr'>tale</span> <span class='ocrx_word' id='word_1_18' title='bbox 519 323 685 385; x_wconf 90' lang='lat' dir='ltr'>aliquid</span> <span class='ocrx_word' id='word_1_19' title='bbox 702 326 816 368; x_wconf 89' lang='lat' dir='ltr'>Deus</span> <span class='ocrx_word' id='word_1_20' title='bbox 830 324 934 383; x_wconf 84' lang='lat' dir='ltr'>agit,</span> <span class='ocrx_word' id='word_1_21' title='bbox 960 340 1049 370; x_wconf 88' lang='lat' dir='ltr'>non</span> <span class='ocrx_word' id='word_1_22' title='bbox 1071 324 1282 371; x_wconf 87' lang='lat' dir='ltr'>debemus</span> <span class='ocrx_word' id='word_1_23' title='bbox 1300 326 1470 386; x_wconf 88' lang='lat' dir='ltr'>opinari</span> <span class='ocrx_word' id='word_1_24' title='bbox 1488 328 1581 387; x_wconf 84' lang='lat' dir='ltr'>ejus</span> <span class='ocrx_word' id='word_1_25' title='bbox 1596 327 1803 372; x_wconf 86' lang='lat' dir='ltr'>substan-</span> 
     </span>
     <span class='ocr_line' id='line_1_4' title="bbox 408 396 1805 458; baseline 0.001 -17"><span class='ocrx_word' id='word_1_26' title='bbox 408 398 516 442; x_wconf 87' lang='lat' dir='ltr'>tiam</span> <span class='ocrx_word' id='word_1_27' title='bbox 538 412 625 457; x_wconf 88' lang='lat' dir='ltr'>qua</span> <span class='ocrx_word' id='word_1_28' title='bbox 647 399 762 441; x_wconf 91' lang='lat' dir='ltr'>Deus</span> <span class='ocrx_word' id='word_1_29' title='bbox 785 405 870 451; x_wconf 85' lang='lat' dir='ltr'>est,</span> <span class='ocrx_word' id='word_1_30' title='bbox 895 396 1166 457; x_wconf 83' lang='lat' dir='ltr'>temporibus</span> <span class='ocrx_word' id='word_1_31' title='bbox 1192 398 1387 458; x_wconf 87' lang='lat' dir='ltr'>locisque</span> <span class='ocrx_word' id='word_1_32' title='bbox 1414 397 1674 442; x_wconf 82' lang='lat' dir='ltr'>mutabilem</span> <span class='ocrx_word' id='word_1_33' title='bbox 1690 433 1702 454; x_wconf 81' lang='grc'><em>,</em></span> <span class='ocrx_word' id='word_1_34' title='bbox 1726 409 1805 445; x_wconf 84' lang='lat' dir='ltr'>aut</span> 
     </span>
     <span class='ocr_line' id='line_1_5' title="bbox 408 466 1804 529; baseline 0.001 -17"><span class='ocrx_word' id='word_1_35' title='bbox 408 483 487 529; x_wconf 89' lang='lat' dir='ltr'>per</span> <span class='ocrx_word' id='word_1_36' title='bbox 505 476 701 527; x_wconf 86' lang='lat' dir='ltr'>tempora</span> <span class='ocrx_word' id='word_1_37' title='bbox 721 475 764 511; x_wconf 89' lang='lat' dir='ltr'>et</span> <span class='ocrx_word' id='word_1_38' title='bbox 780 466 877 511; x_wconf 87' lang='lat' dir='ltr'>loca</span> <span class='ocrx_word' id='word_1_39' title='bbox 896 467 1106 512; x_wconf 85' lang='lat' dir='ltr'>mobilem</span> <span class='ocrx_word' id='word_1_40' title='bbox 1122 503 1134 524; x_wconf 79' lang='grc'>,</span> <span class='ocrx_word' id='word_1_41' title='bbox 1160 469 1237 512; x_wconf 89' lang='lat' dir='ltr'>sed</span> <span class='ocrx_word' id='word_1_42' title='bbox 1258 469 1304 512; x_wconf 93' lang='lat' dir='ltr'>in</span> <span class='ocrx_word' id='word_1_43' title='bbox 1325 483 1456 528; x_wconf 91' lang='lat' dir='ltr'>opere</span> <span class='ocrx_word' id='word_1_44' title='bbox 1475 467 1634 513; x_wconf 78' lang='lat' dir='ltr'>divinae</span> <span class='ocrx_word' id='word_1_45' title='bbox 1655 470 1804 528; x_wconf 87' lang='lat' dir='ltr'>provi-</span> 
     </span>
     <span class='ocr_line' id='line_1_6' title="bbox 408 538 1803 599; baseline 0.001 -16"><span class='ocrx_word' id='word_1_46' title='bbox 408 539 571 584; x_wconf 75' lang='lat' dir='ltr'>dentiae</span> <span class='ocrx_word' id='word_1_47' title='bbox 602 539 684 583; x_wconf 88' lang='lat' dir='ltr'>ista</span> <span class='ocrx_word' id='word_1_48' title='bbox 717 553 979 598; x_wconf 81' lang='lat' dir='ltr'>cognoscere</span> <span class='ocrx_word' id='word_1_49' title='bbox 1004 557 1014 583; x_wconf 78' lang='lat'>2</span> <span class='ocrx_word' id='word_1_50' title='bbox 1049 554 1140 583; x_wconf 90' lang='lat' dir='ltr'>non</span> <span class='ocrx_word' id='word_1_51' title='bbox 1171 539 1217 582; x_wconf 87' lang='lat' dir='ltr'>in</span> <span class='ocrx_word' id='word_1_52' title='bbox 1245 538 1322 583; x_wconf 90' lang='lat' dir='ltr'>illo</span> <span class='ocrx_word' id='word_1_53' title='bbox 1354 554 1486 599; x_wconf 89' lang='lat' dir='ltr'>opere</span> <span class='ocrx_word' id='word_1_54' title='bbox 1509 554 1600 599; x_wconf 91' lang='lat' dir='ltr'>quo</span> <span class='ocrx_word' id='word_1_55' title='bbox 1628 548 1803 586; x_wconf 87' lang='lat' dir='ltr'>naturas</span> 
     </span>
     <span class='ocr_line' id='line_1_7' title="bbox 406 609 1804 671; baseline 0.001 -15"><span class='ocrx_word' id='word_1_56' title='bbox 406 620 539 667; x_wconf 83' lang='lat' dir='ltr'>creat,</span> <span class='ocrx_word' id='word_1_57' title='bbox 560 610 637 656; x_wconf 86' lang='lat' dir='ltr'>sed</span> <span class='ocrx_word' id='word_1_58' title='bbox 657 611 703 655; x_wconf 88' lang='lat' dir='ltr'>in</span> <span class='ocrx_word' id='word_1_59' title='bbox 717 609 794 655; x_wconf 91' lang='lat' dir='ltr'>illo</span> <span class='ocrx_word' id='word_1_60' title='bbox 817 626 906 671; x_wconf 88' lang='lat' dir='ltr'>quo</span> <span class='ocrx_word' id='word_1_61' title='bbox 928 610 1185 655; x_wconf 87' lang='lat' dir='ltr'>intrinsecus</span> <span class='ocrx_word' id='word_1_62' title='bbox 1206 618 1371 654; x_wconf 84' lang='lat' dir='ltr'>creatas</span> <span class='ocrx_word' id='word_1_63' title='bbox 1387 611 1519 665; x_wconf 86' lang='lat' dir='ltr'>etiam</span> <span class='ocrx_word' id='word_1_64' title='bbox 1540 611 1804 657; x_wconf 87' lang='lat' dir='ltr'>extrinsecus</span> 
     </span>
     <span class='ocr_line' id='line_1_8' title="bbox 406 680 1802 741; baseline 0.001 -15"><span class='ocrx_word' id='word_1_65' title='bbox 406 681 697 737; x_wconf 78' lang='lat' dir='ltr'>administrat,</span> <span class='ocrx_word' id='word_1_66' title='bbox 718 696 818 726; x_wconf 91' lang='lat' dir='ltr'>cum</span> <span class='ocrx_word' id='word_1_67' title='bbox 836 682 890 726; x_wconf 90' lang='lat' dir='ltr'>sit</span> <span class='ocrx_word' id='word_1_68' title='bbox 910 681 1017 741; x_wconf 79' lang='lat' dir='ltr'>ipse,</span> <span class='ocrx_word' id='word_1_69' title='bbox 1038 680 1162 726; x_wconf 90' lang='lat' dir='ltr'>nullo</span> <span class='ocrx_word' id='word_1_70' title='bbox 1185 680 1386 726; x_wconf 89' lang='lat' dir='ltr'>locorum</span> <span class='ocrx_word' id='word_1_71' title='bbox 1399 682 1470 726; x_wconf 85' lang='lat' dir='ltr'>vel</span> <span class='ocrx_word' id='word_1_72' title='bbox 1490 681 1720 727; x_wconf 87' lang='lat' dir='ltr'>intervallo</span> <span class='ocrx_word' id='word_1_73' title='bbox 1731 683 1802 728; x_wconf 85' lang='lat' dir='ltr'>vel</span> 
     </span>
     <span class='ocr_line' id='line_1_9' title="bbox 404 752 1803 814; baseline -0.001 -15"><span class='ocrx_word' id='word_1_74' title='bbox 404 754 571 813; x_wconf 77' lang='lat' dir='ltr'>spatio,</span> <span class='ocrx_word' id='word_1_75' title='bbox 597 752 947 799; x_wconf 84' lang='lat' dir='ltr'>incommutabili</span> <span class='ocrx_word' id='word_1_76' title='bbox 976 752 1293 814; x_wconf 87' lang='lat' dir='ltr'>excellentique</span> <span class='ocrx_word' id='word_1_77' title='bbox 1322 755 1520 814; x_wconf 86' lang='lat' dir='ltr'>potentia</span> <span class='ocrx_word' id='word_1_78' title='bbox 1548 763 1593 799; x_wconf 86' lang='lat' dir='ltr'>et</span> <span class='ocrx_word' id='word_1_79' title='bbox 1621 753 1803 800; x_wconf 82' lang='lat' dir='ltr'>interior</span> 
     </span>
     <span class='ocr_line' id='line_1_10' title="bbox 404 825 1795 887; baseline 0 -17"><span class='ocrx_word' id='word_1_80' title='bbox 404 826 526 871; x_wconf 91' lang='lat' dir='ltr'>omni</span> <span class='ocrx_word' id='word_1_81' title='bbox 553 841 599 870; x_wconf 89' lang='lat' dir='ltr'>re</span> <span class='ocrx_word' id='word_1_82' title='bbox 616 862 627 882; x_wconf 84' lang='lat'>‚</span> <span class='ocrx_word' id='word_1_83' title='bbox 647 825 750 887; x_wconf 89' lang='lat' dir='ltr'>quia</span> <span class='ocrx_word' id='word_1_84' title='bbox 771 826 819 870; x_wconf 93' lang='lat' dir='ltr'>in</span> <span class='ocrx_word' id='word_1_85' title='bbox 843 826 938 886; x_wconf 87' lang='lat' dir='ltr'>ipso</span> <span class='ocrx_word' id='word_1_86' title='bbox 959 834 1063 870; x_wconf 87' lang='lat' dir='ltr'>sunt</span> <span class='ocrx_word' id='word_1_87' title='bbox 1085 826 1230 870; x_wconf 86' lang='lat' dir='ltr'>omnia</span> <span class='ocrx_word' id='word_1_88' title='bbox 1245 861 1257 881; x_wconf 81' lang='lat'>,</span> <span class='ocrx_word' id='word_1_89' title='bbox 1283 835 1328 870; x_wconf 88' lang='lat' dir='ltr'>et</span> <span class='ocrx_word' id='word_1_90' title='bbox 1356 826 1546 871; x_wconf 85' lang='lat' dir='ltr'>exterior</span> <span class='ocrx_word' id='word_1_91' title='bbox 1577 827 1700 872; x_wconf 91' lang='lat' dir='ltr'>omni</span> <span class='ocrx_word' id='word_1_92' title='bbox 1720 841 1767 871; x_wconf 89' lang='lat' dir='ltr'>re</span> <span class='ocrx_word' id='word_1_93' title='bbox 1782 861 1795 882; x_wconf 90' lang='lat'>‚</span> 
     </span>
     <span class='ocr_line' id='line_1_11' title="bbox 402 896 1801 959; baseline 0 -17"><span class='ocrx_word' id='word_1_94' title='bbox 402 898 506 959; x_wconf 88' lang='lat' dir='ltr'>quia</span> <span class='ocrx_word' id='word_1_95' title='bbox 526 899 618 958; x_wconf 88' lang='lat' dir='ltr'>ipse</span> <span class='ocrx_word' id='word_1_96' title='bbox 630 907 693 943; x_wconf 89' lang='lat' dir='ltr'>est</span> <span class='ocrx_word' id='word_1_97' title='bbox 705 913 835 959; x_wconf 90' lang='lat' dir='ltr'>super</span> <span class='ocrx_word' id='word_1_98' title='bbox 855 898 1016 943; x_wconf 86' lang='lat' dir='ltr'>omnia.</span> <span class='ocrx_word' id='word_1_99' title='bbox 1043 901 1155 942; x_wconf 85' lang='lat' dir='ltr'>Item</span> <span class='ocrx_word' id='word_1_100' title='bbox 1176 896 1301 942; x_wconf 91' lang='lat' dir='ltr'>nullo</span> <span class='ocrx_word' id='word_1_101' title='bbox 1318 907 1570 958; x_wconf 85' lang='lat' dir='ltr'>temporum</span> <span class='ocrx_word' id='word_1_102' title='bbox 1580 898 1652 944; x_wconf 88' lang='lat' dir='ltr'>vel</span> <span class='ocrx_word' id='word_1_103' title='bbox 1661 898 1801 943; x_wconf 87' lang='lat' dir='ltr'>inter-</span> 
     </span>
     <span class='ocr_line' id='line_1_12' title="bbox 403 968 1804 1030; baseline -0.001 -15"><span class='ocrx_word' id='word_1_104' title='bbox 403 969 520 1015; x_wconf 88' lang='lat' dir='ltr'>vallo</span> <span class='ocrx_word' id='word_1_105' title='bbox 553 969 622 1014; x_wconf 88' lang='lat' dir='ltr'>vel</span> <span class='ocrx_word' id='word_1_106' title='bbox 643 970 805 1030; x_wconf 85' lang='lat' dir='ltr'>spatio,</span> <span class='ocrx_word' id='word_1_107' title='bbox 842 968 1192 1014; x_wconf 85' lang='lat' dir='ltr'>incommutabili</span> <span class='ocrx_word' id='word_1_108' title='bbox 1227 970 1472 1015; x_wconf 83' lang='lat' dir='ltr'>aeternitate</span> <span class='ocrx_word' id='word_1_109' title='bbox 1510 979 1555 1015; x_wconf 89' lang='lat' dir='ltr'>et</span> <span class='ocrx_word' id='word_1_110' title='bbox 1581 970 1804 1030; x_wconf 78' lang='lat' dir='ltr'>antiquior</span> 
     </span>
     <span class='ocr_line' id='line_1_13' title="bbox 401 1041 1800 1102; baseline 0.001 -17"><span class='ocrx_word' id='word_1_111' title='bbox 401 1051 467 1086; x_wconf 87' lang='lat' dir='ltr'>est</span> <span class='ocrx_word' id='word_1_112' title='bbox 495 1041 725 1097; x_wconf 86' lang='lat' dir='ltr'>omnibus,</span> <span class='ocrx_word' id='word_1_113' title='bbox 758 1041 861 1102; x_wconf 88' lang='lat' dir='ltr'>quia</span> <span class='ocrx_word' id='word_1_114' title='bbox 888 1042 980 1101; x_wconf 79' lang='lat' dir='ltr'>ipse</span> <span class='ocrx_word' id='word_1_115' title='bbox 1013 1050 1078 1085; x_wconf 85' lang='lat' dir='ltr'>est</span> <span class='ocrx_word' id='word_1_116' title='bbox 1112 1049 1213 1085; x_wconf 87' lang='lat' dir='ltr'>ante</span> <span class='ocrx_word' id='word_1_117' title='bbox 1243 1041 1415 1098; x_wconf 80' lang='lat' dir='ltr'>omnia,</span> <span class='ocrx_word' id='word_1_118' title='bbox 1442 1051 1487 1087; x_wconf 85' lang='lat' dir='ltr'>et</span> <span class='ocrx_word' id='word_1_119' title='bbox 1519 1041 1674 1087; x_wconf 81' lang='lat' dir='ltr'>novior</span> <span class='ocrx_word' id='word_1_120' title='bbox 1701 1056 1800 1087; x_wconf 90' lang='lat' dir='ltr'>om-</span> 
     </span>
     <span class='ocr_line' id='line_1_14' title="bbox 406 1112 1229 1174; baseline 0 -18"><span class='ocrx_word' id='word_1_121' title='bbox 406 1113 538 1157; x_wconf 89' lang='lat' dir='ltr'>nibus</span> <span class='ocrx_word' id='word_1_122' title='bbox 549 1148 561 1169; x_wconf 78' lang='lat'>‚</span> <span class='ocrx_word' id='word_1_123' title='bbox 590 1113 693 1174; x_wconf 86' lang='lat' dir='ltr'>quia</span> <span class='ocrx_word' id='word_1_124' title='bbox 713 1112 831 1158; x_wconf 89' lang='lat' dir='ltr'>idem</span> <span class='ocrx_word' id='word_1_125' title='bbox 852 1113 943 1173; x_wconf 90' lang='lat' dir='ltr'>ipse</span> <span class='ocrx_word' id='word_1_126' title='bbox 956 1121 1055 1173; x_wconf 89' lang='lat' dir='ltr'>post</span> <span class='ocrx_word' id='word_1_127' title='bbox 1069 1113 1229 1158; x_wconf 86' lang='lat' dir='ltr'>omnia.</span> 
     </span>
    </p>
   </div>
   <div class='ocr_carea' id='block_1_3' title="bbox 1150 1267 1785 1288">
    <p class='ocr_par' dir='ltr' id='par_1_3' title="bbox 1150 1267 1785 1288">
     <span class='ocr_line' id='line_1_15' title="bbox 1150 1267 1785 1288; baseline 0.002 -1"><span class='ocrx_word' id='word_1_128' title='bbox 1150 1267 1785 1288; x_wconf 60' lang='lat' dir='ltr'>MMMMWWAWWWWMMW</span> 
     </span>
    </p>
   </div>
   <div class='ocr_carea' id='block_1_4' title="bbox 943 1269 1148 1287">
    <p class='ocr_par' dir='ltr' id='par_1_4' title="bbox 943 1269 1148 1287">
     <span class='ocr_line' id='line_1_16' title="bbox 943 1269 1148 1287; baseline 0 1932"><span class='ocrx_word' id='word_1_129' title='bbox 943 1269 1148 1287; x_wconf 95' lang='lat' dir='ltr'> </span> 
     </span>
    </p>
   </div>
   <div class='ocr_carea' id='block_1_5' title="bbox 676 1269 943 1288">
    <p class='ocr_par' dir='ltr' id='par_1_5' title="bbox 676 1269 943 1288">
     <span class='ocr_line' id='line_1_17' title="bbox 676 1269 943 1288; baseline 0 1931"><span class='ocrx_word' id='word_1_130' title='bbox 676 1269 943 1288; x_wconf 95' lang='lat' dir='ltr'> </span> 
     </span>
    </p>
   </div>
   <div class='ocr_carea' id='block_1_6' title="bbox 404 1270 675 1288">
    <p class='ocr_par' dir='ltr' id='par_1_6' title="bbox 404 1270 675 1288">
     <span class='ocr_line' id='line_1_18' title="bbox 404 1270 675 1288; baseline 0.004 -1"><span class='ocrx_word' id='word_1_131' title='bbox 404 1270 675 1288; x_wconf 68' lang='lat' dir='ltr'>mmvwwuwm</span> 
     </span>
    </p>
   </div>
   <div class='ocr_carea' id='block_1_7' title="bbox 878 1393 1350 1445">
    <p class='ocr_par' dir='ltr' id='par_1_7' title="bbox 878 1393 1350 1445">
     <span class='ocr_line' id='line_1_19' title="bbox 878 1393 1350 1445; baseline 0 -2"><span class='ocrx_word' id='word_1_132' title='bbox 878 1393 1099 1445; x_wconf 82' lang='lat' dir='ltr'><strong>CAPUT</strong></span> <span class='ocrx_word' id='word_1_133' title='bbox 1138 1396 1350 1445; x_wconf 70' lang='lat' dir='ltr'><strong>XXVII.</strong></span> 
     </span>
    </p>
   </div>
   <div class='ocr_carea' id='block_1_8' title="bbox 406 1526 1790 1592">
    <p class='ocr_par' dir='ltr' id='par_1_8' title="bbox 406 1526 1790 1592">
     <span class='ocr_line' id='line_1_20' title="bbox 406 1526 1790 1592; baseline 0.002 -19"><span class='ocrx_word' id='word_1_134' title='bbox 406 1526 662 1591; x_wconf 76' lang='lat' dir='ltr'>Quomodo</span> <span class='ocrx_word' id='word_1_135' title='bbox 680 1528 863 1574; x_wconf 74' lang='lat' dir='ltr'>locutus</span> <span class='ocrx_word' id='word_1_136' title='bbox 883 1530 944 1574; x_wconf 78' lang='lat' dir='ltr'>sit</span> <span class='ocrx_word' id='word_1_137' title='bbox 964 1528 1099 1574; x_wconf 75' lang='lat' dir='ltr'>Deles</span> <span class='ocrx_word' id='word_1_138' title='bbox 1119 1530 1169 1575; x_wconf 90' lang='lat' dir='ltr'><em>A</em></span> <span class='ocrx_word' id='word_1_139' title='bbox 1172 1527 1264 1586; x_wconf 76' lang='lat' dir='ltr'>dte,</span> <span class='ocrx_word' id='word_1_140' title='bbox 1282 1546 1347 1575; x_wconf 70' lang='lat' dir='ltr'>ex·</span> <span class='ocrx_word' id='word_1_141' title='bbox 1367 1527 1509 1575; x_wconf 70' lang='lat' dir='ltr'>dictis</span> <span class='ocrx_word' id='word_1_142' title='bbox 1534 1529 1790 1592; x_wconf 72' lang='lat' dir='ltr'>colligitur.</span> 
     </span>
    </p>
   </div>
   <div class='ocr_carea' id='block_1_9' title="bbox 392 1664 1794 2516">
    <p class='ocr_par' dir='ltr' id='par_1_9' title="bbox 392 1664 1794 2516">
     <span class='ocr_line' id='line_1_21' title="bbox 457 1664 1780 1726; baseline 0.004 -17"><span class='ocrx_word' id='word_1_143' title='bbox 457 1667 617 1710; x_wconf 88' lang='lat' dir='ltr'>XLIX.</span> <span class='ocrx_word' id='word_1_144' title='bbox 637 1667 925 1719; x_wconf 76' lang='lat' dir='ltr'><strong>QUAPROPTER</strong></span> <span class='ocrx_word' id='word_1_145' title='bbox 937 1680 1038 1709; x_wconf 91' lang='lat' dir='ltr'>cum</span> <span class='ocrx_word' id='word_1_146' title='bbox 1047 1664 1247 1710; x_wconf 83' lang='lat' dir='ltr'>audimus</span> <span class='ocrx_word' id='word_1_147' title='bbox 1262 1665 1757 1726; x_wconf 87' lang='lat' dir='ltr'>Scripturamdicentem</span> <span class='ocrx_word' id='word_1_148' title='bbox 1772 1689 1780 1714; x_wconf 74' lang='grc' dir='ltr'><strong><em>τ</em></strong></span> 
     </span>
     <span class='ocr_line' id='line_1_22' title="bbox 399 1735 1794 1797; baseline 0.004 -19"><span class='ocrx_word' id='word_1_149' title='bbox 399 1756 420 1779; x_wconf 90' lang='lat'>«</span> <span class='ocrx_word' id='word_1_150' title='bbox 455 1739 512 1780; x_wconf 87' lang='lat' dir='ltr'>Et</span> <span class='ocrx_word' id='word_1_151' title='bbox 533 1737 741 1795; x_wconf 68' lang='lat' dir='ltr'>praecepit</span> <span class='ocrx_word' id='word_1_152' title='bbox 750 1736 960 1780; x_wconf 89' lang='lat' dir='ltr'>Dominus</span> <span class='ocrx_word' id='word_1_153' title='bbox 977 1739 1092 1780; x_wconf 90' lang='lat' dir='ltr'>Deus</span> <span class='ocrx_word' id='word_1_154' title='bbox 1115 1735 1240 1791; x_wconf 77' lang='lat' dir='ltr'>Adae,</span> <span class='ocrx_word' id='word_1_155' title='bbox 1261 1736 1431 1782; x_wconf 88' lang='lat' dir='ltr'>dicens:</span> <span class='ocrx_word' id='word_1_156' title='bbox 1451 1738 1520 1782; x_wconf 82' lang='lat' dir='ltr'>Ab</span> <span class='ocrx_word' id='word_1_157' title='bbox 1539 1739 1659 1782; x_wconf 89' lang='lat' dir='ltr'>omni</span> <span class='ocrx_word' id='word_1_158' title='bbox 1675 1737 1794 1797; x_wconf 83' lang='lat' dir='ltr'>ligno</span> 
     </span>
     <span class='ocr_line' id='line_1_23' title="bbox 397 1806 1793 1870; baseline 0.005 -22"><span class='ocrx_word' id='word_1_159' title='bbox 397 1826 417 1849; x_wconf 90' lang='lat'>»</span> <span class='ocrx_word' id='word_1_160' title='bbox 452 1807 574 1868; x_wconf 85' lang='lat' dir='ltr'>quod</span> <span class='ocrx_word' id='word_1_161' title='bbox 586 1816 650 1851; x_wconf 86' lang='lat' dir='ltr'>est</span> <span class='ocrx_word' id='word_1_162' title='bbox 671 1807 717 1850; x_wconf 92' lang='lat' dir='ltr'>in</span> <span class='ocrx_word' id='word_1_163' title='bbox 738 1807 939 1867; x_wconf 81' lang='lat' dir='ltr'>paradiso</span> <span class='ocrx_word' id='word_1_164' title='bbox 956 1806 1174 1852; x_wconf 49' lang='lat' dir='ltr'>escassedes</span> <span class='ocrx_word' id='word_1_165' title='bbox 1198 1827 1207 1852; x_wconf 88' lang='lat'>:</span> <span class='ocrx_word' id='word_1_166' title='bbox 1228 1807 1284 1851; x_wconf 89' lang='lat' dir='ltr'>de</span> <span class='ocrx_word' id='word_1_167' title='bbox 1304 1807 1426 1867; x_wconf 85' lang='lat' dir='ltr'>ligno</span> <span class='ocrx_word' id='word_1_168' title='bbox 1444 1818 1593 1853; x_wconf 89' lang='lat' dir='ltr'>autem</span> <span class='ocrx_word' id='word_1_169' title='bbox 1611 1825 1793 1870; x_wconf 81' lang='lat' dir='ltr'>cognos-</span> 
     </span>
     <span class='ocr_line' id='line_1_24' title="bbox 400 1877 1790 1942; baseline 0.005 -23"><span class='ocrx_word' id='word_1_170' title='bbox 400 1897 419 1919; x_wconf 88' lang='lat'>»</span> <span class='ocrx_word' id='word_1_171' title='bbox 456 1877 584 1922; x_wconf 88' lang='lat' dir='ltr'>cendi</span> <span class='ocrx_word' id='word_1_172' title='bbox 601 1877 770 1921; x_wconf 89' lang='lat' dir='ltr'>bonum</span> <span class='ocrx_word' id='word_1_173' title='bbox 785 1887 827 1921; x_wconf 89' lang='lat' dir='ltr'>et</span> <span class='ocrx_word' id='word_1_174' title='bbox 845 1877 1010 1922; x_wconf 88' lang='lat' dir='ltr'>malum</span> <span class='ocrx_word' id='word_1_175' title='bbox 1027 1913 1038 1933; x_wconf 81' lang='lat'><strong>‚</strong></span> <span class='ocrx_word' id='word_1_176' title='bbox 1061 1893 1151 1922; x_wconf 90' lang='lat' dir='ltr'>non</span> <span class='ocrx_word' id='word_1_177' title='bbox 1167 1878 1490 1924; x_wconf 84' lang='lat' dir='ltr'>manducabitis</span> <span class='ocrx_word' id='word_1_178' title='bbox 1508 1879 1563 1923; x_wconf 87' lang='lat' dir='ltr'>de</span> <span class='ocrx_word' id='word_1_179' title='bbox 1580 1879 1656 1924; x_wconf 91' lang='lat' dir='ltr'>illo</span> <span class='ocrx_word' id='word_1_180' title='bbox 1675 1900 1683 1925; x_wconf 92' lang='lat'><strong>:</strong></span> <span class='ocrx_word' id='word_1_181' title='bbox 1704 1898 1790 1942; x_wconf 83' lang='lat' dir='ltr'>qua</span> 
     </span>
     <span class='ocr_line' id='line_1_25' title="bbox 400 1948 1790 2005; baseline 0.004 -13"><span class='ocrx_word' id='word_1_182' title='bbox 400 1968 420 1990; x_wconf 78' lang='grc'>1)</span> <span class='ocrx_word' id='word_1_183' title='bbox 456 1950 526 1993; x_wconf 84' lang='lat' dir='ltr'>die</span> <span class='ocrx_word' id='word_1_184' title='bbox 549 1958 696 1993; x_wconf 86' lang='lat' dir='ltr'>autem</span> <span class='ocrx_word' id='word_1_185' title='bbox 718 1948 892 1993; x_wconf 85' lang='lat' dir='ltr'>ederitis</span> <span class='ocrx_word' id='word_1_186' title='bbox 916 1949 973 1994; x_wconf 83' lang='lat' dir='ltr'>ab</span> <span class='ocrx_word' id='word_1_187' title='bbox 995 1964 1068 2005; x_wconf 82' lang='lat' dir='ltr'>eo,</span> <span class='ocrx_word' id='word_1_188' title='bbox 1097 1955 1238 1994; x_wconf 88' lang='lat' dir='ltr'>morte</span> <span class='ocrx_word' id='word_1_189' title='bbox 1262 1950 1506 1995; x_wconf 90' lang='lat' dir='ltr'>moriemini</span> <span class='ocrx_word' id='word_1_190' title='bbox 1526 1952 1539 1976; x_wconf 79' lang='lat'>1</span> <span class='ocrx_word' id='word_1_191' title='bbox 1564 1971 1573 1996; x_wconf 73' lang='lat'>2</span> <span class='ocrx_word' id='word_1_192' title='bbox 1597 1969 1618 1993; x_wconf 88' lang='lat'>»</span> <span class='ocrx_word' id='word_1_193' title='bbox 1639 1952 1675 1996; x_wconf 87' lang='lat' dir='ltr'>si</span> <span class='ocrx_word' id='word_1_194' title='bbox 1692 1968 1790 1997; x_wconf 82' lang='lat' dir='ltr'>mo-</span> 
     </span>
     <span class='ocr_line' id='line_1_26' title="bbox 395 2021 1791 2083; baseline 0.003 -17"><span class='ocrx_word' id='word_1_195' title='bbox 395 2021 503 2066; x_wconf 86' lang='lat' dir='ltr'>dum</span> <span class='ocrx_word' id='word_1_196' title='bbox 535 2023 770 2083; x_wconf 73' lang='lat' dir='ltr'>quaerimus</span> <span class='ocrx_word' id='word_1_197' title='bbox 798 2021 1022 2083; x_wconf 88' lang='lat' dir='ltr'>quomodo</span> <span class='ocrx_word' id='word_1_198' title='bbox 1053 2022 1133 2066; x_wconf 80' lang='lat' dir='ltr'>ista</span> <span class='ocrx_word' id='word_1_199' title='bbox 1164 2021 1339 2067; x_wconf 89' lang='lat' dir='ltr'>locutus</span> <span class='ocrx_word' id='word_1_200' title='bbox 1373 2023 1427 2067; x_wconf 89' lang='lat' dir='ltr'>sit</span> <span class='ocrx_word' id='word_1_201' title='bbox 1460 2026 1597 2080; x_wconf 87' lang='lat' dir='ltr'>Deus,</span> <span class='ocrx_word' id='word_1_202' title='bbox 1632 2026 1791 2070; x_wconf 88' lang='lat' dir='ltr'>modus</span> 
     </span>
     <span class='ocr_line' id='line_1_27' title="bbox 396 2094 1790 2157; baseline 0.003 -20"><span class='ocrx_word' id='word_1_203' title='bbox 396 2094 576 2155; x_wconf 82' lang='lat' dir='ltr'>quidem</span> <span class='ocrx_word' id='word_1_204' title='bbox 590 2095 681 2154; x_wconf 90' lang='lat' dir='ltr'>ipse</span> <span class='ocrx_word' id='word_1_205' title='bbox 697 2110 722 2139; x_wconf 88' lang='lat' dir='ltr'>a</span> <span class='ocrx_word' id='word_1_206' title='bbox 743 2094 869 2139; x_wconf 89' lang='lat' dir='ltr'>nobis</span> <span class='ocrx_word' id='word_1_207' title='bbox 886 2095 1062 2155; x_wconf 85' lang='lat' dir='ltr'>proprie</span> <span class='ocrx_word' id='word_1_208' title='bbox 1084 2095 1397 2155; x_wconf 88' lang='lat' dir='ltr'>comprehendi</span> <span class='ocrx_word' id='word_1_209' title='bbox 1414 2111 1506 2141; x_wconf 91' lang='lat' dir='ltr'>non</span> <span class='ocrx_word' id='word_1_210' title='bbox 1518 2106 1679 2157; x_wconf 77' lang='lat' dir='ltr'>potest3</span> <span class='ocrx_word' id='word_1_211' title='bbox 1700 2113 1790 2143; x_wconf 88' lang='lat' dir='ltr'>cer-</span> 
     </span>
     <span class='ocr_line' id='line_1_28' title="bbox 394 2165 1784 2229; baseline 0.002 -19"><span class='ocrx_word' id='word_1_212' title='bbox 394 2165 554 2210; x_wconf 87' lang='lat' dir='ltr'>tissime</span> <span class='ocrx_word' id='word_1_213' title='bbox 572 2175 718 2210; x_wconf 84' lang='lat' dir='ltr'>tamen</span> <span class='ocrx_word' id='word_1_214' title='bbox 741 2175 889 2210; x_wconf 88' lang='lat' dir='ltr'>tenere</span> <span class='ocrx_word' id='word_1_215' title='bbox 906 2165 1117 2210; x_wconf 88' lang='lat' dir='ltr'>debemus</span> <span class='ocrx_word' id='word_1_216' title='bbox 1152 2169 1293 2211; x_wconf 90' lang='lat' dir='ltr'>Deum</span> <span class='ocrx_word' id='word_1_217' title='bbox 1310 2176 1384 2211; x_wconf 85' lang='lat' dir='ltr'>aut</span> <span class='ocrx_word' id='word_1_218' title='bbox 1405 2182 1485 2227; x_wconf 87' lang='lat' dir='ltr'>per</span> <span class='ocrx_word' id='word_1_219' title='bbox 1510 2182 1633 2229; x_wconf 84' lang='lat' dir='ltr'>suam</span> <span class='ocrx_word' id='word_1_220' title='bbox 1657 2169 1784 2213; x_wconf 87' lang='lat' dir='ltr'>subs-</span> 
     </span>
     <span class='ocr_line' id='line_1_29' title="bbox 397 2237 1788 2301; baseline 0.004 -21"><span class='ocrx_word' id='word_1_221' title='bbox 397 2238 579 2282; x_wconf 82' lang='lat' dir='ltr'>tantiam</span> <span class='ocrx_word' id='word_1_222' title='bbox 600 2237 740 2299; x_wconf 76' lang='lat' dir='ltr'>loqui,</span> <span class='ocrx_word' id='word_1_223' title='bbox 765 2248 841 2283; x_wconf 87' lang='lat' dir='ltr'>aut</span> <span class='ocrx_word' id='word_1_224' title='bbox 862 2253 939 2298; x_wconf 89' lang='lat' dir='ltr'>per</span> <span class='ocrx_word' id='word_1_225' title='bbox 961 2238 1043 2282; x_wconf 92' lang='lat' dir='ltr'>sibi</span> <span class='ocrx_word' id='word_1_226' title='bbox 1071 2237 1292 2283; x_wconf 86' lang='lat' dir='ltr'>subditam</span> <span class='ocrx_word' id='word_1_227' title='bbox 1316 2248 1582 2297; x_wconf 81' lang='lat' dir='ltr'>creaturam3</span> <span class='ocrx_word' id='word_1_228' title='bbox 1612 2240 1688 2285; x_wconf 91' lang='lat' dir='ltr'>sed</span> <span class='ocrx_word' id='word_1_229' title='bbox 1709 2257 1788 2301; x_wconf 81' lang='lat' dir='ltr'>per</span> 
     </span>
     <span class='ocr_line' id='line_1_30' title="bbox 394 2308 1785 2370; baseline 0.003 -18"><span class='ocrx_word' id='word_1_230' title='bbox 394 2309 684 2353; x_wconf 84' lang='lat' dir='ltr'>substantiam</span> <span class='ocrx_word' id='word_1_231' title='bbox 700 2325 823 2353; x_wconf 86' lang='lat' dir='ltr'>suam</span> <span class='ocrx_word' id='word_1_232' title='bbox 850 2324 941 2354; x_wconf 90' lang='lat' dir='ltr'>non</span> <span class='ocrx_word' id='word_1_233' title='bbox 964 2308 1087 2370; x_wconf 80' lang='lat' dir='ltr'>loqui</span> <span class='ocrx_word' id='word_1_234' title='bbox 1109 2310 1191 2354; x_wconf 87' lang='lat' dir='ltr'>nisi</span> <span class='ocrx_word' id='word_1_235' title='bbox 1219 2310 1276 2354; x_wconf 89' lang='lat' dir='ltr'>ad</span> <span class='ocrx_word' id='word_1_236' title='bbox 1296 2310 1504 2355; x_wconf 84' lang='lat' dir='ltr'>creandas</span> <span class='ocrx_word' id='word_1_237' title='bbox 1532 2327 1681 2356; x_wconf 88' lang='lat' dir='ltr'>omnes</span> <span class='ocrx_word' id='word_1_238' title='bbox 1703 2328 1785 2357; x_wconf 90' lang='lat' dir='ltr'>na—</span> 
     </span>
     <span class='ocr_line' id='line_1_31' title="bbox 394 2379 1785 2441; baseline 0.004 -18"><span class='ocrx_word' id='word_1_239' title='bbox 394 2388 511 2424; x_wconf 85' lang='lat' dir='ltr'>turas</span> <span class='ocrx_word' id='word_1_240' title='bbox 527 2415 538 2435; x_wconf 89' lang='lat'><em>‚</em></span> <span class='ocrx_word' id='word_1_241' title='bbox 571 2379 621 2424; x_wconf 86' lang='lat' dir='ltr'>ad</span> <span class='ocrx_word' id='word_1_242' title='bbox 648 2379 860 2440; x_wconf 84' lang='lat' dir='ltr'>spiritales</span> <span class='ocrx_word' id='word_1_243' title='bbox 885 2395 989 2425; x_wconf 82' lang='lat' dir='ltr'>vero</span> <span class='ocrx_word' id='word_1_244' title='bbox 1023 2390 1156 2441; x_wconf 88' lang='lat' dir='ltr'>atque</span> <span class='ocrx_word' id='word_1_245' title='bbox 1184 2380 1500 2426; x_wconf 85' lang='lat' dir='ltr'>intellectuales</span> <span class='ocrx_word' id='word_1_246' title='bbox 1526 2398 1617 2427; x_wconf 85' lang='lat' dir='ltr'>non</span> <span class='ocrx_word' id='word_1_247' title='bbox 1643 2382 1785 2428; x_wconf 89' lang='lat' dir='ltr'>solum</span> 
     </span>
     <span class='ocr_line' id='line_1_32' title="bbox 392 2451 1784 2516; baseline 0.004 -23"><span class='ocrx_word' id='word_1_248' title='bbox 392 2451 615 2507; x_wconf 74' lang='lat' dir='ltr'>creandas,</span> <span class='ocrx_word' id='word_1_249' title='bbox 631 2451 708 2498; x_wconf 87' lang='lat' dir='ltr'>sed</span> <span class='ocrx_word' id='word_1_250' title='bbox 725 2453 855 2498; x_wconf 86' lang='lat' dir='ltr'>ctiam</span> <span class='ocrx_word' id='word_1_251' title='bbox 872 2452 1196 2510; x_wconf 77' lang='lat' dir='ltr'>illuminandas,</span> <span class='ocrx_word' id='word_1_252' title='bbox 1213 2469 1312 2499; x_wconf 92' lang='lat' dir='ltr'>cum</span> <span class='ocrx_word' id='word_1_253' title='bbox 1321 2455 1413 2513; x_wconf 84' lang='lat' dir='ltr'>jam</span> <span class='ocrx_word' id='word_1_254' title='bbox 1430 2464 1614 2515; x_wconf 86' lang='lat' dir='ltr'>possunt</span> <span class='ocrx_word' id='word_1_255' title='bbox 1629 2471 1784 2516; x_wconf 75' lang='lat' dir='ltr'>capere</span> 
     </span>
    </p>
   </div>
   <div class='ocr_carea' id='block_1_10' title="bbox 442 2550 685 2592">
    <p class='ocr_par' dir='ltr' id='par_1_10' title="bbox 442 2550 685 2592">
     <span class='ocr_line' id='line_1_33' title="bbox 442 2550 685 2592; baseline 0.008 -11"><span class='ocrx_word' id='word_1_256' title='bbox 442 2556 453 2573; x_wconf 91' lang='lat'>¹</span> <span class='ocrx_word' id='word_1_257' title='bbox 474 2552 555 2583; x_wconf 85' lang='lat' dir='ltr'>Gen.</span> <span class='ocrx_word' id='word_1_258' title='bbox 574 2561 609 2592; x_wconf 87' lang='grc' dir='ltr'>ιι,</span> <span class='ocrx_word' id='word_1_259' title='bbox 632 2550 685 2583; x_wconf 83' lang='grc'>16.</span> 
     </span>
    </p>
   </div>
  </div>
 </body>
</html>
