1854 3219
421 160 504 199 594
843 171 876 199 s.
913 170 1142 201 Aucusum
1175 174 1354 202 Eplscol’l

413 333 593 352 mwvvuum
597 332 1305 353 mmwwmwwwwvvwvuumkuuwmm
1309 335 1375 353 §m
1379 335 1658 354 mmmmm
1663 334 1802 353 WWUVUV

881 458 1098 510 CAPUT
1134 461 1315 509 XVIII.

837 603 915 650 De
935 606 1170 651 visionum
1195 606 1371 651 causis.

468 741 675 785 XXXIX.
710 743 903 787 ISTARUM
927 743 1145 787 visionum
1167 741 1556 787 etrdivinationum
1586 755 1736 785 causas
1758 749 1802 785 et

408 812 562 857 modos
582 813 791 873 vestigare
810 814 844 858 si
866 817 964 875 quis
982 824 1145 874 potest,
1171 823 1379 875 certoque
1401 811 1796 873 comprehendere,
1853 802 1854 818 ³

408 899 511 929 eum
537 885 671 943 magis
694 883 842 929 audire
862 885 1022 929 vellem
1038 921 1049 942 ,
1074 901 1206 945 quam
1233 884 1288 930 de
1311 901 1381 929 me
1403 884 1620 945 expectari
1641 892 1691 928 ut
1711 884 1802 943 ipse

409 955 678 1001 dissererem.
726 956 841 1011 Quid
882 967 1028 1002 tamen
1062 968 1236 1018 putem,
1276 958 1335 1003 ita
1379 967 1429 1002 ut
1461 973 1541 1001 nec
1577 956 1695 1001 docti
1731 971 1802 999 me

407 1035 619 1088 tanquam
643 1029 977 1073 confirmantem
1011 1028 1258 1085 derideant,
1289 1044 1369 1073 nce
1396 1028 1564 1073 indocti
1593 1037 1803 1088 tanquam

409 1095 642 1143 docentem
674 1099 910 1159 accipiant,
940 1098 1017 1144 sed
1044 1100 1219 1161 utrique
1262 1099 1573 1160 disceptantem
1603 1108 1647 1142 et
1680 1112 1803 1158 quaen

408 1179 578 1214 rentem
601 1171 747 1231 potius
777 1187 910 1232 quam
936 1172 1166 1228 scientem,
1199 1188 1289 1217 non
1320 1172 1568 1217 occultabo.
1593 1173 1687 1230 Ego
1713 1169 1802 1214 visa

406 1239 487 1284 ista
514 1241 660 1285 omnia
691 1241 790 1286 visis
829 1258 1034 1303 comparo
1060 1243 1386 1287 somniantium.
1421 1243 1541 1287 Sicut
1575 1241 1691 1285 enim
1722 1239 1802 1284 ali-

404 1309 585 1371 quando
627 1320 670 1355 et
715 1312 808 1357 haec
847 1312 954 1357 falsa
974 1349 984 1369 ,
1034 1313 1270 1374 aliquando
1315 1322 1462 1358 autem
1510 1328 1613 1357 vera
1665 1319 1768 1355 sunt
1785 1345 1798 1365 ,

403 1380 641 1443 aliquando
664 1381 821 1428 futuris
843 1385 1022 1429 omnino
1057 1384 1231 1441 similia,
1265 1384 1335 1430 vel
1366 1393 1512 1444 aperte
1538 1381 1678 1438 dieta,
1711 1380 1792 1425 ali-

405 1453 586 1513 quando
603 1455 874 1515 perturbata,
896 1454 1132 1515 aliquando
1149 1455 1383 1517 tranquilla
1399 1476 1410 1513 3
1430 1455 1519 1514 ipsa
1535 1463 1681 1498 autem
1696 1467 1798 1497 vera

399 1524 579 1585 quando
602 1525 795 1569 obscuris
817 1526 1207 1585 significationibus
1236 1536 1279 1570 et
1304 1526 1427 1586 quasi
1449 1525 1643 1584 figuratis
1666 1523 1796 1568 locu--

398 1595 594 1640 tionibus
615 1596 908 1656 praenuntiata
931 1596 989 1640 sie
1009 1596 1140 1641 etiam
1162 1595 1235 1640 illa
1258 1597 1418 1640 omnia.
1444 1595 1529 1640 Sed
1546 1603 1695 1639 amant
1713 1594 1793 1639 ho-

401 1665 541 1711 mines
559 1667 785 1726 inexperta
808 1667 974 1721 rimari,
1001 1675 1044 1710 et
1065 1682 1214 1710 causas
1243 1665 1518 1709 insolitorum
1542 1666 1762 1726 requirere
1777 1699 1788 1720 ,

400 1752 503 1781 eum
537 1737 790 1798 quotidiana
820 1737 1078 1797 plerumque
1110 1736 1211 1781 talia
1241 1752 1355 1796 saepe
1389 1737 1519 1780 etiam
1551 1736 1793 1780 latentioris

399 1807 573 1866 originis
599 1824 723 1853 nosse
748 1823 838 1852 non
867 1817 1038 1852 curent.
1069 1810 1180 1853 Nam
1203 1807 1579 1868 quemadmodum
1605 1807 1651 1851 in
1673 1808 1794 1851 voci-

397 1879 496 1934 bus,
518 1881 601 1925 hoc
619 1890 698 1936 est,
720 1881 850 1940 signis
868 1881 1028 1941 quibus
1050 1879 1274 1940 loquendo
1288 1880 1468 1935 utimur,
1488 1879 1638 1924 audito
1659 1880 1794 1924 verbo

399 1951 622 2009 inusitato,
645 1962 849 2014 quaerunt
865 1952 1008 2012 primo
1025 1951 1133 2012 quid
1146 1952 1214 2007 sit,
1227 1953 1310 1997 hoc
1328 1961 1407 2007 est,
1433 1950 1541 2013 quid
1555 1951 1793 2011 significet3

398 2040 489 2085 quo
514 2025 691 2084 cognito
719 2025 878 2069 deinde
905 2034 1112 2086 quaerunt
1139 2024 1346 2069 undeita
1381 2023 1550 2090 dictum
1579 2024 1652 2079 sit,
1685 2038 1787 2068 cum

397 2103 489 2139 tam
512 2095 651 2140 multa
679 2095 770 2140 sine.
802 2111 906 2140 cura
939 2095 1157 2150 nesciant,
1183 2111 1283 2155 quae
1304 2095 1351 2138 in
1372 2111 1455 2138 usu
1477 2093 1684 2139 sermonis
1708 2094 1787 2138 ha-

395 2165 518 2223 bent,
543 2167 662 2211 unde
687 2167 747 2212 ita
774 2166 861 2211 sint
885 2165 999 2210 dicta
1021 2185 1029 2210 :
1057 2166 1115 2211 sic
1137 2180 1239 2210 cum
1267 2164 1432 2225 aliquid
1460 2165 1716 2209 inusitatum
1739 2165 1785 2208 in

396 2237 528 2282 rebus
546 2237 765 2293 acciderit,
788 2237 874 2282 sive
891 2236 1210 2297 corporalibus,
1231 2235 1319 2280 sive
1333 2235 1621 2295 spiritalibus,
1641 2248 1792 2279 causas

395 2308 699 2371 rationemque
716 2307 897 2354 sollicite
914 2308 1160 2368 inquirunt,
1181 2316 1223 2352 et
1240 2306 1321 2351 sibi
1343 2305 1467 2351 reddi
1485 2322 1509 2351 a
1531 2306 1787 2351 doctoribus

401 2379 616 2439 flagitant.

459 2453 552 2496 XL.
592 2450 717 2496 Soleo
750 2459 897 2495 autem
929 2464 1030 2494 eum
1059 2464 1128 2492 me
1160 2449 1345 2509 quisque
1373 2448 1639 2507 interrogat,
1662 2446 1786 2491 verbi

403 2523 562 2582 gratia,
582 2521 690 2583 quid
712 2522 765 2566 sit
788 2531 930 2575 catus,
958 2530 1000 2565 et
1020 2520 1281 2579 respondeo,
1304 2519 1494 2579 prudens
1518 2519 1585 2564 vel
1609 2528 1760 2563 acutus
1776 2553 1787 2573 ,
