1854 3219
335 245 389 273 DE
419 244 569 274 ennam
601 243 657 272 AD
688 242 929 284 mtrrmAM,
965 247 1047 274 Lm.
1083 246 1143 274 xi.
1342 235 1425 275 545

48 317 114 354 est
135 323 252 368 ergo,
269 310 466 367 tentavit,
484 320 528 355 et
542 310 764 372 quomodo
780 311 1011 370 permissus
1029 320 1107 366 est,
1134 312 1191 357 ita
1212 312 1396 357 tentavit
1418 332 1426 358 :

49 379 122 425 cui
135 389 280 425 autem
295 381 439 441 generi
454 381 685 426 hominum
697 382 919 441 prodesset
931 382 1052 443 quod
1064 381 1266 438 faciebat,
1284 398 1427 443 neque

49 450 231 508 sciebat,
255 466 398 513 neque
419 450 615 507 volebat,
630 460 673 496 et
694 467 746 497 eo
768 451 861 513 ipso
877 451 1146 497 illudebatur
1162 453 1216 496 ab
1235 453 1426 512 Angelis.

57 607 296 627 mmmm
300 608 792 626 mmwmwummmzmm
796 609 1076 627 WUWVQWWUVW
1082 610 1150 627 &W
1155 610 1294 627 ΜΜΛΛΛὶ
1298 610 1436 627 mmm!

509 726 731 774 CAPUT
767 727 981 773 XXVIII.

245 876 328 919 An
343 890 538 935 serpens
559 873 708 920 verba
723 873 921 935 prolata
945 873 1247 920 intellexerit.

116 1009 298 1054 XXXV.
332 1011 428 1054 Non
456 1008 604 1070 itaque
626 1024 799 1070 serpens
820 1009 1055 1054 verborum
1076 1025 1202 1055 sonos
1224 1008 1441 1068 intelligo-

57 1080 160 1133 bat,
185 1079 260 1140 qui
275 1095 327 1124 ex
344 1079 420 1124 illo
437 1080 602 1125 fiebant
617 1080 672 1125 ad
685 1080 928 1125 mulierem.
941 1082 1091 1140 Neque
1105 1080 1221 1124 enim
1239 1097 1444 1126 convorsa

57 1149 275 1195 credenda
296 1159 360 1195 est
380 1150 524 1194 anima
547 1152 639 1211 ejus
654 1149 701 1193 in
722 1159 924 1194 naturam
946 1150 1202 1205 rationalem
1223 1170 1231 1195 :
1253 1151 1447 1211 quando-

57 1219 238 1281 quidem
270 1235 351 1264 nec
378 1220 458 1280 ipsi
478 1220 698 1276 homines,
729 1236 918 1281 quorum
941 1221 1163 1265 rationalis
1185 1230 1339 1266 natura
1362 1233 1445 1279 cst,

59 1307 161 1337 cum
195 1291 369 1336 daemon
402 1292 446 1335 in
481 1291 539 1336 eis
566 1291 763 1352 loquitur
796 1307 843 1336 ea
881 1292 1102 1351 passione,
1139 1294 1209 1337 cui
1243 1296 1449 1341 exorcista

61 1362 314 1424 requiritur,
341 1362 485 1406 sciunt
509 1361 617 1422 quid
641 1362 879 1422 loquantur
900 1382 908 1406 :
934 1373 1099 1423 quanto
1127 1365 1269 1409 minus
1286 1365 1358 1410 ille
1380 1367 1449 1411 in-

62 1432 278 1490 telligeret
294 1432 530 1476 verborum
553 1447 681 1476 sonos
699 1467 709 1486 ,
734 1447 842 1492 quos
862 1447 940 1491 per
966 1448 1065 1476 eum
1089 1443 1132 1477 et
1153 1449 1202 1477 ex
1225 1451 1276 1479 eo
1298 1436 1453 1482 diabo-

62 1503 130 1547 lus
151 1502 228 1546 illo
256 1500 390 1546 modo
412 1500 600 1545 faciebat
619 1536 629 1556 ,
657 1501 733 1561 qui
754 1501 977 1546 hominem
998 1502 1251 1562 loquentem
1269 1522 1358 1550 non
1381 1507 1452 1551 in-

63 1573 303 1632 telligeret,
328 1572 363 1616 si
395 1587 495 1616 eum
518 1587 541 1616 a
570 1571 785 1616 diabolica
808 1573 1004 1631 passione
1024 1573 1230 1619 immunis
1265 1577 1449 1622 audiret.

64 1645 171 1689 Nam
205 1652 250 1686 et
279 1642 400 1702 quod
437 1651 648 1702 putantur
689 1641 838 1685 audire
876 1651 919 1685 et
953 1643 1196 1701 intelligere
1233 1657 1452 1705 serpentes

67 1713 200 1758 verba
219 1715 486 1768 Marsorum,
511 1721 561 1756 ut
583 1712 642 1756 eis
665 1712 991 1756 incantantibus
1014 1713 1240 1772 prosiliant
1262 1716 1456 1774 plerum-

68 1799 155 1844 que
187 1783 242 1828 de
262 1783 466 1837 latebris,
502 1782 631 1826 etiam
670 1781 758 1825 illic
792 1782 1006 1826 diabolica
1036 1783 1100 1826 vis
1135 1795 1363 1843 operatur,
1401 1789 1455 1832 ad

69 1853 418 1914 cognoscendam
454 1853 621 1913 ubique
642 1852 987 1912 providentiam,
1014 1870 1143 1913 quam
1177 1871 1269 1899 rem
1293 1858 1364 1901 cui
1397 1860 1458 1903 rei

70 1925 260 1970 naturali
281 1924 433 1969 ordine
448 1924 663 1984 subjiciat,
682 1932 725 1967 et
741 1923 849 1983 quid
868 1924 997 1968 etiam
1017 1924 1318 1972 voluntatibus
1336 1930 1459 1975 malis

72 1996 384 2057 sapientissima
413 2004 627 2056 potestate
665 1995 914 2054 permittat,
957 2005 1007 2040 ut
1038 1997 1121 2041 hoc
1144 1998 1279 2057 magis
1301 2000 1461 2046 habeat

73 2075 424 2126 uSUS,serpentes
445 2065 609 2110 moveri
624 2065 890 2110 carminibus
905 2066 1296 2128 hominum,quam
1321 2069 1460 2115 ullum

52 2144 54 2146 '
75 2135 197 2181 aliud
219 2151 354 2194 genus
370 2135 673 2180 animantium.
700 2136 843 2180 Etiam
865 2137 960 2180 haec
983 2137 1098 2181 enim
1121 2154 1210 2182 non
1234 2155 1364 2199 parva
1382 2151 1464 2187 tes-

76 2207 183 2253 tatio
205 2216 269 2252 est
282 2242 294 2262 ,
314 2215 515 2251 naturam
536 2207 738 2267 primitus
754 2207 991 2251 humanam
1010 2210 1217 2268 serpentis
1241 2211 1465 2258 seductam

78 2293 169 2323 esse
191 2275 425 2338 colloquio.
452 2277 659 2321 Gaudent
677 2277 794 2321 enim
828 2277 1047 2322 daemones
1073 2279 1186 2324 hanc
1217 2281 1297 2325 sibi
1320 2292 1465 2342 potes-

80 2357 216 2392 tatem
237 2346 354 2402 dari,
371 2356 422 2391 ut
438 2347 494 2392 ad
514 2347 854 2392 incantationem
875 2348 1104 2393 hominum
1128 2361 1346 2410 serpentes
1369 2369 1467 2398 mo-

80 2427 228 2473 veant,
242 2426 293 2461 ut
314 2418 514 2479 quolibet
535 2419 667 2463 modo
690 2417 843 2463 fallant
865 2435 973 2479 quos
995 2430 1191 2479 possunt.
1209 2425 1302 2467 Hoc
1320 2434 1467 2470 autem

84 2488 398 2550 permittuntur
422 2489 477 2534 ad
497 2489 625 2549 primi
647 2487 748 2534 facti
770 2490 1023 2534 memoriam
1046 2493 1436 2540 commendandam
1453 2533 1464 2552 ,

85 2561 206 2621 quod
228 2560 283 2605 sit
310 2560 369 2604 eis
399 2560 601 2620 quaedam
623 2576 725 2606 cum
747 2562 830 2606 hoc
853 2577 1008 2620 genere
1029 2561 1308 2609 familiaritas.
1336 2570 1469 2613 Porro

297 2641 404 2672 exn.
1209 2637 1258 2674 35
