1854 3219
360 165 438 204 168
796 177 828 205 s.
867 179 1095 209 extensum
1130 183 1310 211 EPISCOPI

354 257 552 301 porcam,
575 257 651 301 per
673 259 805 302 quam
829 255 1021 302 sonaret,
1059 267 1079 289 «
1111 248 1210 292 Fiat
1230 247 1335 293 lux?
1371 267 1389 289 »
1418 250 1534 305 Ergo
1566 246 1746 308 aliquod

353 312 502 356 vocale
531 328 688 372 corpus
716 323 816 358 ante
843 315 987 361 lucem
1014 328 1208 363 creatum
1237 329 1368 380 atquc
1392 317 1630 363 formatum
1665 326 1743 362 est.

355 383 437 428 Sed
467 383 500 425 si
524 384 582 427 ita
613 393 697 438 est,
716 385 808 445 jam
830 397 922 431 erat
948 399 1139 449 tempus,
1161 406 1238 450 per
1265 389 1385 451 quod
1413 406 1497 434 vox
1525 397 1745 443 curreret,

355 469 650 515 sonorumque
679 456 817 515 spatia
839 458 919 502 sibi
945 460 1222 506 succedentia
1244 461 1534 521 praeterirent.
1562 458 1694 513 Quod
1716 458 1750 503 si

348 526 439 585 jani
477 537 568 570 erat
600 536 772 588 tenipus
807 539 1042 591 antequam
1076 533 1199 576 fieret
1230 532 1328 587 lux,
1357 533 1401 576 in
1431 548 1521 593 quo
1553 540 1750 591 tempore

354 597 479 641 fieret
500 613 583 642 vox
615 615 714 659 quae
737 612 979 658 resonaret,
1009 622 1029 645 «
1055 603 1154 648 Fiat
1183 603 1284 661 lux,
1323 621 1343 644 »
1377 602 1433 647 ad
1469 617 1601 663 quem
1633 602 1751 646 diem

354 669 602 728 pertinebat
624 670 734 715 illud
758 677 960 733 tempus?
984 677 1105 719 [nus
1120 675 1237 718 enim
1259 674 1350 719 dies
1367 674 1573 735 idemque
1586 674 1752 734 primus

354 739 428 783 ille
451 742 669 785 numerari
691 743 866 804 incipit,
883 762 971 807 quo
991 745 1103 791 facta
1123 756 1186 791 est
1203 746 1292 791 lux.
1310 750 1380 791 An
1396 746 1452 790 ad
1473 746 1617 805 ipsum
1633 745 1751 789 diem

355 811 545 869 pertinet
574 822 715 858 totum
742 816 928 875 spatium
959 817 1188 877 temporis,
1216 827 1259 861 et
1281 833 1370 878 quo
1398 815 1564 873 sactum
1588 825 1653 860 est
1672 831 1752 860 vo-

355 882 448 927 cale
470 898 644 945 corpus,
668 902 745 946 per
766 888 887 948 quod
908 899 1096 944 sonaret,
1128 909 1148 931 ‹<
1171 889 1263 933 Fiat
1281 888 1354 933 lux
1369 925 1380 942 ,
1415 907 1434 929 »
1462 899 1506 933 et
1525 903 1614 949 quo
1637 885 1753 932 facta

355 963 419 998 est
436 955 527 1015 ipsa
549 955 654 1001 lux?
679 958 764 1003 Sed
780 960 919 1004 omnis
937 960 1034 1005 talis
1056 977 1140 1005 vox
1157 970 1337 1021 propter
1359 960 1576 1005 audientis
1599 974 1754 1019 corpo-

355 1025 491 1070 ralem
517 1044 692 1073 sensum
721 1045 744 1073 a
766 1029 976 1091 loquente
997 1030 1246 1091 profertur,
1271 1033 1330 1076 ita
1353 1032 1471 1076 enim
1500 1029 1640 1075 factus
1663 1040 1749 1085 est,

355 1107 405 1142 ut
427 1115 631 1158 percusso
655 1105 752 1146 aere
774 1103 947 1147 sentiat.
974 1104 1203 1164 Numquid
1223 1104 1371 1164 itaque
1399 1102 1531 1147 talem
1560 1101 1755 1146 habebat

355 1169 556 1215 auditum
589 1171 700 1217 illud
728 1173 944 1234 quidquid
970 1185 1062 1219 erat
1086 1174 1302 1218 invisibile
1325 1183 1368 1218 ct
1388 1173 1749 1233 incompositum,

355 1241 427 1285 cui
449 1242 508 1286 sic
527 1245 640 1287 Deus
657 1254 910 1304 personaret
931 1262 980 1290 ac
995 1245 1182 1301 diceret,
1205 1264 1224 1287 «
1245 1247 1344 1289 Fiat
1363 1243 1471 1289 lux?
1488 1263 1507 1286 »
1534 1243 1755 1289 Abscedat

354 1311 504 1374 itaque
521 1314 615 1359 haec
638 1315 693 1359 ab
713 1316 859 1360 animo
875 1317 1105 1376 cogitantis
1128 1315 1389 1360 absurditas.

414 1387 560 1429 XVII.
587 1388 744 1431 Utrum
767 1403 871 1446 ergo
898 1387 1099 1447 spiritalis
1127 1396 1293 1441 motus,
1315 1387 1392 1430 sed
1412 1395 1559 1429 tamen
1580 1394 1755 1446 tempo-

355 1455 455 1500 ralis
478 1465 584 1511 erat,
611 1473 699 1517 quo
717 1457 886 1501 dictum
908 1456 1212 1515 intelligimus,
1243 1476 1263 1498 «
1290 1456 1388 1500 Fiat
1404 1455 1500 1510 lux,
1530 1474 1550 1497 »
1578 1472 1755 1516 expres-

356 1541 427 1570 sus
457 1527 513 1570 ab
542 1536 706 1571 aeterno
736 1531 824 1572 Deo
854 1543 930 1587 per
959 1529 1156 1571 Verbum
1185 1536 1455 1572 coaeternum
1482 1527 1530 1571 in
1557 1537 1756 1572 creatura

357 1597 554 1658 spiritali,
580 1615 713 1659 quam
728 1601 818 1659 jam
836 1598 1013 1654 fecerat,
1037 1615 1139 1643 cum
1168 1599 1337 1644 dictum
1360 1608 1445 1643 est:
1475 1618 1495 1641 «
1522 1601 1575 1642 In
1591 1599 1756 1658 princi-

361 1688 380 1711 »
416 1671 489 1730 pio
520 1670 624 1715 feeit
650 1674 763 1715 Deus
786 1669 950 1715 coelum
974 1681 1017 1715 et
1038 1681 1221 1727 terram,
1251 1690 1270 1713 n
1305 1671 1353 1715 id
1369 1680 1448 1727 est,
1468 1671 1516 1714 in
1537 1669 1613 1715 illo
1641 1671 1756 1717 coelo

359 1741 486 1786 eceli:
514 1758 569 1786 an
593 1751 636 1786 et
658 1742 737 1786 ista
754 1741 919 1786 locutio
942 1758 1031 1786 non
1049 1751 1222 1786 tantum
1249 1742 1340 1786 sine
1358 1740 1506 1802 aliquo
1528 1757 1657 1798 sono,
1680 1741 1757 1787 sed

360 1813 491 1857 etiam
514 1813 604 1857 sine
626 1813 719 1858 ullo
742 1813 972 1874 temporali
991 1823 1116 1858 motu
1134 1813 1337 1873 spiritalis
1356 1823 1582 1869 creaturae,
1602 1813 1647 1857 in
1664 1814 1757 1874 ejus

360 1895 507 1929 mente
543 1895 674 1947 atquc
710 1886 877 1931 ratione
909 1887 992 1930 fixa
1015 1886 1209 1947 quodam
1237 1885 1370 1930 modo
1403 1902 1427 1930 a
1458 1885 1605 1930 Verbo
1639 1886 1757 1930 Patri

361 1965 602 2011 cozeterno,
629 1966 671 2000 et
693 1956 887 2017 quodam
911 1956 1044 2001 modo
1066 1958 1271 2016 impressa
1293 1955 1576 2016 intelligitur,
1598 1971 1756 2000 secun-

362 2027 471 2071 dum
489 2044 622 2088 quam
645 2038 916 2083 moveretur,
939 2038 982 2072 et
1008 2027 1063 2071 ad
1085 2028 1271 2088 speciem
1289 2037 1618 2073 converteretur
1639 2027 1755 2072 infe-

363 2100 450 2143 rior
468 2099 539 2142 illa
564 2100 792 2144 tenebrosa
816 2099 1088 2159 imperfectio
1114 2108 1284 2143 naturae
1307 2114 1551 2158 corporeae,
1572 2108 1616 2143 et
1633 2099 1758 2143 fieret

361 2169 466 2214 lux?
492 2170 575 2214 Sed
604 2169 795 2214 multum
824 2180 887 2214 est
912 2186 960 2214 ac
988 2170 1298 2214 difficillimum
1328 2185 1503 2230 capere,
1531 2168 1756 2230 quomodo

362 2241 555 2295 (li-catur,
579 2245 668 2285 Deo
692 2257 781 2285 non
804 2240 1102 2301 temporaliter
1115 2241 1316 2302 jubente,
1347 2256 1490 2301 neque
1516 2239 1563 2284 id
1584 2249 1757 2300 tempo-

364 2312 512 2356 raliter
544 2313 748 2356 audiente
783 2322 1001 2367 creatura,
1030 2329 1130 2373 quae
1165 2311 1534 2371 contemplatione
1563 2311 1756 2356 veritatis

364 2384 509 2429 onmia
543 2393 738 2442 tempora
765 2383 954 2438 excedit,
983 2383 1058 2428 sed
1084 2382 1438 2428 intellectualiter
1472 2382 1646 2427 sibimet
1677 2383 1757 2426 im-

362 2471 526 2515 pressas
543 2455 598 2499 ab
616 2454 965 2498 incommutabili
990 2455 1067 2499 Dei
1084 2454 1291 2514 sapientia
1320 2454 1523 2508 rationes,
1547 2463 1755 2513 tanquam

365 2524 656 2584 intelligibiles
680 2524 942 2572 locutiones,
968 2526 1011 2568 in
1036 2541 1083 2570 ca
1118 2541 1216 2585 quse
1247 2524 1359 2568 infra
1393 2535 1494 2569 sunt
1528 2525 1751 2569 transmit-
