1854 3219
396 164 416 204 4
426 165 479 204 86
831 176 865 204 s.
902 178 1132 207 Auousnm
1166 181 1348 209 EPISCOPI

395 245 464 289 Sic
485 244 718 287 innovatur
736 242 865 288 facies
889 253 1014 290 ‘terrae
1030 282 1041 303 ‚
1066 262 1142 308 per
1159 249 1268 294 Novi
1292 249 1556 293 Testamenti
1579 249 1776 309 gratiam,

392 324 655 360 numeroslta
663 323 702 359 te
718 324 983 362 sanctorum.

390 462 460 478 Μ
466 461 602 478 mm
606 462 1781 484 mmmmmmmmmmmmmmmmw

913 585 1128 638 CAPUT
1181 590 1267 636 lx.

479 732 507 776 J
513 740 609 779 tem
630 729 770 777 illud.-
792 734 849 782 Et
870 742 1166 789 convertatur,
1188 741 1277 778 etc.
1297 734 1422 778 inter
1437 742 1691 795 utramque

803 805 1077 867 opinionem
1098 805 1376 850 consistere.

445 941 541 985 XV.
569 942 704 984 hum
722 940 853 985 etiam
869 940 991 1001 quod
1010 939 1130 1001 apud
1147 939 1437 986 Ecclesiasten
1459 940 1670 1001 scriptum
1687 949 1778 985 est:

391 1031 411 1054 «
437 1014 494 1056 Et
520 1021 801 1057 eonvertatur
823 1011 965 1072 pulvis
996 1012 1043 1056 in
1066 1022 1251 1068 terram,
1277 1015 1389 1057 sicut
1412 1011 1516 1067 fuit,
1541 1021 1584 1056 et
1605 1012 1783 1072 spiritus

389 1102 409 1124 »
447 1093 687 1129 revertatur
704 1083 759 1128 ad
777 1088 932 1141 Deum,
950 1084 1030 1145 qui,
1048 1083 1171 1129 dedit
1187 1100 1288 1128 eum
1302 1086 1333 1140 ¹,
1353 1102 1373 1125 »
1392 1084 1537 1128 neutri
1554 1084 1783 1128 sententiae

386 1165 538 1200 contra
561 1156 742 1200 alteram
764 1156 1043 1215 suffragatur,
1070 1154 1146 1199 sed
1167 1156 1280 1199 inter
1304 1164 1538 1216 utramque
1568 1155 1778 1199 consistit.

386 1228 499 1273 Cum
529 1226 644 1270 enim
674 1226 743 1271 isti
771 1225 959 1271 dixerint
982 1227 1086 1270 hine
1120 1225 1296 1286 probari
1323 1242 1413 1271 non
1447 1241 1470 1269 a
1498 1226 1780 1285 parentibus,

385 1299 459 1343 sed
480 1315 503 1343 a
526 1302 616 1343 Deo
640 1298 830 1343 animam
848 1297 957 1354 dari,
984 1298 1105 1360 quod
1122 1314 1331 1343 converso
1353 1297 1534 1359 pulvere
1555 1299 1601 1342 in
1624 1307 1784 1342 terram

385 1386 531 1426 suam,
558 1371 604 1414 id
622 1380 705 1426 est,
727 1386 877 1426 carne,
904 1387 1003 1430 quae
1022 1371 1076 1414 de
1096 1370 1276 1430 pulvere
1294 1370 1409 1415 facta
1431 1379 1517 1424 est,
1543 1379 1785 1415 revertetur

385 1441 560 1502 spiritus
602 1441 658 1485 ad
698 1444 836 1485 Deum
854 1477 865 1496 ,
902 1441 978 1501 qui
1016 1439 1139 1485 dedit
1172 1440 1314 1485 illum.
1364 1439 1649 1501 Respondent
1681 1438 1744 1483 illi
1770 1455 1779 1481 :

389 1532 410 1555 «
447 1512 607 1572 Utique
622 1512 682 1555 ita
700 1521 778 1555 est.
805 1529 823 1552 »
846 1510 978 1555 Redit
995 1511 1110 1555 enim
1128 1511 1303 1571 spiritus
1326 1510 1381 1555 ad
1397 1515 1558 1566 Deum,
1584 1511 1661 1571 qui
1683 1526 1785 1555 eum

386 1583 507 1627 dedit
536 1576 706 1627 homini
736 1583 905 1642 primo,
944 1582 1123 1643 quando
1152 1582 1195 1626 in
1229 1584 1320 1643 ejus
1355 1581 1512 1627 faciem
1543 1582 1733 1627 sufflavit
1747 1586 1781 1638 2,

385 1669 594 1699 converso
628 1652 835 1713 pulvere,
867 1652 912 1696 id
944 1662 1029 1708 est,
1060 1654 1256 1697 humano
1294 1669 1476 1713 corpore
1511 1653 1557 1696 in
1594 1662 1782 1709 terram,

384 1725 504 1769 unde
536 1724 737 1784 primitus
761 1722 927 1768 fuctum
949 1733 1027 1767 est,
1059 1726 1212 1784 Neque
1241 1724 1356 1768 enim
1386 1723 1664 1784 adparentes
1693 1733 1786 1768 erat

386 1797 558 1856 spiritus
579 1794 820 1849 rediturus,
843 1794 1041 1855 quamvis
1063 1793 1166 1838 inde
1194 1795 1247 1839 sit
1278 1804 1447 1839 creatus
1477 1811 1528 1839 ex
1556 1794 1633 1839 illo
1662 1811 1752 1839 uno
1769 1830 1781 1850 ‚

385 1867 462 1929 qui
480 1866 646 1911 homini
664 1865 804 1926 primo
827 1864 954 1909 datus
972 1874 1036 1909 est
1053 1884 1062 1910 ε
1088 1866 1200 1910 sieut
1217 1881 1296 1910 nee
1314 1866 1405 1925 ipsa
1423 1881 1523 1910 caro
1550 1875 1649 1926 post
1665 1881 1785 1909 mor-

387 1948 477 1983 tem
500 1937 555 1982 ad
576 1946 776 1996 parentes
812 1936 1057 1991 revertitur,
1084 1952 1107 1980 a
1140 1937 1301 1997 quibus
1331 1952 1427 1980 eam
1464 1946 1580 1981 certe
1616 1946 1786 1982 constat

389 2024 478 2053 esse
496 2009 821 2068 propagatamss.
841 2005 1225 2059 Quemadmodum
1243 2022 1346 2065 ergo
1368 2022 1467 2051 earo
1490 2023 1580 2051 non
1598 2006 1710 2052 redit
1731 2008 1786 2052 ad

388 2081 603 2135 homines,
623 2096 673 2123 ex
691 2079 852 2140 quibus
874 2087 1016 2122 creata
1039 2087 1124 2133 est,
1151 2077 1227 2122 sed
1249 2077 1303 2122 ad
1329 2087 1486 2122 terram
1504 2077 1623 2122 unde
1644 2079 1786 2138 primo

389 2151 560 2196 homini
582 2150 767 2195 formata
790 2158 854 2193 est
874 2169 882 2194 :
904 2149 962 2193 ita
981 2158 1024 2192 et
1046 2149 1222 2209 spiritus
1244 2165 1333 2193 non
1352 2149 1464 2193 redit
1488 2149 1544 2193 ad
1566 2150 1782 2206 homines,

392 2239 414 2268 a
438 2223 598 2283 quibus
628 2218 868 2265 transfusus
893 2229 982 2276 est,
1015 2220 1090 2264 sed
1113 2219 1168 2264 ad
1190 2224 1329 2265 Deum
1344 2257 1354 2277 ‚
1381 2237 1405 2266 a
1428 2237 1516 2282 quo
1546 2221 1698 2282 primae
1722 2220 1785 2265 illi

392 2294 511 2340 carni
530 2293 656 2338 datus
680 2301 758 2336 est.

448 2369 570 2411 XVI.
603 2369 701 2419 Quo
724 2365 973 2410 testimonio
995 2380 1096 2408 sane
1122 2366 1222 2409 satis
1249 2364 1539 2409 admonemur
1570 2379 1620 2408 ex
1645 2364 1784 2409 nihilo

394 2442 530 2483 Deum
548 2436 697 2482 fecisse
720 2437 929 2492 animam,
954 2451 1087 2497 quam
1108 2436 1250 2496 primo
1268 2436 1435 2480 homini
1456 2434 1599 2491 dedit,
1624 2451 1714 2481 non
1731 2450 1783 2480 ex

439 2541 448 2557 ¹
465 2534 690 2576 Eccli.x11‚7.
711 2550 753 2555 —
774 2541 786 2556 ²
809 2535 998 2574 Gen.11‚7.
1023 2548 1062 2556 --
1090 2530 1167 2564 31d.
1194 2543 1240 2574 ιιι,
1264 2543 1313 2574 19.
