1854 3219
368 179 450 216 312
805 187 838 215 s.
877 189 1103 217 Ateus-nm
1138 190 1317 219 Emscom

370 254 644 307 formaretur,
671 252 860 313 primum
879 253 1018 299 laetus
1037 264 1100 300 est
1117 255 1206 300 dies
1229 275 1237 301 :
1262 271 1362 300 cum
1386 256 1526 302 factus
1548 266 1611 302 est
1629 258 1750 317 dies,

366 325 469 371 feeit
494 328 606 369 Deus
634 323 797 369 coslum
820 333 863 368 et
887 333 1043 370 terram
1059 362 1070 382 ,
1104 336 1147 371 et
1181 342 1309 372 omne
1332 327 1468 372 viride
1503 329 1593 388 agri
1630 339 1753 374 ante-

367 411 500 457 quam
519 405 628 440 esset
651 411 777 455 super
795 404 953 440 terram
969 432 980 452 ,
1005 406 1048 441 et
1069 413 1198 443 omne
1220 397 1390 443 foenum
1409 399 1499 459 agri
1522 409 1755 460 antequam

367 468 620 523 exoriretur,
642 469 752 512 sieut
772 468 1048 514 tractavimus
1066 491 1076 528 3
1095 469 1166 514 vel
1187 470 1220 513 si
1235 469 1342 530 quid
1364 470 1573 532 liquidius
1596 480 1640 516 et
1656 487 1757 517 con-

369 540 594 599 gruentius
606 538 743 585 videri
762 549 804 584 et
825 540 908 584 diei
930 541 1076 601 potuit
1099 549 1174 586 aut
1195 541 1402 601 potuerit.

369 702 437 718 &lom
441 702 509 718 ΜΛΝ
513 701 580 718 &W
586 701 795 718 summum
801 701 866 718 m
870 701 1152 718 wwvvummnnm
1156 701 1508 719 ‘vuum-mmmmm
1512 702 1759 719 vwmmmvwvu

886 835 1104 886 CAPUT
1143 837 1230 884 VI.

370 982 447 1028 De
468 980 700 1027 versiculo
734 988 758 1027 5
788 983 963 1043 capitis
988 1001 1020 1027 11
1053 980 1295 1027 Geneseos
1316 1017 1325 1034 ,
1351 979 1436 1026 aba·
1463 982 1532 1026 sic
1556 979 1759 1043 legitur:

428 1056 526 1099 Non
554 1054 670 1098 enim
700 1053 892 1114 pluerat,
927 1062 1009 1098 etc.
1042 1054 1125 1098 An
1148 1050 1260 1097 inde
1283 1050 1647 1114 intellegendam
1669 1067 1764 1096 om-

432 1126 515 1169 m'a
543 1124 686 1170 siml
702 1134 872 1170 ereata
894 1140 1009 1169 esse.

430 1251 574 1293 XVII.
612 1252 738 1302 Qron
761 1258 908 1294 autem
930 1249 1152 1309 sequitur:
1173 1267 1193 1290 ι(
1213 1250 1311 1293 Non
1329 1247 1446 1293 enim
1463 1248 1638 1308 pluerat
1652 1251 1767 1294 Deus

377 1342 396 1363 »
433 1337 563 1382 super
587 1331 772 1376 terram,
805 1331 848 1365 et
869 1322 1001 1366 homo
1035 1336 1124 1366 non
1162 1330 1254 1365 erat
1284 1321 1361 1381 qui
1393 1330 1648 1380 operaretur
1679 1331 1768 1366 ter—

376 1412 396 1435 »
434 1409 553 1451 ram3
581 1411 600 1433 »
627 1409 716 1453 quo
739 1392 971 1452 pertineat,
993 1401 1035 1436 et
1057 1391 1164 1452 quid
1185 1391 1310 1436 nobis
1329 1391 1534 1447 insinuet,
1560 1391 1768 1452 indagare

373 1464 553 1509 diflicile
579 1472 656 1508 est.
687 1466 914 1524 Tanquam
930 1499 940 1519 ,
966 1463 1065 1508 ideo
1085 1473 1320 1524 antequam
1342 1472 1540 1508 exortum
1564 1473 1643 1519 est,
1665 1462 1771 1509 feeit

376 1541 491 1583 Deus
520 1536 693 1580 foenum
723 1536 837 1595 agri,
863 1536 965 1596 quia
995 1534 1194 1579 nondum
1230 1534 1402 1595 pluerat
1424 1551 1555 1595 super
1576 1544 1766 1581 terram:

376 1609 410 1655 si
430 1609 547 1652 euim
570 1618 668 1668 post
690 1608 886 1668 pluviam
913 1607 1084 1652 foenum
1111 1606 1295 1663 fecisset,
1321 1607 1470 1667 pluvia
1491 1607 1626 1667 magis
1644 1624 1770 1653 exor-

378 1691 472 1726 tum
489 1696 620 1741 quam
644 1680 813 1725 factum
835 1681 888 1724 ab
904 1695 954 1724 eo
968 1679 1218 1724 videretur?
1234 1679 1352 1733 Quid
1374 1680 1509 1735 enim,
1531 1679 1652 1740 quod
1674 1689 1773 1740 post

378 1752 575 1813 pluviam
604 1752 811 1806 exoritur,
839 1751 892 1795 ab
915 1750 999 1795 alio
1023 1751 1072 1794 fit
1093 1751 1173 1794 nisi
1197 1751 1250 1794 ab
1273 1750 1427 1795 eodem
1450 1754 1570 1796 Deo?
1588 1753 1678 1796 Cur
1699 1768 1774 1796 au-

379 1835 467 1869 tem
495 1839 585 1867 non
619 1831 710 1866 erat
737 1822 871 1866 homo
901 1822 977 1882 qui
1008 1830 1260 1881 operaretur
1289 1823 1481 1866 terram?
1501 1824 1656 1868 Nonne
1683 1823 1773 1883 jam

379 1904 498 1941 sexto
535 1894 605 1938 die
638 1893 799 1938 lecerat
833 1892 1080 1948 hominem,
1119 1901 1162 1936 et
1194 1892 1377 1952 septimo
1412 1893 1686 1954 requieverat
1718 1893 1774 1937 ab

380 1967 583 2013 omnibus
608 1965 813 2025 operibus
836 1965 946 2009 suis?
968 1967 1038 2008 An
1059 1964 1143 2008 hoe
1166 1962 1494 2024 recapitulando
1511 1980 1776 2010 commemo-

381 2048 470 2094 rat,
506 2039 714 2099 quoniam
749 2036 927 2097 quando
964 2035 1066 2081 feeit
1098 2039 1212 2080 Deus
1246 2051 1374 2080 omne
1408 2035 1546 2080 viride
1579 2036 1695 2095 agri,
1732 2046 1776 2082 et

382 2126 511 2155 omne
535 2108 723 2164 lienum,
751 2107 950 2152 nondum
969 2106 1140 2167 pluerat
1156 2122 1286 2167 super
1304 2116 1459 2151 terram
1474 2141 1484 2161 ‚
1511 2114 1554 2150 et
1575 2106 1775 2151 nondum

383 2191 475 2225 erat
507 2182 672 2225 homo?
709 2180 852 2223 Tertio
883 2178 1047 2239 quippe
1082 2178 1152 2222 die
1182 2178 1284 2222 feeit
1305 2178 1409 2233 ista,
1447 2178 1670 2222 hominem
1696 2195 1776 2222 au-

383 2262 472 2296 tem
521 2261 655 2295 sexto.
713 2248 797 2294 Sed
839 2264 940 2293 eum
980 2247 1082 2293 feeit
1131 2252 1244 2293 Deus
1285 2262 1414 2292 omne
1462 2247 1599 2292 viride
1646 2257 1777 2310 atque

384 2338 512 2368 omne
535 2322 708 2366 foenum
729 2321 819 2379 agri
852 2329 1087 2380 antequam
1121 2329 1319 2364 exortum
1342 2329 1404 2364 est
1434 2335 1564 2380 super
1588 2329 1745 2364 terram
1763 2356 1774 2375 ,

384 2412 473 2439 nou
493 2393 635 2438 solum
660 2395 796 2438 homo
815 2408 904 2437 non
927 2402 1019 2436 erat
1041 2392 1115 2452 qui
1138 2401 1391 2452 operaretur
1413 2401 1589 2447 terram,
1606 2390 1682 2435 sed
1697 2407 1778 2435 nec

381 2467 523 2526 ipsum
547 2465 717 2509 foenum
736 2474 827 2508 erat
855 2480 985 2523 super
1008 2473 1187 2519 terram,
1213 2462 1335 2523 quod
1366 2463 1520 2523 utique
1542 2471 1642 2506 ante
1669 2462 1776 2506 dicit

393 2536 555 2582 tiletum
573 2552 704 2597 quam
729 2544 943 2580 exortum.
973 2538 1039 2578 An
1061 2533 1160 2578 ideo
1181 2532 1250 2578 dio
1272 2533 1396 2579 tertio
1421 2531 1657 2594 feeit-Deus
1672 2532 1775 2592 ista,
