1854 3219
397 160 480 200 480
821 168 853 195 s.
891 168 1122 196 ‘Incusum
1157 169 1337 196 Episcopi

395 246 445 280 ut
465 249 564 295 qum
582 234 666 277 fuit
684 233 826 277 anima
842 267 852 287 ,
878 234 951 277 fiat
969 234 1089 294 quod
1105 242 1168 277 cst
1196 237 1309 278 Deus
1325 267 1335 287 ,
1359 240 1490 292 atquc
1515 231 1574 275 ita
1594 232 1782 276 vicissim

396 323 476 350 nce
499 320 679 364 corpus,
707 319 786 348 nec
810 303 998 348 animam
1024 303 1340 358 irrationalem,
1372 318 1452 347 ncc
1475 301 1783 356 substantiam,

396 393 495 437 quae
514 380 629 420 Deus
654 386 738 429 est,
766 376 959 420 converti
992 385 1034 420 et
1056 376 1147 420 ficri
1172 375 1361 420 animam
1390 374 1645 417 humanam.
1672 370 1789 416 Illud

397 448 527 492 etiam
552 463 643 492 non
664 447 808 490 minus
828 455 995 490 certum
1022 461 1111 491 csse
1135 446 1267 490 debet
1289 445 1477 488 animam
1495 459 1585 489 non
1604 458 1693 488 esse
1711 441 1792 486 nisi

399 529 642 564 creaturam
675 518 768 562 Dei.
804 520 1080 578 Quapropter
1109 518 1142 562 si
1178 532 1321 577 neque
1344 515 1398 560 de
1421 530 1624 575 corpore,
1650 529 1794 575 neque

399 589 454 634 de
477 590 619 634 anima
644 588 904 644 irrationali,
935 604 1077 650 neque
1101 589 1155 633 dc
1178 604 1222 632 se
1246 588 1339 648 ipso
1361 590 1476 632 Deus
1499 587 1687 631 animam
1714 586 1797 630 ho-

401 662 527 706 minis
551 660 652 705 fecit
666 697 676 716 ,
695 669 827 705 restat
848 670 898 705 ut
915 670 990 705 aut
1013 660 1067 705 (16
1091 660 1228 704 nihilo
1251 674 1346 704 eam
1365 658 1495 704 faciat
1509 694 1520 714 ,
1543 667 1619 703 aut
1641 657 1695 701 (16
1717 656 1797 701 ali-

401 749 488 793 qua
510 732 708 792 spiritali,
729 742 877 777 tamen
894 732 1093 778 rationali
1117 741 1330 776 creatura.
1361 729 1446 776 Sed
1468 729 1522 774 de
1544 727 1681 773 nihilo
1704 728 1798 772 fieri

402 803 566 864 aliquid
601 804 912 848 consummatis
941 803 1147 863 operibus
1164 838 1174 858 ,
1201 802 1361 863 quibus
1385 800 1547 846 creavit
1569 799 1717 845 onmia
1740 799 1798 843 si-

403 873 496 918 mul
513 877 541 929 ¹,
567 874 808 919 violentum
825 884 889 919 est
909 874 1021 919 velle
1042 883 1281 919 monstrare
1299 895 1310 931 3
1334 882 1378 918 et
1395 882 1545 917 utrum
1562 870 1800 932 perspicuis

404 946 677 990 documentis
706 945 893 990 obtineri
930 945 1062 1005 possit
1086 945 1252 1003 ignoro.
1278 946 1367 989 Nec
1390 941 1652 1002 exigendum
1686 950 1750 986 est
1777 956 1802 984 a

405 1018 530 1062 nobis
547 1053 557 1072 ,
584 1017 706 1078 quod
734 1018 803 1062 vel
833 1016 1204 1077 comprehendere
1226 1017 1358 1061 homo
1381 1031 1469 1060 non
1492 1013 1632 1072 valet3
1665 1013 1734 1057 vel
1768 1012 1802 1056 si

399 1089 490 1148 jam
510 1088 674 1144 valeat,
700 1089 860 1132 mirum
881 1089 915 1132 si
936 1087 1195 1148 persuadere
1216 1087 1423 1147 cuiquam
1446 1094 1589 1145 potest
1604 1119 1615 1140 ,
1633 1083 1712 1128 nisi
1730 1081 1804 1127 tali

406 1160 483 1220 qui
500 1160 631 1203 etiam
649 1159 773 1203 nullo
790 1160 965 1204 homine
984 1159 1140 1203 docere
1164 1166 1374 1213 conante,
1401 1165 1545 1216 potest
1568 1155 1697 1199 etiam
1714 1154 1804 1214 ipse

407 1228 491 1273 tale
521 1228 688 1289 aliquid
720 1220 979 1289 intelligere.
1020 1228 1172 1273 Tutius
1209 1237 1273 1272 est
1303 1228 1436 1287 igitur
1469 1225 1524 1270 de
1552 1223 1805 1286 hujusmodi

409 1301 537 1346 rebus
559 1317 650 1346 non
670 1302 873 1346 humanis
895 1316 1021 1361 agere
1043 1299 1306 1361 conjecturis
1322 1334 1333 1356 ,
1349 1298 1425 1345 sed
1442 1298 1589 1343 divina
1607 1297 1805 1342 testimo-

408 1372 480 1416 nia
503 1372 779 1432 perscrutari.

413 1535 1625 1558 UMWWWWWWWWQMWMNWWUMMMUNJMMWMMM
1629 1534 1804 1552 ΜΜΜΜ

954 1659 1172 1709 CAPUT
1215 1661 1276 1709 V.
1379 1656 1397 1687 l

415 1797 602 1842 Anima
623 1811 712 1841 nec
738 1810 800 1840 esc
812 1793 1032 1857 Angelis,
1049 1808 1137 1838 nec
1153 1809 1216 1837 ex
1234 1790 1500 1848 elementis,
1521 1805 1608 1836 nec
1631 1806 1693 1836 ex·
1714 1788 1812 1836 Dec·

968 1863 1256 1909 substantia.

475 2004 599 2046 VIII.
621 2003 747 2054 Qcon
764 2015 864 2058 ergo
888 2015 937 2043 cx
959 1999 1134 2058 Angelis
1149 2034 1159 2054 ,
1190 2008 1399 2059 tanquam
1419 1998 1674 2058 parentibus
1696 2000 1809 2042 Deus

417 2082 533 2118 creet
556 2072 742 2127 animas,
764 2071 885 2115 nulla
906 2071 1010 2114 mihi
1030 2070 1083 2114 dc
1104 2070 1321 2114 canonicis
1339 2070 1479 2114 Libris
1497 2070 1686 2114 occurrit
1705 2084 1811 2113 auco

420 2145 581 2188 toritas.
609 2142 752 2188 Multo
767 2143 910 2186 minus
925 2141 1071 2202 itaque
1086 2157 1133 2185 ex
1156 2140 1309 2185 mundi
1330 2140 1546 2200 corporeis
1561 2139 1807 2184 elementis:

418 2215 495 2258 nisi
513 2214 623 2258 forte
647 2212 758 2257 illud
779 2222 949 2268 movet,
976 2213 1096 2273 quod
1111 2212 1230 2271 apud
1243 2210 1515 2256 Ezechielem
1534 2212 1808 2271 prophetam,

418 2300 519 2329 cum
553 2285 878 2329 demonstratur
901 2284 1156 2328 resurrectio
1186 2292 1481 2337 mortuorum,
1510 2281 1814 2341 redintegratis

419 2356 697 2416 corporibus,
731 2371 782 2399 cx
819 2364 1006 2415 quatuor
1041 2354 1180 2398 ventis
1208 2353 1311 2398 coeli
1339 2352 1575 2398 advocatur
1611 2353 1784 2412 spiritus
1799 2387 1810 2408 ,

419 2444 507 2489 quo
528 2428 740 2487 perflante
756 2427 1048 2482 vivificentur,
1076 2435 1125 2471 ut
1148 2434 1341 2485 surgant.
1372 2425 1441 2471 Sic
1464 2425 1582 2469 enim
1604 2424 1814 2484 scriptum

468 2531 477 2548 ¹
499 2524 597 2558 Eccli.
617 2535 712 2567 xvm,
738 2535 765 2556 ι.
