1854 3219
343 226 397 251 m:
429 221 580 252 GENEsi
612 222 666 250 An
700 224 917 251 mmmmm
937 242 947 262 7
984 226 1064 251 Lus.
1100 224 1140 251 x.
1347 211 1425 250 481

49 299 139 334 est:
167 306 188 331 «
212 290 270 333 Et
290 288 397 333 dixit
418 288 524 333 mihi
544 288 753 333 Dominus
776 308 784 333 :
810 289 1028 349 Propheta
1049 302 1178 349 super
1198 288 1398 348 spiritum
1414 322 1425 342 ‚

51 377 73 401 »
109 360 350 420 Propheta,
380 359 443 404 fili
465 359 653 404 hominis
669 394 680 415 ,
713 368 756 403 et
783 359 852 404 die
874 359 930 404 ad
951 360 1150 420 spiritum
1169 378 1178 404 ι
1203 362 1306 403 Haee
1328 358 1436 403 dicit

52 447 74 472 »
109 430 319 475 Dominus
340 449 350 475 ι
375 433 412 474 Α
433 439 622 491 quatuor
649 430 846 490 partibus
865 440 1098 475 ventorum
1120 429 1221 475 coeli
1242 429 1366 484 veni,
1391 437 1435 472 et

53 518 75 542 υ
109 500 271 561 inspira
289 500 336 544 in
355 508 551 545 mortuos
569 501 647 545 hos
663 534 674 556 ‚
701 509 744 544 et
760 500 923 545 vivant.
947 505 1005 546 Et
1020 500 1276 561 prophetavi
1296 535 1306 554 ,
1327 499 1440 544 sicut

55 590 76 614 »
111 571 318 633 praecepit
348 572 456 616 mihi
488 572 723 628 Dominus,
759 581 803 617 et
836 571 1030 617 introivit
1064 572 1238 632 spiritus
1267 571 1369 616 vitae
1391 571 1439 614 in

57 661 78 685 »
113 658 185 687 eos
200 677 212 698 ,
231 651 276 687 et
295 642 560 698 revixerunt,
584 651 628 687 et
648 650 864 687 steterunt
882 658 1012 703 super
1031 641 1165 702 pedes
1187 657 1286 686 suos
1302 677 1312 697 ‚
1339 657 1441 685 con-

57 731 78 755 »
115 713 306 772 gregatio
331 712 470 758 multa
498 713 669 773 valde1.
700 731 720 754 »
748 712 832 757 Ubi
857 713 964 757 mihi
986 712 1160 758 videtur
1188 712 1442 772 prophetice

55 783 368 841 significatum,
393 799 482 828 non
509 799 561 828 ex
586 781 662 827 illo
684 792 854 827 tantum
876 799 1031 843 campo
1057 783 1135 827 ubi
1163 798 1229 826 res
1251 783 1343 842 ipsa
1365 781 1443 826 de-

56 854 396 910 monstrabatur,
428 853 504 899 sed
537 869 588 897 ex
622 862 715 898 toto
745 854 851 898 orbe
885 862 1099 897 terrarum
1126 862 1443 898 resurrecturos

56 932 270 987 homines,
294 940 337 976 et
350 931 434 976 hoe
451 947 528 991 per
545 931 701 975 flatum
718 939 907 991 quatuor
929 929 1085 973 mundi
1107 929 1300 989 partium
1313 927 1445 973 fuisse

57 1003 308 1061 figuratum.
342 1005 494 1062 Neque
523 1002 640 1046 enim
668 1002 798 1046 etiam
823 1002 951 1046 ssatus
979 1001 1052 1045 ille
1083 1017 1133 1045 ex
1154 1017 1335 1061 corpore
1358 1004 1447 1045 Do-

58 1073 193 1130 mini,
219 1073 460 1118 substantia
479 1081 570 1117 erat
601 1073 784 1132 Spiritus
807 1073 943 1117 saneti
959 1108 970 1128 7
995 1072 1172 1133 quando
1195 1073 1384 1116 sufflavit
1406 1080 1450 1115 et

59 1144 119 1189 ait
139 1163 149 1189 ε
181 1163 202 1187 «
226 1143 421 1203 Accipite
451 1144 658 1203 Spiritum
679 1152 878 1188 sanctum
893 1147 909 1169 ‘²
931 1159 940 1184 z
965 1161 985 1184 »
1010 1144 1087 1188 sed
1112 1143 1265 1203 utique
1283 1142 1448 1200 signifi-

0 1270 2 1274 ?
60 1224 208 1261 catum
229 1224 308 1270 est,
328 1214 387 1259 sie
405 1214 535 1258 etiam
559 1214 613 1258 ab
631 1214 723 1274 ipso
740 1216 975 1274 procedere
1001 1215 1210 1274 Spiritum
1232 1223 1447 1269 sanctum,

61 1284 284 1347 quomodo
307 1285 363 1329 ab
391 1285 483 1345 ejus
513 1300 695 1345 corpore
724 1286 852 1329 ssatus
876 1284 950 1328 ifle
979 1285 1202 1345 processit.
1243 1284 1326 1330 Sed
1350 1286 1452 1346 quia

62 1356 256 1402 mundus
291 1371 382 1400 non
414 1356 475 1400 ita
511 1359 600 1400 Deo
633 1365 859 1416 coaptatur
893 1356 948 1400 ad
979 1357 1193 1402 unitatem
1230 1372 1448 1416 personae,

63 1427 174 1472 sieut
194 1442 295 1471 earo
323 1424 397 1470 illa
428 1426 575 1470 Verbo
600 1427 689 1486 ejus
711 1426 938 1485 unigenito
962 1427 1094 1482 Filio,
1119 1444 1206 1472 non
1226 1443 1456 1487 possumus

65 1498 208 1544 dicere
228 1498 287 1542 ita
308 1512 398 1542 esse
420 1498 608 1542 animam
631 1497 686 1542 de
702 1498 942 1543 substantia
959 1499 1060 1553 Dei7
1082 1498 1457 1559 quemadmodum

66 1571 195 1615 ssatus
220 1569 294 1614 ille
321 1585 345 1614 a
374 1578 564 1630 quatuor
585 1570 725 1615 ventis
752 1569 807 1614 de
830 1579 985 1614 natura
1013 1570 1170 1615 mundi
1199 1570 1339 1615 faetus
1361 1582 1454 1616 est:

66 1641 144 1686 sed
164 1650 312 1686 tamen
334 1639 455 1685 aliud
477 1656 577 1685 eum
593 1639 740 1695 fuisse,
762 1639 881 1684 aliud
896 1640 1158 1699 significasse
1175 1651 1283 1700 puto
1302 1663 1312 1699 3
1337 1641 1459 1702 quod

68 1711 268 1771 exemplo
290 1712 418 1757 ssatus
441 1727 495 1756 ex
521 1727 702 1771 corpore
730 1710 904 1755 Domini
934 1711 1211 1770 procedentis
1243 1721 1359 1757 recte
1392 1712 1462 1756 in-

69 1782 207 1841 telligi
237 1791 406 1842 potest3
444 1782 610 1826 etiamsi
643 1780 845 1826 Ezechiel
882 1782 1097 1841 propheta
1128 1781 1204 1826 illo
1240 1781 1336 1826 loeo
1367 1797 1458 1827 non

71 1853 431 1898 resurrectionem
453 1853 608 1907 carnis,
635 1851 775 1912 qualis
798 1851 971 1911 proprie
993 1851 1142 1896 futura
1169 1862 1247 1907 est,
1263 1854 1339 1896 sed
1359 1853 1458 1897 ino-

72 1924 266 1984 pinatam
285 1923 500 1984 desperati
521 1923 675 1983 populi
699 1923 1017 1982 reparationem
1037 1939 1114 1982 per
1137 1924 1345 1983 Spiritum
1368 1927 1462 1967 Do-

72 1994 197 2050 mini,
222 1995 299 2055 qui
320 1994 503 2055 replevit
523 1994 675 2039 orbem
697 2003 911 2039 terrarum
925 1995 940 2019 3
954 2028 965 2050 ,
994 1994 1177 2052 figurata
1195 1994 1462 2040 revelatione

74 2064 291 2125 praevidit.

123 2156 132 2173 ¹
150 2148 269 2182 Ezech;
288 2159 410 2192 xxxvn,
426 2160 461 2192 9,
482 2159 535 2183 10.
561 2165 603 2174 -
623 2155 637 2172 ²
651 2151 742 2182 Joan.
762 2160 817 2192 xx,
839 2157 894 2182 22.
915 2165 957 2173 —-
976 2149 989 2173 3
1008 2151 1083 2193 Sap.
1105 2160 1129 2192 ι,
1149 2161 1181 2193 7.

279 2634 386 2665 exn.
1220 2628 1267 2670 31
