1854 3219
331 239 383 265 DE
415 237 566 266 cssusssx
598 235 653 264 An
686 235 932 275 LiTTEuAM,
968 237 1050 264 Lm.
1089 238 1148 264 iv.
1335 226 1420 264 269

35 304 354 349 consummavit
375 303 520 348 omnia
544 317 673 362 opera
701 318 800 357 sua,
826 318 928 347 cum
951 302 1006 348 de
1034 302 1111 347 illo
1138 318 1237 362 quae
1265 303 1424 362 scripta

34 384 150 432 sunt,
175 375 222 419 in
252 375 346 436 ipso
378 373 516 420 crucis
543 373 744 434 patibulo
765 373 1104 433 complerentur.
1130 376 1241 419 Nam
1270 383 1313 418 et
1338 374 1424 418 hoc

34 446 167 492 verbo
180 462 283 491 usus
303 455 367 490 est
388 443 566 506 quando
587 444 646 489 ait
672 463 680 489 :
706 463 726 486 «
751 446 1117 489 Consummatum
1136 453 1215 499 est,
1241 453 1285 487 et
1305 443 1425 488 incli-

36 535 58 559 »
93 527 198 563 nato
226 517 370 578 capite
395 515 575 562 tradidit
604 515 848 576 spiritum1.
886 533 906 557 »
944 516 1063 569 Quid
1085 530 1188 573 crgo
1210 515 1370 559 mirum
1391 515 1427 560 si

34 591 149 634 Deus
170 589 304 634 istum
321 587 459 645 diem,
485 603 574 649 quo
597 596 689 632 erat
710 586 909 632 Christus
932 586 978 630 in
1001 585 1227 646 sepultura
1247 587 1427 646 quietu-

34 675 122 716 rus,
138 659 289 705 volens
307 659 436 704 etiam
457 659 542 704 hoc
563 657 696 703 modo
711 657 1023 718 praenuntiare,
1043 657 1099 702 ab
1117 657 1323 717 operibus
1340 657 1427 701 suis

33 731 80 774 in
95 747 185 776 uno
202 729 273 776 die
289 730 526 792 requievit,
552 729 757 789 deinceps
782 738 1040 789 operaturus
1059 729 1259 774 ordinem
1286 744 1427 774 saecu-

31 800 200 857 lorum,
237 810 288 847 ut
320 811 365 847 et
384 800 497 846 illud
524 815 625 846 vere
646 799 893 846 diceretur:
932 819 953 843 κ
979 803 1107 845 Pater
1136 815 1258 845 meus
1288 815 1428 861 usque

35 890 57 914 »
92 888 212 918 nunc
229 883 449 933 operatur.
478 890 500 914 »

33 1041 1427 1060 mmmmmmmmmmmmmmmmmmmw

559 1165 776 1215 CAPUT
815 1166 930 1213 XII.

0 1281 3 1393 l
44 1296 164 1343 Alia
186 1299 312 1343 ratio
343 1296 640 1344 conei'lzcmdl
662 1297 968 1358 Scriptmczm
1004 1296 1065 1342 (le
1098 1313 1260 1357 Jeqccce
1293 1306 1339 1343 ec
1371 1296 1432 1342 (le

0 1382 5 1482 l

391 1377 622 1414 οοηιιηιια
650 1378 930 1428 Operatione
961 1367 1072 1414 Dec.

95 1504 241 1548 XXII.
267 1507 431 1549 POTEST
453 1504 584 1548 etiam
610 1504 795 1563 intelligi
815 1507 956 1549 Deum
987 1504 1249 1564 requievisse
1277 1520 1300 1548 a
1322 1519 1431 1548 con=

37 1574 193 1619 dendis
215 1576 445 1633 generibus
476 1581 686 1620 creaturae
704 1610 715 1631 ,
741 1575 844 1635 quia
866 1574 980 1619 ultra
999 1576 1089 1635 jam
1122 1591 1212 1619 non
1235 1573 1434 1619 condidit

7 1641 10 1672 ἕ
37 1645 181 1706 aliqua
199 1660 356 1704 genera
377 1663 490 1692 nova
512 1666 520 1691 :
547 1646 750 1706 deinceps
774 1656 920 1690 autem
943 1660 1083 1706 usque
1105 1661 1223 1689 nunc
1253 1654 1297 1688 et
1318 1644 1434 1688 ultra

36 1716 205 1775 operari
224 1716 480 1761 eorumdem
504 1732 713 1775 generum
737 1715 1174 1770 administrationem,
1201 1731 1300 1774 quae
1324 1724 1431 1758 tunc

35 1785 236 1831 instituta
256 1796 385 1843 sunt,
416 1803 506 1831 non
526 1796 575 1831 ut
606 1787 698 1847 ipso
728 1785 882 1830 saltem
911 1785 981 1829 die
1024 1785 1208 1844 septimo
1237 1785 1433 1844 potentia

36 1857 127 1916 ejus
144 1873 167 1901 a
186 1856 288 1901 coeli
310 1866 353 1901 et
374 1866 500 1901 terrae
517 1893 527 1913 ,
555 1857 841 1916 omniumque
862 1871 1008 1899 rerum
1026 1871 1133 1915 quas
1156 1854 1428 1910 condiderat,

37 1927 353 1985 gubernatione
393 1936 599 1982 cessaret,
636 1927 833 1988 alioquin
865 1926 1074 1971 continuo
1113 1924 1428 1969 dilaberentur.

36 1998 251 2043 Creatoris
274 2012 464 2058 namque
485 1998 680 2057 potentia
695 2033 706 2055 ,
732 2007 776 2041 et
795 1997 1107 2057 omnipotentis
1129 2006 1261 2057 atque
1283 1996 1430 2040 omni-

37 2069 224 2113 tenentis
245 2069 403 2126 virtus,
424 2085 552 2114 causa
573 2067 835 2113 subsistendi
852 2077 915 2112 est
933 2068 1052 2113 omni
1070 2077 1280 2112 creaturae
1301 2087 1310 2112 ε
1331 2082 1433 2127 quae

36 2139 173 2184 virtus
197 2139 252 2184 ab
273 2140 331 2184 eis
351 2156 451 2201 quae
473 2149 615 2184 creata
643 2149 746 2184 sunt
767 2139 966 2198 regendis
983 2175 993 2195 ,
1020 2139 1053 2183 si
1075 2137 1312 2199 aliquando
1334 2153 1428 2182 ces-

37 2219 149 2254 saret
165 2245 176 2266 ,
201 2210 331 2254 simul
353 2220 396 2254 et
419 2210 596 2255 illorum
612 2219 797 2256 cessaret
814 2210 975 2269 species
991 2246 1001 2265 ,
1023 2210 1251 2270 omnisque
1273 2217 1432 2253 natura

21 2278 305 2357 [concidoren
325 2283 477 2340 Neque
495 2280 612 2324 enim
634 2280 747 2324 sicut
769 2289 957 2324 structor
984 2280 1147 2323 aedium
1168 2295 1268 2323 cum
1289 2278 1429 2323 fabri-

20 2399 21 2402 ,
39 2349 227 2406 caverit,
261 2349 476 2407 abscedit,
513 2359 644 2410 atque
678 2349 754 2394 illo
785 2360 977 2394 cessante
1010 2360 1141 2411 atquo
1167 2349 1430 2394 abscedente

21 2414 123 2482 ]stat
147 2436 256 2480 opus
273 2422 388 2481 ejus,
413 2422 473 2465 ita
492 2420 684 2465 mundus
706 2420 775 2465 vel
792 2421 883 2466 ictu
907 2420 1024 2467 oculi
1044 2431 1156 2466 stare
1176 2420 1364 2481 poterit,
1396 2420 1430 2463 si

25 2483 80 2542 lei
95 2494 209 2536 Deus
228 2492 422 2551 iegimen
442 2492 510 2538 sui
527 2491 826 2538 substraxerit.

3 1511 7 1561 ’Ξ

89 2590 207 2622 ¹.J0an
230 2599 294 2631 xix,
319 2589 372 2623 30.
