<?xml version="1.0" encoding="UTF-8"?>
<!DOCTYPE html PUBLIC "-//W3C//DTD XHTML 1.0 Transitional//EN"
    "http://www.w3.org/TR/xhtml1/DTD/xhtml1-transitional.dtd">
<html xmlns="http://www.w3.org/1999/xhtml" xml:lang="en" lang="en">
 <head>
  <title>
</title>
<meta http-equiv="Content-Type" content="text/html;charset=utf-8" />
  <meta name='ocr-system' content='tesseract 3.04.00' />
  <meta name='ocr-capabilities' content='ocr_page ocr_carea ocr_par ocr_line ocrx_word'/>
</head>
<body>
  <div class='ocr_page' id='page_1' title='image "./operaomniaaccura05auguuoft_0569.png"; bbox 0 0 1854 3219; ppageno 0'>
   <div class='ocr_carea' id='block_1_1' title="bbox 357 238 1454 287">
    <p class='ocr_par' dir='ltr' id='par_1_1' title="bbox 357 238 1454 287">
     <span class='ocr_line' id='line_1_1' title="bbox 357 238 1454 287; baseline -0.002 -9"><span class='ocrx_word' id='word_1_1' title='bbox 357 251 411 278; x_wconf 81' lang='lat' dir='ltr'>DE</span> <span class='ocrx_word' id='word_1_2' title='bbox 443 250 594 278; x_wconf 73' lang='lat' dir='ltr'>GENEst</span> <span class='ocrx_word' id='word_1_3' title='bbox 628 248 682 276; x_wconf 74' lang='lat' dir='ltr'>An</span> <span class='ocrx_word' id='word_1_4' title='bbox 715 247 958 287; x_wconf 75' lang='lat' dir='ltr'>LITTERAM,</span> <span class='ocrx_word' id='word_1_5' title='bbox 994 250 1075 276; x_wconf 76' lang='lat' dir='ltr'>Lm.</span> <span class='ocrx_word' id='word_1_6' title='bbox 1111 251 1173 276; x_wconf 71' lang='grc' dir='ltr'>Χῖ.</span> <span class='ocrx_word' id='word_1_7' title='bbox 1373 238 1454 276; x_wconf 85' lang='grc'>537</span> 
     </span>
    </p>
   </div>
   <div class='ocr_carea' id='block_1_2' title="bbox 75 313 1458 445">
    <p class='ocr_par' dir='ltr' id='par_1_2' title="bbox 75 313 1458 445">
     <span class='ocr_line' id='line_1_2' title="bbox 75 313 1458 371; baseline -0.001 -13"><span class='ocrx_word' id='word_1_8' title='bbox 75 322 126 358; x_wconf 92' lang='lat' dir='ltr'>ut</span> <span class='ocrx_word' id='word_1_9' title='bbox 155 313 320 371; x_wconf 86' lang='lat' dir='ltr'>malus,</span> <span class='ocrx_word' id='word_1_10' title='bbox 356 323 406 359; x_wconf 91' lang='lat' dir='ltr'>ut</span> <span class='ocrx_word' id='word_1_11' title='bbox 428 313 624 369; x_wconf 80' lang='lat' dir='ltr'>invidus,</span> <span class='ocrx_word' id='word_1_12' title='bbox 655 323 705 358; x_wconf 81' lang='lat' dir='ltr'>ut</span> <span class='ocrx_word' id='word_1_13' title='bbox 735 314 950 369; x_wconf 73' lang='lat' dir='ltr'><strong>seductor,</strong></span> <span class='ocrx_word' id='word_1_14' title='bbox 985 323 1035 358; x_wconf 88' lang='lat' dir='ltr'>ut</span> <span class='ocrx_word' id='word_1_15' title='bbox 1056 314 1236 358; x_wconf 85' lang='lat' dir='ltr'>omnino</span> <span class='ocrx_word' id='word_1_16' title='bbox 1258 313 1458 359; x_wconf 82' lang='lat' dir='ltr'>diabolus</span> 
     </span>
     <span class='ocr_line' id='line_1_3' title="bbox 75 384 1256 445; baseline 0 -14"><span class='ocrx_word' id='word_1_17' title='bbox 75 395 210 442; x_wconf 82' lang='lat' dir='ltr'>esset,</span> <span class='ocrx_word' id='word_1_18' title='bbox 235 402 325 431; x_wconf 92' lang='lat' dir='ltr'>non</span> <span class='ocrx_word' id='word_1_19' title='bbox 345 385 570 432; x_wconf 87' lang='lat' dir='ltr'>voluntate</span> <span class='ocrx_word' id='word_1_20' title='bbox 588 384 847 445; x_wconf 85' lang='lat' dir='ltr'>depravatus</span> <span class='ocrx_word' id='word_1_21' title='bbox 860 421 870 440; x_wconf 81' lang='grc'>,</span> <span class='ocrx_word' id='word_1_22' title='bbox 895 386 972 430; x_wconf 85' lang='lat' dir='ltr'>sed</span> <span class='ocrx_word' id='word_1_23' title='bbox 992 386 1052 431; x_wconf 83' lang='lat' dir='ltr'>ita</span> <span class='ocrx_word' id='word_1_24' title='bbox 1073 395 1256 431; x_wconf 81' lang='lat' dir='ltr'>creatus.</span> 
     </span>
    </p>
   </div>
   <div class='ocr_carea' id='block_1_3' title="bbox 94 542 1462 561">
    <p class='ocr_par' dir='ltr' id='par_1_3' title="bbox 94 542 1462 561">
     <span class='ocr_line' id='line_1_4' title="bbox 94 542 1462 561; baseline -0.001 -1"><span class='ocrx_word' id='word_1_25' title='bbox 94 542 754 561; x_wconf 49' lang='lat' dir='ltr'>mmmmmm=QO-WUSNWX</span> <span class='ocrx_word' id='word_1_26' title='bbox 758 542 963 558; x_wconf 55' lang='lat' dir='ltr'>WS›W!=N12=</span> <span class='ocrx_word' id='word_1_27' title='bbox 967 542 1320 560; x_wconf 48' lang='lat' dir='ltr'>&amp;WWUXNWWNWSR</span> <span class='ocrx_word' id='word_1_28' title='bbox 1327 543 1462 559; x_wconf 62' lang='lat' dir='ltr'>wumws</span> 
     </span>
    </p>
   </div>
   <div class='ocr_carea' id='block_1_4' title="bbox 586 630 968 707">
    <p class='ocr_par' dir='ltr' id='par_1_4' title="bbox 586 630 968 707">
     <span class='ocr_line' id='line_1_5' title="bbox 586 630 968 707; baseline -0.008 0"><span class='ocrx_word' id='word_1_29' title='bbox 586 630 808 707; x_wconf 79' lang='lat' dir='ltr'>CAPUT</span> <span class='ocrx_word' id='word_1_30' title='bbox 847 660 968 706; x_wconf 80' lang='lat' dir='ltr'>xxi.</span> 
     </span>
    </p>
   </div>
   <div class='ocr_carea' id='block_1_5' title="bbox 480 795 1059 860">
    <p class='ocr_par' dir='ltr' id='par_1_5' title="bbox 480 795 1059 860">
     <span class='ocr_line' id='line_1_6' title="bbox 480 795 1059 860; baseline -0.005 -16"><span class='ocrx_word' id='word_1_31' title='bbox 480 795 739 860; x_wconf 75' lang='lat' dir='ltr'>Refellc&#39;tur</span> <span class='ocrx_word' id='word_1_32' title='bbox 758 795 861 843; x_wconf 78' lang='lat' dir='ltr'>haec</span> <span class='ocrx_word' id='word_1_33' title='bbox 883 798 1059 857; x_wconf 78' lang='lat' dir='ltr'>opinio.</span> 
     </span>
    </p>
   </div>
   <div class='ocr_carea' id='block_1_6' title="bbox 76 931 1480 2406">
    <p class='ocr_par' dir='ltr' id='par_1_6' title="bbox 76 931 1480 2406">
     <span class='ocr_line' id='line_1_7' title="bbox 134 931 1466 998; baseline -0.002 -20"><span class='ocrx_word' id='word_1_34' title='bbox 134 936 346 979; x_wconf 88' lang='lat' dir='ltr'>XXVIII.</span> <span class='ocrx_word' id='word_1_35' title='bbox 382 936 481 978; x_wconf 75' lang='lat' dir='ltr'>HAEc</span> <span class='ocrx_word' id='word_1_36' title='bbox 499 933 646 998; x_wconf 84' lang='lat' dir='ltr'>opinio</span> <span class='ocrx_word' id='word_1_37' title='bbox 663 932 887 994; x_wconf 87' lang='lat' dir='ltr'>quomodo</span> <span class='ocrx_word' id='word_1_38' title='bbox 905 948 995 978; x_wconf 92' lang='lat' dir='ltr'>non</span> <span class='ocrx_word' id='word_1_39' title='bbox 1013 933 1067 978; x_wconf 85' lang='lat' dir='ltr'>sit</span> <span class='ocrx_word' id='word_1_40' title='bbox 1080 932 1257 977; x_wconf 87' lang='lat' dir='ltr'>adversa</span> <span class='ocrx_word' id='word_1_41' title='bbox 1275 932 1329 987; x_wconf 78' lang='lat' dir='ltr'>ei,</span> <span class='ocrx_word' id='word_1_42' title='bbox 1345 931 1466 992; x_wconf 89' lang='lat' dir='ltr'>quod</span> 
     </span>
     <span class='ocr_line' id='line_1_8' title="bbox 76 1004 1466 1066; baseline -0.003 -15"><span class='ocrx_word' id='word_1_43' title='bbox 76 1006 286 1066; x_wconf 89' lang='lat' dir='ltr'>scriptum</span> <span class='ocrx_word' id='word_1_44' title='bbox 307 1014 370 1050; x_wconf 83' lang='lat' dir='ltr'>est</span> <span class='ocrx_word' id='word_1_45' title='bbox 391 1025 400 1050; x_wconf 81' lang='lat' dir='ltr'>z</span> <span class='ocrx_word' id='word_1_46' title='bbox 429 1025 450 1048; x_wconf 92' lang='lat'>«</span> <span class='ocrx_word' id='word_1_47' title='bbox 475 1005 598 1050; x_wconf 86' lang='lat' dir='ltr'>Fecit</span> <span class='ocrx_word' id='word_1_48' title='bbox 620 1008 734 1050; x_wconf 91' lang='lat' dir='ltr'>Deus</span> <span class='ocrx_word' id='word_1_49' title='bbox 756 1005 900 1050; x_wconf 88' lang='lat' dir='ltr'>omnia</span> <span class='ocrx_word' id='word_1_50' title='bbox 923 1004 1039 1049; x_wconf 90' lang='lat' dir='ltr'>bona</span> <span class='ocrx_word' id='word_1_51' title='bbox 1061 1004 1188 1049; x_wconf 87' lang='lat' dir='ltr'>valde</span> <span class='ocrx_word' id='word_1_52' title='bbox 1203 1006 1234 1058; x_wconf 83' lang='lat'>¹,</span> <span class='ocrx_word' id='word_1_53' title='bbox 1262 1021 1283 1044; x_wconf 87' lang='lat'>»</span> <span class='ocrx_word' id='word_1_54' title='bbox 1309 1019 1466 1063; x_wconf 83' lang='lat' dir='ltr'>quam-</span> 
     </span>
     <span class='ocr_line' id='line_1_9' title="bbox 76 1073 1468 1133; baseline -0.002 -13"><span class='ocrx_word' id='word_1_55' title='bbox 76 1076 140 1121; x_wconf 88' lang='lat' dir='ltr'>vis</span> <span class='ocrx_word' id='word_1_56' title='bbox 177 1085 392 1120; x_wconf 86' lang='lat' dir='ltr'>conentur</span> <span class='ocrx_word' id='word_1_57' title='bbox 424 1074 679 1133; x_wconf 79' lang='lat' dir='ltr'>ostendere3</span> <span class='ocrx_word' id='word_1_58' title='bbox 711 1091 791 1119; x_wconf 91' lang='lat' dir='ltr'>nec</span> <span class='ocrx_word' id='word_1_59' title='bbox 814 1073 975 1118; x_wconf 90' lang='lat' dir='ltr'>insulse</span> <span class='ocrx_word' id='word_1_60' title='bbox 1007 1075 1137 1118; x_wconf 84' lang='lat' dir='ltr'>etiam</span> <span class='ocrx_word' id='word_1_61' title='bbox 1158 1073 1230 1119; x_wconf 90' lang='lat' dir='ltr'>vel</span> <span class='ocrx_word' id='word_1_62' title='bbox 1252 1073 1468 1118; x_wconf 82' lang='lat' dir='ltr'>inerudite</span> 
     </span>
     <span class='ocr_line' id='line_1_10' title="bbox 76 1143 1469 1204; baseline -0.004 -13"><span class='ocrx_word' id='word_1_63' title='bbox 76 1155 306 1202; x_wconf 82' lang='lat' dir='ltr'>asseratur,</span> <span class='ocrx_word' id='word_1_64' title='bbox 328 1162 417 1192; x_wconf 91' lang='lat' dir='ltr'>non</span> <span class='ocrx_word' id='word_1_65' title='bbox 439 1155 613 1191; x_wconf 80' lang='lat' dir='ltr'>tantum</span> <span class='ocrx_word' id='word_1_66' title='bbox 634 1144 886 1191; x_wconf 88' lang='lat' dir='ltr'>conditione</span> <span class='ocrx_word' id='word_1_67' title='bbox 903 1145 1041 1204; x_wconf 87' lang='lat' dir='ltr'>prima</span> <span class='ocrx_word' id='word_1_68' title='bbox 1061 1180 1072 1200; x_wconf 86' lang='lat'>‚</span> <span class='ocrx_word' id='word_1_69' title='bbox 1098 1143 1174 1189; x_wconf 89' lang='lat' dir='ltr'>sed</span> <span class='ocrx_word' id='word_1_70' title='bbox 1195 1144 1325 1188; x_wconf 86' lang='lat' dir='ltr'>etiam</span> <span class='ocrx_word' id='word_1_71' title='bbox 1350 1159 1469 1187; x_wconf 88' lang='lat' dir='ltr'>nunc</span> 
     </span>
     <span class='ocr_line' id='line_1_11' title="bbox 77 1214 1470 1276; baseline -0.003 -15"><span class='ocrx_word' id='word_1_72' title='bbox 77 1216 322 1276; x_wconf 85' lang='lat' dir='ltr'>depravatis</span> <span class='ocrx_word' id='word_1_73' title='bbox 339 1225 406 1261; x_wconf 87' lang='lat' dir='ltr'>tot</span> <span class='ocrx_word' id='word_1_74' title='bbox 426 1215 726 1262; x_wconf 86' lang='lat' dir='ltr'>voluntatibus</span> <span class='ocrx_word' id='word_1_75' title='bbox 743 1250 754 1270; x_wconf 82' lang='grc'>,</span> <span class='ocrx_word' id='word_1_76' title='bbox 777 1215 822 1259; x_wconf 90' lang='lat' dir='ltr'>in</span> <span class='ocrx_word' id='word_1_77' title='bbox 840 1230 1008 1259; x_wconf 87' lang='lat' dir='ltr'>summa</span> <span class='ocrx_word' id='word_1_78' title='bbox 1035 1223 1180 1259; x_wconf 85' lang='lat' dir='ltr'>tamen</span> <span class='ocrx_word' id='word_1_79' title='bbox 1202 1214 1348 1259; x_wconf 88' lang='lat' dir='ltr'>onmia</span> <span class='ocrx_word' id='word_1_80' title='bbox 1371 1229 1470 1273; x_wconf 80' lang='lat' dir='ltr'>quae</span> 
     </span>
     <span class='ocr_line' id='line_1_12' title="bbox 77 1283 1469 1341; baseline -0.004 -10"><span class='ocrx_word' id='word_1_81' title='bbox 77 1295 220 1331; x_wconf 86' lang='lat' dir='ltr'>creata</span> <span class='ocrx_word' id='word_1_82' title='bbox 242 1295 367 1341; x_wconf 85' lang='lat' dir='ltr'>sunt,</span> <span class='ocrx_word' id='word_1_83' title='bbox 395 1286 442 1329; x_wconf 91' lang='lat' dir='ltr'>id</span> <span class='ocrx_word' id='word_1_84' title='bbox 456 1295 541 1341; x_wconf 76' lang='lat' dir='ltr'>est,</span> <span class='ocrx_word' id='word_1_85' title='bbox 567 1286 812 1331; x_wconf 86' lang='lat' dir='ltr'>universam</span> <span class='ocrx_word' id='word_1_86' title='bbox 837 1285 1022 1332; x_wconf 90' lang='lat' dir='ltr'>omnino</span> <span class='ocrx_word' id='word_1_87' title='bbox 1044 1293 1286 1329; x_wconf 85' lang='lat' dir='ltr'>creaturam</span> <span class='ocrx_word' id='word_1_88' title='bbox 1308 1283 1469 1328; x_wconf 84' lang='lat' dir='ltr'>bonam</span> 
     </span>
     <span class='ocr_line' id='line_1_13' title="bbox 79 1353 1472 1416; baseline -0.001 -16"><span class='ocrx_word' id='word_1_89' title='bbox 79 1371 168 1401; x_wconf 90' lang='lat' dir='ltr'>esse</span> <span class='ocrx_word' id='word_1_90' title='bbox 188 1355 316 1400; x_wconf 87' lang='lat' dir='ltr'>valde</span> <span class='ocrx_word' id='word_1_91' title='bbox 331 1391 342 1410; x_wconf 90' lang='lat'>‚</span> <span class='ocrx_word' id='word_1_92' title='bbox 368 1371 458 1400; x_wconf 91' lang='lat' dir='ltr'>non</span> <span class='ocrx_word' id='word_1_93' title='bbox 477 1355 599 1416; x_wconf 90' lang='lat' dir='ltr'>quod</span> <span class='ocrx_word' id='word_1_94' title='bbox 621 1356 725 1400; x_wconf 90' lang='lat' dir='ltr'>boni</span> <span class='ocrx_word' id='word_1_95' title='bbox 754 1356 840 1400; x_wconf 88' lang='lat' dir='ltr'>sint</span> <span class='ocrx_word' id='word_1_96' title='bbox 862 1356 907 1399; x_wconf 90' lang='lat' dir='ltr'>in</span> <span class='ocrx_word' id='word_1_97' title='bbox 927 1370 975 1398; x_wconf 88' lang='lat' dir='ltr'>ea</span> <span class='ocrx_word' id='word_1_98' title='bbox 992 1354 1094 1398; x_wconf 88' lang='lat' dir='ltr'>mali</span> <span class='ocrx_word' id='word_1_99' title='bbox 1111 1389 1121 1409; x_wconf 80' lang='lat'>,</span> <span class='ocrx_word' id='word_1_100' title='bbox 1147 1353 1223 1398; x_wconf 88' lang='lat' dir='ltr'>sed</span> <span class='ocrx_word' id='word_1_101' title='bbox 1244 1354 1365 1414; x_wconf 85' lang='lat' dir='ltr'>quod</span> <span class='ocrx_word' id='word_1_102' title='bbox 1383 1368 1472 1398; x_wconf 90' lang='lat' dir='ltr'>non</span> 
     </span>
     <span class='ocr_line' id='line_1_14' title="bbox 79 1424 1469 1484; baseline -0.003 -13"><span class='ocrx_word' id='word_1_103' title='bbox 79 1427 271 1472; x_wconf 85' lang='lat' dir='ltr'>efficiant</span> <span class='ocrx_word' id='word_1_104' title='bbox 291 1425 456 1471; x_wconf 90' lang='lat' dir='ltr'>malitia</span> <span class='ocrx_word' id='word_1_105' title='bbox 477 1442 552 1471; x_wconf 89' lang='lat' dir='ltr'>sua</span> <span class='ocrx_word' id='word_1_106' title='bbox 567 1462 578 1481; x_wconf 83' lang='lat'>‚</span> <span class='ocrx_word' id='word_1_107' title='bbox 600 1436 651 1471; x_wconf 84' lang='lat' dir='ltr'>ut</span> <span class='ocrx_word' id='word_1_108' title='bbox 672 1427 753 1471; x_wconf 88' lang='lat' dir='ltr'>sub</span> <span class='ocrx_word' id='word_1_109' title='bbox 779 1426 857 1470; x_wconf 88' lang='lat' dir='ltr'>Dei</span> <span class='ocrx_word' id='word_1_110' title='bbox 884 1424 1242 1469; x_wconf 83' lang='lat' dir='ltr'>administratoris</span> <span class='ocrx_word' id='word_1_111' title='bbox 1264 1425 1469 1484; x_wconf 87' lang='lat' dir='ltr'>imperio,</span> 
     </span>
     <span class='ocr_line' id='line_1_15' title="bbox 78 1495 1473 1556; baseline -0.003 -14"><span class='ocrx_word' id='word_1_112' title='bbox 78 1497 266 1553; x_wconf 85' lang='lat' dir='ltr'>virtute,</span> <span class='ocrx_word' id='word_1_113' title='bbox 304 1497 536 1556; x_wconf 83' lang='lat' dir='ltr'>sapientia,</span> <span class='ocrx_word' id='word_1_114' title='bbox 573 1496 706 1541; x_wconf 87' lang='lat' dir='ltr'>decus</span> <span class='ocrx_word' id='word_1_115' title='bbox 729 1506 773 1541; x_wconf 87' lang='lat' dir='ltr'>et</span> <span class='ocrx_word' id='word_1_116' title='bbox 795 1495 902 1541; x_wconf 86' lang='lat' dir='ltr'>ordo</span> <span class='ocrx_word' id='word_1_117' title='bbox 932 1495 1224 1540; x_wconf 81' lang='lat' dir='ltr'>universitatis</span> <span class='ocrx_word' id='word_1_118' title='bbox 1255 1495 1399 1555; x_wconf 83' lang='lat' dir='ltr'>aliqua</span> <span class='ocrx_word' id='word_1_119' title='bbox 1423 1511 1473 1538; x_wconf 78' lang='lat' dir='ltr'>ex</span> 
     </span>
     <span class='ocr_line' id='line_1_16' title="bbox 79 1565 1473 1627; baseline -0.001 -16"><span class='ocrx_word' id='word_1_120' title='bbox 79 1576 201 1627; x_wconf 86' lang='lat' dir='ltr'>parte</span> <span class='ocrx_word' id='word_1_121' title='bbox 230 1575 432 1626; x_wconf 83' lang='lat' dir='ltr'>turpetur</span> <span class='ocrx_word' id='word_1_122' title='bbox 452 1566 541 1611; x_wconf 87' lang='lat' dir='ltr'>sive</span> <span class='ocrx_word' id='word_1_123' title='bbox 568 1566 787 1621; x_wconf 82' lang='lat' dir='ltr'>turbetur,</span> <span class='ocrx_word' id='word_1_124' title='bbox 809 1582 910 1611; x_wconf 86' lang='lat' dir='ltr'>cum</span> <span class='ocrx_word' id='word_1_125' title='bbox 933 1567 1018 1610; x_wconf 86' lang='lat' dir='ltr'>suis</span> <span class='ocrx_word' id='word_1_126' title='bbox 1039 1566 1290 1626; x_wconf 75' lang='lat' dir='ltr'>quibusque</span> <span class='ocrx_word' id='word_1_127' title='bbox 1312 1565 1473 1610; x_wconf 88' lang='lat' dir='ltr'>volun-</span> 
     </span>
     <span class='ocr_line' id='line_1_17' title="bbox 82 1635 1474 1695; baseline -0.002 -14"><span class='ocrx_word' id='word_1_128' title='bbox 82 1637 240 1681; x_wconf 77' lang='lat' dir='ltr'>tatibus</span> <span class='ocrx_word' id='word_1_129' title='bbox 273 1636 406 1681; x_wconf 88' lang='lat' dir='ltr'>etiam</span> <span class='ocrx_word' id='word_1_130' title='bbox 434 1635 582 1692; x_wconf 88' lang='lat' dir='ltr'>malis,</span> <span class='ocrx_word' id='word_1_131' title='bbox 623 1636 874 1681; x_wconf 81' lang='lat' dir='ltr'>tribuantur</span> <span class='ocrx_word' id='word_1_132' title='bbox 905 1637 1010 1680; x_wconf 91' lang='lat' dir='ltr'>certi</span> <span class='ocrx_word' id='word_1_133' title='bbox 1032 1645 1076 1680; x_wconf 90' lang='lat' dir='ltr'>et</span> <span class='ocrx_word' id='word_1_134' title='bbox 1096 1637 1279 1695; x_wconf 86' lang='lat' dir='ltr'>congrui</span> <span class='ocrx_word' id='word_1_135' title='bbox 1316 1635 1474 1679; x_wconf 87' lang='lat' dir='ltr'>limites</span> 
     </span>
     <span class='ocr_line' id='line_1_18' title="bbox 81 1706 1474 1768; baseline -0.001 -16"><span class='ocrx_word' id='word_1_136' title='bbox 81 1716 348 1768; x_wconf 84' lang='lat' dir='ltr'>potestatum</span> <span class='ocrx_word' id='word_1_137' title='bbox 364 1717 408 1751; x_wconf 90' lang='lat' dir='ltr'>et</span> <span class='ocrx_word' id='word_1_138' title='bbox 424 1706 620 1767; x_wconf 87' lang='lat' dir='ltr'>pondera</span> <span class='ocrx_word' id='word_1_139' title='bbox 636 1709 906 1763; x_wconf 87' lang='lat' dir='ltr'>meritorum,</span> <span class='ocrx_word' id='word_1_140' title='bbox 920 1716 969 1751; x_wconf 89' lang='lat' dir='ltr'>ut</span> <span class='ocrx_word' id='word_1_141' title='bbox 987 1707 1118 1751; x_wconf 88' lang='lat' dir='ltr'>etiam</span> <span class='ocrx_word' id='word_1_142' title='bbox 1132 1722 1234 1752; x_wconf 89' lang='lat' dir='ltr'>cum</span> <span class='ocrx_word' id='word_1_143' title='bbox 1248 1707 1349 1767; x_wconf 86' lang='lat' dir='ltr'>ipsis</span> <span class='ocrx_word' id='word_1_144' title='bbox 1367 1722 1474 1751; x_wconf 89' lang='lat' dir='ltr'>con-</span> 
     </span>
     <span class='ocr_line' id='line_1_19' title="bbox 80 1777 1476 1838; baseline -0.001 -16"><span class='ocrx_word' id='word_1_145' title='bbox 80 1778 305 1822; x_wconf 91' lang='lat' dir='ltr'>venienter</span> <span class='ocrx_word' id='word_1_146' title='bbox 312 1779 518 1838; x_wconf 86' lang='lat' dir='ltr'>justeque</span> <span class='ocrx_word' id='word_1_147' title='bbox 533 1778 740 1822; x_wconf 86' lang='lat' dir='ltr'>ordinatis</span> <span class='ocrx_word' id='word_1_148' title='bbox 759 1778 1015 1822; x_wconf 82' lang='lat' dir='ltr'>universitas</span> <span class='ocrx_word' id='word_1_149' title='bbox 1033 1777 1216 1837; x_wconf 85' lang='lat' dir='ltr'>pulchra</span> <span class='ocrx_word' id='word_1_150' title='bbox 1229 1778 1308 1822; x_wconf 89' lang='lat' dir='ltr'>sit:</span> <span class='ocrx_word' id='word_1_151' title='bbox 1329 1787 1476 1821; x_wconf 83' lang='lat' dir='ltr'>tamen</span> 
     </span>
     <span class='ocr_line' id='line_1_20' title="bbox 80 1847 1472 1910; baseline -0.001 -16"><span class='ocrx_word' id='word_1_152' title='bbox 80 1851 183 1910; x_wconf 88' lang='lat' dir='ltr'>quia</span> <span class='ocrx_word' id='word_1_153' title='bbox 205 1850 385 1894; x_wconf 86' lang='lat' dir='ltr'>cuilibet</span> <span class='ocrx_word' id='word_1_154' title='bbox 407 1849 622 1904; x_wconf 80' lang='lat' dir='ltr'>occurrit,</span> <span class='ocrx_word' id='word_1_155' title='bbox 649 1859 691 1894; x_wconf 90' lang='lat' dir='ltr'>et</span> <span class='ocrx_word' id='word_1_156' title='bbox 721 1864 875 1893; x_wconf 87' lang='lat' dir='ltr'>verum</span> <span class='ocrx_word' id='word_1_157' title='bbox 906 1858 970 1893; x_wconf 89' lang='lat' dir='ltr'>est</span> <span class='ocrx_word' id='word_1_158' title='bbox 1006 1858 1137 1909; x_wconf 86' lang='lat' dir='ltr'>atque</span> <span class='ocrx_word' id='word_1_159' title='bbox 1168 1847 1472 1904; x_wconf 80' lang='lat' dir='ltr'>manifestum,</span> 
     </span>
     <span class='ocr_line' id='line_1_21' title="bbox 76 1919 1473 1982; baseline -0.001 -16"><span class='ocrx_word' id='word_1_160' title='bbox 76 1922 254 1982; x_wconf 85' lang='lat' dir='ltr'>justitiae</span> <span class='ocrx_word' id='word_1_161' title='bbox 276 1921 356 1981; x_wconf 88' lang='lat' dir='ltr'>ipsi</span> <span class='ocrx_word' id='word_1_162' title='bbox 374 1936 463 1965; x_wconf 85' lang='lat' dir='ltr'>esse</span> <span class='ocrx_word' id='word_1_163' title='bbox 486 1921 771 1976; x_wconf 81' lang='lat' dir='ltr'>contrarium,</span> <span class='ocrx_word' id='word_1_164' title='bbox 794 1930 840 1964; x_wconf 86' lang='lat' dir='ltr'>ut</span> <span class='ocrx_word' id='word_1_165' title='bbox 855 1920 980 1965; x_wconf 87' lang='lat' dir='ltr'>nullo</span> <span class='ocrx_word' id='word_1_166' title='bbox 1001 1919 1278 1980; x_wconf 65' lang='lat' dir='ltr'>praecedente</span> <span class='ocrx_word' id='word_1_167' title='bbox 1300 1921 1473 1976; x_wconf 86' lang='lat' dir='ltr'>merito,</span> 
     </span>
     <span class='ocr_line' id='line_1_22' title="bbox 83 1991 1477 2053; baseline -0.001 -15"><span class='ocrx_word' id='word_1_168' title='bbox 83 1994 167 2038; x_wconf 91' lang='lat' dir='ltr'>hoc</span> <span class='ocrx_word' id='word_1_169' title='bbox 183 1993 326 2052; x_wconf 90' lang='lat' dir='ltr'>ipsum</span> <span class='ocrx_word' id='word_1_170' title='bbox 347 1993 394 2036; x_wconf 88' lang='lat' dir='ltr'>in</span> <span class='ocrx_word' id='word_1_171' title='bbox 415 2008 638 2053; x_wconf 87' lang='lat' dir='ltr'>quoquam</span> <span class='ocrx_word' id='word_1_172' title='bbox 657 1996 770 2036; x_wconf 89' lang='lat' dir='ltr'>Deus</span> <span class='ocrx_word' id='word_1_173' title='bbox 787 1992 967 2037; x_wconf 83' lang='lat' dir='ltr'>damnet</span> <span class='ocrx_word' id='word_1_174' title='bbox 983 1991 1103 2052; x_wconf 84' lang='lat' dir='ltr'>quod</span> <span class='ocrx_word' id='word_1_175' title='bbox 1117 1992 1162 2035; x_wconf 91' lang='lat' dir='ltr'>in</span> <span class='ocrx_word' id='word_1_176' title='bbox 1177 2008 1228 2036; x_wconf 93' lang='lat' dir='ltr'>eo</span> <span class='ocrx_word' id='word_1_177' title='bbox 1246 1992 1337 2051; x_wconf 88' lang='lat' dir='ltr'>ipse</span> <span class='ocrx_word' id='word_1_178' title='bbox 1355 2007 1477 2036; x_wconf 85' lang='lat' dir='ltr'>crea-</span> 
     </span>
     <span class='ocr_line' id='line_1_23' title="bbox 83 2061 1476 2123; baseline -0.001 -16"><span class='ocrx_word' id='word_1_179' title='bbox 83 2064 208 2118; x_wconf 83' lang='lat' dir='ltr'>verit,</span> <span class='ocrx_word' id='word_1_180' title='bbox 229 2072 436 2123; x_wconf 86' lang='lat' dir='ltr'>certaque</span> <span class='ocrx_word' id='word_1_181' title='bbox 459 2073 503 2107; x_wconf 83' lang='lat' dir='ltr'>et</span> <span class='ocrx_word' id='word_1_182' title='bbox 522 2061 698 2107; x_wconf 86' lang='lat' dir='ltr'>evidens</span> <span class='ocrx_word' id='word_1_183' title='bbox 722 2063 944 2106; x_wconf 84' lang='lat' dir='ltr'>damnatio</span> <span class='ocrx_word' id='word_1_184' title='bbox 967 2062 1131 2107; x_wconf 88' lang='lat' dir='ltr'>diaboli</span> <span class='ocrx_word' id='word_1_185' title='bbox 1150 2072 1193 2106; x_wconf 87' lang='lat' dir='ltr'>et</span> <span class='ocrx_word' id='word_1_186' title='bbox 1209 2061 1476 2121; x_wconf 82' lang='lat' dir='ltr'>Angelorum</span> 
     </span>
     <span class='ocr_line' id='line_1_24' title="bbox 85 2132 1479 2193; baseline -0.001 -16"><span class='ocrx_word' id='word_1_187' title='bbox 85 2134 175 2193; x_wconf 87' lang='lat' dir='ltr'>ejus</span> <span class='ocrx_word' id='word_1_188' title='bbox 204 2148 257 2176; x_wconf 83' lang='lat' dir='ltr'>ex</span> <span class='ocrx_word' id='word_1_189' title='bbox 289 2133 530 2191; x_wconf 84' lang='lat' dir='ltr'>Evangelio</span> <span class='ocrx_word' id='word_1_190' title='bbox 564 2133 795 2188; x_wconf 80' lang='lat' dir='ltr'>recitatur,</span> <span class='ocrx_word' id='word_1_191' title='bbox 829 2133 906 2176; x_wconf 87' lang='lat' dir='ltr'>ubi</span> <span class='ocrx_word' id='word_1_192' title='bbox 929 2149 971 2176; x_wconf 89' lang='lat' dir='ltr'>se</span> <span class='ocrx_word' id='word_1_193' title='bbox 1009 2132 1230 2177; x_wconf 85' lang='lat' dir='ltr'>dicturum</span> <span class='ocrx_word' id='word_1_194' title='bbox 1267 2133 1479 2177; x_wconf 88' lang='lat' dir='ltr'>Dominus</span> 
     </span>
     <span class='ocr_line' id='line_1_25' title="bbox 85 2203 1477 2264; baseline -0.001 -17"><span class='ocrx_word' id='word_1_195' title='bbox 85 2203 395 2264; x_wconf 73' lang='lat' dir='ltr'>praenuntiavit</span> <span class='ocrx_word' id='word_1_196' title='bbox 416 2204 577 2264; x_wconf 83' lang='lat' dir='ltr'>eis‚qui</span> <span class='ocrx_word' id='word_1_197' title='bbox 595 2220 619 2247; x_wconf 85' lang='lat' dir='ltr'>a</span> <span class='ocrx_word' id='word_1_198' title='bbox 641 2204 818 2248; x_wconf 82' lang='lat' dir='ltr'>sinistris</span> <span class='ocrx_word' id='word_1_199' title='bbox 841 2213 966 2248; x_wconf 85' lang='lat' dir='ltr'>sunt:</span> <span class='ocrx_word' id='word_1_200' title='bbox 988 2223 1006 2246; x_wconf 66' lang='grc' dir='ltr'>ι(</span> <span class='ocrx_word' id='word_1_201' title='bbox 1026 2207 1090 2248; x_wconf 87' lang='lat' dir='ltr'>Ite</span> <span class='ocrx_word' id='word_1_202' title='bbox 1113 2205 1158 2247; x_wconf 91' lang='lat' dir='ltr'>in</span> <span class='ocrx_word' id='word_1_203' title='bbox 1180 2204 1326 2263; x_wconf 84' lang='lat' dir='ltr'>ignem</span> <span class='ocrx_word' id='word_1_204' title='bbox 1349 2213 1477 2247; x_wconf 82' lang='lat' dir='ltr'>aeter-</span> 
     </span>
     <span class='ocr_line' id='line_1_26' title="bbox 89 2273 1479 2336; baseline 0.001 -19"><span class='ocrx_word' id='word_1_205' title='bbox 89 2294 110 2317; x_wconf 88' lang='lat'>»</span> <span class='ocrx_word' id='word_1_206' title='bbox 133 2291 257 2330; x_wconf 84' lang='lat' dir='ltr'>num,</span> <span class='ocrx_word' id='word_1_207' title='bbox 270 2276 346 2336; x_wconf 91' lang='lat' dir='ltr'>qui</span> <span class='ocrx_word' id='word_1_208' title='bbox 362 2284 630 2335; x_wconf 78' lang='lat' dir='ltr'>praeparatus</span> <span class='ocrx_word' id='word_1_209' title='bbox 648 2284 712 2319; x_wconf 93' lang='lat' dir='ltr'>est</span> <span class='ocrx_word' id='word_1_210' title='bbox 729 2275 904 2319; x_wconf 87' lang='lat' dir='ltr'>diabolo</span> <span class='ocrx_word' id='word_1_211' title='bbox 923 2284 966 2318; x_wconf 88' lang='lat' dir='ltr'>et</span> <span class='ocrx_word' id='word_1_212' title='bbox 984 2275 1143 2333; x_wconf 82' lang='lat' dir='ltr'>angelis</span> <span class='ocrx_word' id='word_1_213' title='bbox 1160 2276 1275 2335; x_wconf 68' lang='lat' dir='ltr'>ejus²</span> <span class='ocrx_word' id='word_1_214' title='bbox 1292 2296 1302 2332; x_wconf 79' lang='lat'>3</span> <span class='ocrx_word' id='word_1_215' title='bbox 1323 2273 1479 2318; x_wconf 83' lang='lat' dir='ltr'>»nullo</span> 
     </span>
     <span class='ocr_line' id='line_1_27' title="bbox 86 2344 1480 2406; baseline -0.001 -16"><span class='ocrx_word' id='word_1_216' title='bbox 86 2347 223 2391; x_wconf 91' lang='lat' dir='ltr'>modo</span> <span class='ocrx_word' id='word_1_217' title='bbox 245 2346 291 2389; x_wconf 91' lang='lat' dir='ltr'>in</span> <span class='ocrx_word' id='word_1_218' title='bbox 309 2361 359 2390; x_wconf 95' lang='lat' dir='ltr'>eo</span> <span class='ocrx_word' id='word_1_219' title='bbox 376 2355 593 2401; x_wconf 81' lang='lat' dir='ltr'>naturam,</span> <span class='ocrx_word' id='word_1_220' title='bbox 618 2362 751 2406; x_wconf 80' lang='lat' dir='ltr'>quam</span> <span class='ocrx_word' id='word_1_221' title='bbox 770 2349 884 2391; x_wconf 89' lang='lat' dir='ltr'>Deus</span> <span class='ocrx_word' id='word_1_222' title='bbox 904 2346 1080 2401; x_wconf 80' lang='lat' dir='ltr'>creavit,</span> <span class='ocrx_word' id='word_1_223' title='bbox 1100 2345 1175 2389; x_wconf 87' lang='lat' dir='ltr'>sed</span> <span class='ocrx_word' id='word_1_224' title='bbox 1196 2344 1356 2389; x_wconf 87' lang='lat' dir='ltr'>malam</span> <span class='ocrx_word' id='word_1_225' title='bbox 1378 2360 1480 2404; x_wconf 85' lang='lat' dir='ltr'>pro-</span> 
     </span>
    </p>
   </div>
   <div class='ocr_carea' id='block_1_7' title="bbox 86 2415 1481 2532">
    <p class='ocr_par' dir='ltr' id='par_1_7' title="bbox 86 2415 1481 2532">
     <span class='ocr_line' id='line_1_28' title="bbox 86 2415 1481 2477; baseline -0.001 -17"><span class='ocrx_word' id='word_1_226' title='bbox 86 2417 227 2477; x_wconf 85' lang='lat' dir='ltr'>priam</span> <span class='ocrx_word' id='word_1_227' title='bbox 239 2416 513 2462; x_wconf 83' lang='lat' dir='ltr'>voluntatem</span> <span class='ocrx_word' id='word_1_228' title='bbox 530 2432 661 2476; x_wconf 87' lang='lat' dir='ltr'>poena</span> <span class='ocrx_word' id='word_1_229' title='bbox 678 2416 789 2475; x_wconf 85' lang='lat' dir='ltr'>ignis</span> <span class='ocrx_word' id='word_1_230' title='bbox 810 2415 961 2460; x_wconf 84' lang='lat' dir='ltr'>aeterni</span> <span class='ocrx_word' id='word_1_231' title='bbox 984 2415 1263 2475; x_wconf 86' lang='lat' dir='ltr'>plectendam</span> <span class='ocrx_word' id='word_1_232' title='bbox 1285 2430 1376 2460; x_wconf 86' lang='lat' dir='ltr'>esse</span> <span class='ocrx_word' id='word_1_233' title='bbox 1390 2430 1481 2459; x_wconf 86' lang='lat' dir='ltr'>cre-</span> 
     </span>
     <span class='ocr_line' id='line_1_29' title="bbox 88 2485 413 2532; baseline 0.003 -1"><span class='ocrx_word' id='word_1_234' title='bbox 88 2487 281 2532; x_wconf 85' lang='lat' dir='ltr'>dendum</span> <span class='ocrx_word' id='word_1_235' title='bbox 302 2497 382 2532; x_wconf 89' lang='lat' dir='ltr'>est.</span> <span class='ocrx_word' id='word_1_236' title='bbox 410 2485 413 2488; x_wconf 60' lang='grc'><strong>”</strong></span> 
     </span>
    </p>
   </div>
   <div class='ocr_carea' id='block_1_8' title="bbox 137 2582 1314 2630">
    <p class='ocr_par' dir='ltr' id='par_1_8' title="bbox 137 2582 1314 2630">
     <span class='ocr_line' id='line_1_30' title="bbox 137 2582 1314 2630; baseline -0.003 -11"><span class='ocrx_word' id='word_1_237' title='bbox 137 2590 146 2609; x_wconf 84' lang='lat'>¹</span> <span class='ocrx_word' id='word_1_238' title='bbox 164 2586 242 2619; x_wconf 76' lang='lat' dir='ltr'>Gen.</span> <span class='ocrx_word' id='word_1_239' title='bbox 260 2597 284 2626; x_wconf 86' lang='grc' dir='ltr'>ι,</span> <span class='ocrx_word' id='word_1_240' title='bbox 304 2584 357 2619; x_wconf 75' lang='lat'>31.</span> <span class='ocrx_word' id='word_1_241' title='bbox 370 2593 389 2618; x_wconf 80' lang='lat'><strong>2</strong></span> <span class='ocrx_word' id='word_1_242' title='bbox 407 2586 496 2621; x_wconf 84' lang='lat' dir='ltr'>sent.</span> <span class='ocrx_word' id='word_1_243' title='bbox 516 2585 650 2628; x_wconf 76' lang='lat' dir='ltr'>dist.1u,</span> <span class='ocrx_word' id='word_1_244' title='bbox 669 2595 740 2628; x_wconf 80' lang='lat' dir='ltr'>cap.</span> <span class='ocrx_word' id='word_1_245' title='bbox 758 2583 916 2630; x_wconf 76' lang='lat' dir='ltr'>Ideoque.</span> <span class='ocrx_word' id='word_1_246' title='bbox 934 2601 975 2609; x_wconf 83' lang='lat'>--</span> <span class='ocrx_word' id='word_1_247' title='bbox 994 2590 1006 2608; x_wconf 79' lang='lat'>2</span> <span class='ocrx_word' id='word_1_248' title='bbox 1027 2583 1140 2616; x_wconf 76' lang='lat' dir='ltr'>Matth.</span> <span class='ocrx_word' id='word_1_249' title='bbox 1164 2594 1239 2625; x_wconf 81' lang='lat' dir='ltr'>xxv,</span> <span class='ocrx_word' id='word_1_250' title='bbox 1260 2582 1314 2625; x_wconf 71' lang='lat'>41.</span> 
     </span>
    </p>
   </div>
  </div>
 </body>
</html>
