1854 3219
353 193 406 232 40
787 204 821 232 s.
860 205 1087 233 Arcuswm
1123 207 1301 234 Eriscom

352 281 552 331 expertus
576 272 686 315 lianc
707 272 918 326 lumi-sim,
940 288 1039 332 quae
1063 281 1210 316 nostro
1236 281 1428 331 tempore
1447 279 1608 325 exorta,
1628 270 1737 314 mul-

355 353 446 386 tum
488 358 587 395 nos,
629 352 677 386 ut
701 343 882 401 gratiam
923 344 1016 397 Dei,
1049 359 1148 403 qum
1181 358 1256 402 per
1283 343 1517 386 Dominum
1542 350 1737 385 nostrum

349 417 497 459 -lesum
521 414 742 459 Christum
767 423 851 469 est,
883 414 1086 459 adversus
1114 430 1209 458 eam
1232 413 1588 469 defemleremus,
1614 428 1736 457 exer-

349 486 440 530 cuit
461 506 470 530 z
496 495 539 529 et
560 486 802 530 seeundum
825 485 870 530 id
887 486 1008 546 quod
1031 487 1089 530 ait
1110 486 1365 546 Apostolus:
1395 505 1415 528 «
1440 488 1624 545 Oportet
1645 485 1738 529 lise-

351 575 372 598 >›
409 571 520 601 reses
543 573 654 611 esse,
675 567 725 601 ut
747 557 917 616 probati
940 556 1153 602 manifesti
1172 558 1278 601 fiant
1295 558 1341 600 in
1358 557 1505 601 vobis¹
1523 575 1543 597 »
1559 592 1569 611 ‚
1596 556 1737 601 multo

349 627 665 685 vigilantiores,
692 627 1072 690 diligentioresque
1094 628 1305 683 reddidit,
1342 637 1391 672 ut
1414 627 1737 673 adverteremus

349 699 394 742 in
421 700 650 759 Scripturis
684 700 866 756 sanetis,
892 700 1014 761 quod
1042 701 1170 744 istum
1209 700 1468 744 Tielionium
1502 700 1646 744 minus
1668 708 1737 743 at-

352 778 542 824 tentum,
587 771 819 831 minusque
860 772 950 814 sine
988 771 1112 815 hoste
1149 769 1383 814 sollicitum
1425 768 1539 829 fugit
1555 805 1565 825 ‚
1606 769 1737 814 etiam

346 841 485 900 ipsam
503 840 665 886 seilicet
681 841 814 886 tidem
831 841 998 886 donum
1016 841 1130 885 illius
1149 856 1260 896 esse,
1287 841 1363 901 qui
1385 841 1475 901 ejus
1489 856 1737 885 mensuram

346 912 585 973 unicuique
608 913 805 972 partitur.
833 915 896 956 Ex
919 928 1005 973 qua
1028 911 1241 956 sententia
1269 910 1532 972 quibusdam
1569 910 1737 956 dietum

345 991 410 1027 est
425 1017 435 1037 ,
471 1002 490 1024 «
524 983 658 1027 Vobis
696 982 908 1028 donatum
931 991 994 1026 est
1016 998 1095 1042 pro
1113 982 1306 1038 Christo,
1344 998 1435 1027 non
1456 982 1598 1027 solum
1620 992 1670 1027 ut
1690 983 1736 1027 in

349 1071 369 1093 »
407 1069 507 1097 eum
541 1054 750 1108 credatis,
792 1053 1076 1098 verumetiam
1111 1061 1159 1098 ut
1196 1069 1276 1113 pro
1319 1069 1371 1098 eo
1403 1053 1669 1113 patiamini‘2.
1711 1072 1731 1094 »

346 1122 472 1167 Unde
495 1125 591 1184 quis
614 1124 787 1168 dubitet
811 1134 1048 1185 utrumque
1070 1139 1160 1169 esse
1182 1126 1260 1170 Dei
1283 1125 1473 1180 donum,
1498 1125 1575 1186 qui
1594 1124 1735 1170 fideli-

345 1204 410 1237 ter
432 1203 563 1254 atque
597 1194 890 1254 intelligenter
919 1195 1041 1240 audit
1067 1205 1307 1257 utrumque
1337 1196 1582 1240 donatum?
1604 1196 1734 1241 Plura

345 1274 447 1309 sunt
478 1274 521 1309 et
549 1265 630 1309 alia
660 1267 930 1322 testimonia,
959 1267 1120 1327 quibus
1148 1267 1194 1312 id
1227 1267 1472 1312 ostenditur
1503 1287 1512 1313 :
1539 1266 1615 1313 sed
1650 1269 1734 1313 hoc

345 1351 463 1379 1111110
496 1352 586 1381 11011
609 1337 797 1395 agimus,
823 1336 926 1382 alibi
950 1347 1097 1383 autem
1126 1347 1258 1399 atque
1276 1338 1379 1384 alibi
1402 1339 1635 1399 saepissime
1655 1339 1733 1384 ista

347 1406 529 1465 egimus.

345 1554 1147 1573 bvmmmkwmwiwwmwvumss
1365 1555 1617 1574 mmm&
1621 1557 1735 1574 mm

792 1677 1011 1728 CAPUT
1047 1680 1281 1729 XXXIV.

707 1822 898 1885 Regula
921 1833 1101 1882 quarta
1130 1823 1367 1871 Ticlzom'i.

399 1961 579 2003 XLVII.
615 1962 795 2013 QUARTA
820 1961 1017 2005 Tiehonii
1046 1960 1195 2021 regula
1225 1971 1291 2007 est
1312 1961 1372 2007 (le
1398 1965 1556 2024 speeie
1578 1972 1624 2009 et
1642 1980 1729 2026 ge-

339 2047 468 2075 nere.
505 2032 572 2075 Sic
595 2032 711 2075 enim
735 2047 831 2077 eam
854 2043 1002 2089 vocat,
1028 2033 1178 2079 volens
1200 2034 1384 2094 intelligi
1415 2036 1601 2096 speeiem
1626 2052 1728 2096 par-

341 2111 448 2157 tem,
483 2118 619 2161 genus
642 2112 788 2147 autem
812 2112 975 2159 totum,
1001 2106 1124 2165 eujus
1147 2120 1196 2150 ea
1218 2121 1316 2166 pars
1338 2116 1426 2162 est,
1453 2123 1585 2168 quam
1609 2124 1728 2152 nun-

337 2182 471 2232 cupat
503 2175 711 2232 speeiem,
752 2175 865 2220 sieut
898 2191 1177 2237 unaquaeque
1198 2177 1346 2222 civitas
1368 2193 1466 2238 pars
1489 2188 1552 2223 est
1575 2180 1728 2239 utique

336 2244 626 2288 universitatis
665 2246 884 2304 gentium:
920 2247 1033 2292 hane
1072 2247 1146 2292 ille
1173 2258 1300 2293 vocat
1337 2250 1547 2309 speeiem3
1591 2266 1727 2309 genus

335 2324 481 2359 autem
506 2331 654 2360 omnes
688 2326 851 2375 gentes.
877 2320 1028 2379 Neque
1050 2318 1120 2362 hie
1143 2334 1192 2363 ea
1215 2318 1489 2364 discernendi
1510 2321 1726 2366 subtilitas

332 2385 584 2430 adhibenda
607 2396 694 2441 est,
721 2403 820 2447 quae
851 2404 875 2432 a
897 2388 1134 2434 dialecticis
1156 2389 1368 2446 traditur,
1394 2391 1470 2452 qui
1491 2392 1605 2436 inter
1625 2408 1726 2452 par-

331 2465 419 2500 tem
437 2465 480 2500 et
501 2456 688 2516 speeiem
706 2458 814 2518 quid
836 2458 1005 2504 intersit
1027 2460 1271 2506 acutissime
1294 2461 1534 2521 disputant,
1556 2463 1722 2509 Eadem

382 2559 390 2574 ¹
420 2563 430 2585 1
450 2554 520 2585 Cor.
544 2564 587 2594 xi,
614 2565 662 2595 ιι).
686 2571 726 2576 -
747 2561 759 2576 ²
780 2554 968 2597 Pliil.1‚‘29.
