1854 3219
368 187 422 214 DE
454 184 661 214 noenum
691 181 945 212 CHRISTIANA
978 184 1061 211 Lm.
1089 183 1156 210 111.
1400 172 1454 210 27

73 251 160 297 tale
177 250 343 312 aliquid
359 250 595 295 accidisset.
620 253 714 295 Rex
728 257 874 294 autem
888 246 1026 293 David
1042 262 1144 292 cum
1158 247 1243 292 hoc
1255 246 1310 291 ab
1323 247 1458 307 impio

73 332 205 383 atque
231 321 408 368 immani
439 321 529 367 filio
559 337 707 382 passus
737 329 868 376 esset,
902 335 992 364 non
1015 318 1156 364 solum
1174 317 1457 363 ferocientem

73 393 300 449 toleravit,
325 392 400 438 sed
421 393 552 437 etiam
572 392 742 453 planxit
763 391 1018 436 extinctum.
1042 392 1140 436 Non
1163 390 1280 434 enim
1296 389 1459 434 carnali

73 464 166 510 zelo
189 464 378 509 irretitus
399 463 653 519 tenebatur,
686 478 820 524 quem
842 461 965 506 nullo
992 459 1124 507 modo
1142 461 1311 521 injuriae
1343 476 1457 517 suae,

73 534 150 580 sed
168 543 344 595 peccata
373 534 451 579 filii
481 534 832 579 commovebant.
853 535 964 579 Nam
985 531 1083 576 ideo
1117 531 1152 575 si
1179 531 1427 576 vinceretur
1446 566 1458 587 ‚

73 621 176 652 eum
191 605 331 651 occidi
346 606 652 666 prohibuerat,
674 614 727 651 ut
748 603 941 649 edomito
960 611 1205 648 servaretur
1215 601 1461 662 poenitendi

72 677 194 724 locus
214 697 224 723 :
249 686 294 723 et
313 677 417 738 quia
446 692 537 722 non
558 676 723 737 potuit,
763 691 854 721 non
887 675 1119 719 orbitatem
1139 673 1283 719 doluit
1303 675 1349 718 in
1371 674 1462 734 ejus

73 749 297 805 interitu¹‚
322 748 399 793 sed
423 757 605 794 noverat
620 749 666 793 in
687 763 793 809 quas
815 761 968 808 poenas
985 755 1074 790 tam
1101 745 1234 805 impie
1252 744 1463 790 *adultera

74 829 118 864 et
137 818 402 879 parricidalis
423 819 567 864 anima
595 828 835 879 raperetur.
864 820 1062 877 Namque
1085 816 1169 862 alio
1196 816 1315 876 prius
1340 815 1431 860 filio
1448 850 1460 872 ‚

73 890 151 951 qui
179 889 388 935 innocens
410 899 527 946 erat,
552 905 632 950 pro
654 905 742 951 quo
770 897 1008 949 aegrotante
1040 886 1337 946 affligebatur,
1362 901 1462 932 mo-

73 961 212 1004 riente
233 959 403 1005 laetatus
420 969 498 1004 est.

132 1031 298 1074 XXXI.
333 1032 397 1074 Ex
418 1030 503 1075 'noc
523 1030 710 1075 maxime
743 1038 947 1090 apparet,
985 1044 1071 1090 qua
1095 1026 1392 1073 moderatione
1415 1041 1464 1072 ac

75 1100 361 1161 temperantia
376 1099 441 1144 illi
453 1101 534 1146 viri
550 1100 742 1146 foeminis
760 1101 1014 1156 utebantur,
1026 1098 1148 1161 quod
1158 1099 1315 1145 cumin
1329 1114 1464 1143 unam

74 1171 224 1217 illicite
239 1172 434 1217 irruisset
451 1188 524 1217 rex
544 1173 683 1228 idem,
708 1182 818 1218 aestu
840 1172 1035 1234 quodam
1057 1172 1196 1217 aetatis
1218 1180 1262 1216 et
1290 1180 1463 1230 tempo-

74 1243 232 1288 ralium
254 1258 399 1287 rerum
419 1244 778 1304 prosperitatibus
794 1245 999 1304 abreptus
1011 1280 1022 1299 ,
1047 1245 1170 1304 cujus
1187 1243 1317 1288 etiam
1330 1242 1464 1286 mari-

73 1320 170 1360 tum·
191 1312 482 1359 occidendum
507 1323 797 1374 praeceperat3
833 1324 1058 1359 accusatus
1081 1323 1145 1358 est
1165 1329 1243 1373 per
1269 1313 1466 1371 Prophe-

74 1395 162 1431 tam
173 1420 184 1442 ‚
212 1385 289 1445 qui
309 1400 412 1430 cum
429 1384 485 1429 ad
501 1400 603 1429 eum
615 1386 802 1430 venisset
818 1385 1169 1430 convincendum
1193 1384 1248 1429 de
1265 1392 1461 1444 peccato,

73 1456 298 1518 proposuit
313 1455 353 1501 ei
374 1455 702 1501 similitudinem
716 1456 771 1501 dc
782 1472 974 1517 paupere
986 1460 1018 1511 ²,
1044 1455 1320 1517 quihabebat
1338 1470 1464 1500 ovem

72 1542 204 1572 unam
218 1562 230 1583 ‚
263 1527 386 1587 cujus
402 1526 571 1572 vicinus
593 1542 695 1571 cum
717 1527 900 1571 haberet
922 1525 1080 1570 multas
1094 1561 1105 1582 ,
1139 1524 1195 1570 ad
1226 1524 1464 1570 adventum

72 1599 251 1660 hospitis
261 1599 326 1644 sui
342 1599 516 1644 unicam
537 1599 683 1659 potius
705 1599 836 1644 vicini
852 1599 918 1643 sui
939 1598 1141 1659 pauperis
1157 1596 1375 1642 oviculam
1388 1613 1464 1641 ex-

71 1670 217 1716 hibuit
239 1669 518 1730 epulandam.
543 1673 595 1714 In
618 1685 750 1731 quem
771 1679 1017 1714 commotus
1039 1668 1178 1714 David
1201 1667 1340 1713 occidi
1362 1683 1465 1712 eum

66 1741 214 1802 jussit,
235 1749 278 1785 et
298 1739 622 1802 quadruplicari
645 1756 770 1785 ovem
785 1740 989 1800 pauperi·⁷
1008 1748 1057 1784 ut
1080 1754 1124 1784 se
1141 1739 1334 1784 nesciens
1356 1755 1464 1784 con-

73 1812 323 1868 demnaret,
359 1812 435 1873 qui
464 1820 720 1872 peccaverat
745 1812 896 1856 sciens.
923 1810 1055 1865 Quod
1076 1826 1178 1856 cum
1198 1811 1237 1855 ei
1259 1809 1466 1856 manifes-

72 1893 214 1930 tatum
238 1892 369 1940 esset⁷
394 1892 438 1928 et
458 1882 666 1935 divinitus
684 1882 942 1928 denuntiata
964 1882 1160 1927 vindicta
1176 1917 1187 1937 ‚
1213 1880 1344 1926 diluit
1364 1898 1465 1942 poe-

73 1953 255 2000 nitendo
275 1964 495 2016 pecatum.
523 1953 608 1999 Sed
630 1962 776 1998 tamen
795 1954 839 1998 in
859 1953 942 1998 hac
964 1951 1247 1998 similitudine
1264 1961 1466 2013 stuprum

73 2024 380 2071 tantummodo
403 2023 680 2084 designatum
708 2034 772 2070 est
791 2023 846 2069 de
874 2039 954 2070 ove
981 2024 1113 2069 vicini
1142 2023 1368 2084 pauperis,
1410 2023 1465 2069 de

74 2098 230 2143 marito
245 2107 394 2143 autem
404 2095 598 2141 mulieris
619 2097 898 2157 interempto,
908 2097 994 2142 hoc
1005 2105 1084 2152 est,
1096 2095 1151 2141 de
1163 2096 1258 2157 ipso
1274 2111 1466 2157 paupere

75 2171 150 2232 qui
163 2185 298 2214 unam
315 2169 508 2214 habebat
526 2184 653 2215 ovem
670 2170 832 2225 occiso,
857 2185 947 2214 non
960 2178 1023 2213 est
1043 2184 1121 2229 per
1136 2168 1465 2214 similitudinem

75 2242 363 2300 interrogatus
391 2240 529 2285 David
545 2276 555 2296 ‚
581 2249 631 2284 ut
652 2241 698 2284 in
715 2239 856 2285 solum
886 2239 1150 2284 adulterium
1178 2239 1342 2285 diceret
1363 2255 1464 2284 sen-

75 2312 254 2356 tentiam
267 2310 560 2355 damnationis
575 2327 678 2355 suae.
699 2313 764 2355 Ex
782 2326 869 2371 quo
886 2310 1144 2369 intelligitur
1165 2320 1330 2371 quanta
1347 2320 1464 2355 tem-

76 2382 269 2442 perantia
289 2381 448 2426 multas
462 2381 663 2426 mulieres
676 2382 900 2436 habuerit,
926 2381 1103 2442 quando
1121 2382 1175 2426 de
1197 2398 1285 2426 una
1309 2381 1355 2426 in
1376 2397 1463 2442 qua

79 2453 253 2497 excessit
268 2452 447 2497 modum
467 2488 477 2507 ‚
507 2469 529 2497 a
553 2468 596 2496 se
613 2452 705 2511 ipso
738 2452 883 2511 puniri
913 2462 1087 2497 coactus
1109 2462 1184 2496 est.
1214 2452 1298 2497 Sed
1322 2454 1366 2496 in
1381 2452 1462 2496 isto

125 2543 133 2558 ¹
152 2544 170 2567 2
186 2539 262 2579 neg.
284 2547 374 2575 xviii,
399 2537 450 2568 33.
481 2554 520 2557 —
541 2543 554 2558 2
570 2536 615 2567 ld.
637 2547 703 2575 xri,
726 2536 742 2565 Γ)
759 2540 790 2565 ot
803 2546 869 2576 seq.
