1854 3219
369 151 451 191 :³64
809 166 841 190 s.
879 163 1110 190 Atotsnm
1145 164 1323 189 miscui-1

366 257 467 287 eum
494 240 634 284 facere
653 255 743 285 non
765 239 966 285 debuisse
983 275 994 296 ,
1020 240 1180 284 divinae
1208 239 1434 285 sententiae
1455 239 1597 298 justus
1618 239 1756 282 exitus

368 312 595 357 indicavit.

425 384 518 426 LX.
545 384 660 439 Ergo
688 381 773 426 alio
798 381 931 426 modo
953 380 1144 442 quodam
1167 382 1296 425 etiam
1317 381 1408 441 ipse
1431 379 1640 440 deceptus
1669 388 1755 423 est:

365 452 441 498 sed
464 452 567 498 dolo
596 452 672 497 illo
697 454 971 513 serpentino,
999 469 1087 514 quo
1112 453 1269 496 mulier
1296 451 1473 496 seducta
1504 460 1593 507 est,
1635 449 1759 494 nullo

365 524 498 570 modo
516 523 641 569 illum
664 524 851 569 arbitror
874 525 1063 585 potuisse
1081 524 1228 569 seduci
1249 524 1294 567 in
1312 522 1388 568 illo
1405 522 1538 568 modo
1553 558 1564 578 ,
1583 538 1670 583 quo
1688 521 1760 566 illa

364 596 524 657 potuit.
552 598 676 640 Hanc
700 605 846 640 autem
864 596 1038 656 proprie
1056 595 1357 640 seductionem
1375 593 1610 654 appellavit
1626 597 1761 653 Apos-

363 667 479 713 tolus
495 703 506 723 ,
532 683 619 727 qua
640 666 686 711 id
701 667 822 728 quod
844 667 1127 722 suadebatur,
1152 681 1254 711 cum
1277 665 1433 712 salsum
1452 675 1581 720 esset,
1607 680 1761 710 verum

365 748 571 800 putatum
594 740 699 793 est¹‚
731 737 778 782 id
809 747 899 794 est,
935 738 1056 799 quod
1085 741 1200 783 Deus
1223 738 1321 782 ideo
1340 737 1510 797 lignum
1532 736 1642 781 illud
1666 746 1762 781 tan-

366 825 468 870 gere
498 809 799 869 prohibuerit,
831 808 953 870 quod
974 809 1137 854 sciebat
1167 824 1260 864 eos,
1298 809 1330 853 si
1354 808 1616 867 tetigissent,
1641 807 1763 853 velut

366 881 470 926 deos
494 880 688 936 suturoe,
716 890 927 942 tanquam
950 880 1009 925 eis
1032 879 1303 924 divinitatem
1330 878 1565 935 invideret,
1597 879 1672 940 qui
1691 895 1763 923 eos

365 953 564 999 homines
599 951 777 997 fecerat.
826 951 910 997 Sed
946 952 1076 996 etiam
1111 952 1145 996 si
1179 952 1323 996 virum
1356 961 1535 1012 propter
1573 951 1763 1012 aliquam

366 1024 525 1070 mentis
543 1023 793 1079 elationem,
818 1039 918 1084 quae
940 1027 1078 1068 Deum
1101 1023 1375 1068 internorum
1397 1032 1682 1067 scrutatorem
1700 1022 1765 1066 la-

367 1106 458 1141 tere
484 1111 573 1140 non
598 1104 792 1155 poterat,
815 1093 1063 1151 sollicitavit
1086 1093 1230 1154 aliqua
1255 1093 1503 1154 experiendi
1530 1092 1761 1154 cupiditas,

367 1182 471 1212 cum
488 1165 716 1210 mulierem
728 1164 896 1209 videret
913 1173 1088 1225 accepta
1111 1164 1184 1208 illa
1206 1180 1301 1209 esca
1319 1180 1408 1209 non
1426 1180 1515 1209 esse
1528 1174 1762 1218 mortuam,

368 1236 614 1284 secundum
632 1253 679 1281 ea
698 1253 797 1297 quae
819 1237 1016 1297 superius
1039 1237 1365 1281 tractavimus2:
1391 1252 1480 1280 non
1496 1245 1642 1280 tamen
1665 1251 1766 1280 eum

369 1309 575 1364 arbitror,
603 1308 637 1352 si
652 1309 744 1368 jam
766 1307 948 1368 spiritali
971 1316 1116 1351 mente
1138 1307 1346 1367 praeditus
1370 1316 1488 1363 erat,
1521 1306 1613 1352 ullo
1634 1306 1767 1352 modo

368 1380 546 1426 credere
568 1379 759 1439 potuisse
775 1415 785 1434 ,
812 1378 934 1439 quod
957 1394 1027 1423 eos
1050 1381 1164 1423 Deus
1187 1378 1242 1422 ab
1268 1394 1362 1423 esca
1388 1378 1503 1423 illius
1525 1377 1632 1438 ligni
1654 1379 1767 1423 invi—

368 1452 516 1497 dendo
551 1452 773 1496 vetuisset.
814 1449 899 1495 Sed
935 1449 1042 1511 quid
1071 1450 1230 1510 plura?
1266 1454 1523 1494 Persuasum
1561 1460 1625 1495 est
1656 1449 1767 1494 illud

368 1533 599 1585 peceatum
620 1523 732 1567 sicut
754 1521 1005 1581 persuaderi
1027 1521 1187 1565 talibus
1207 1531 1370 1580 posset:
1393 1522 1686 1581 conscriptum
1704 1531 1769 1566 est

370 1604 519 1639 autem
547 1593 658 1637 sicut
679 1593 761 1652 legi
789 1593 843 1636 ab
864 1592 1068 1636 omnibus
1091 1602 1336 1651 oporteret,
1362 1593 1441 1637 etsi
1464 1609 1487 1637 a
1511 1593 1658 1652 paucis
1673 1594 1768 1638 haee

372 1663 724 1723 intelligerentur
747 1662 858 1707 sicut
880 1671 1114 1722 oporteret.

422 1768 430 1784 ¹
458 1772 468 1792 1
493 1760 573 1793 Tin).
598 1771 633 1802 11,
653 1771 664 1791 1
679 1759 706 1801 ¹!-
730 1775 771 1781 ·—-
788 1765 800 1782 ‘-’
821 1768 839 1791 2
859 1761 948 1790 seut..
968 1759 1041 1791 dist.
1060 1770 1093 1800 n,
1116 1761 1170 1801 20,
1194 1770 1266 1802 cap.
1294 1760 1484 1793 Praecerca.
