1854 3219
354 162 411 190 nE
441 162 593 191 GENESI
623 158 680 189 AD
711 157 955 199 LITTERAM,
990 159 1074 189 Lm.
1110 150 1176 188 v1.'
1363 147 1448 186 367

58 229 315 275 immortalis
346 238 492 275 autem
521 227 736 273 beneficio
758 226 1022 273 Conditoris.
1061 226 1106 272 Si
1141 223 1260 269 enim
1290 239 1449 284 corpus

59 299 268 359 animale,
292 302 447 363 utique
467 299 678 358 mortale,
706 300 810 361 quia
831 308 876 344 et
890 299 1000 345 mori
1025 305 1224 359 poterat,
1252 296 1451 358 quamvis

57 383 102 418 et
123 373 389 431 immortale,
411 372 512 419 ideo
531 373 633 434 quia
654 382 698 418 et
713 388 804 418 non
820 371 931 417 mori
951 380 1136 432 poterat.
1159 373 1311 431 Neque
1333 368 1451 418 enim

56 443 304 494 immortale
314 445 437 507 quod
450 444 563 495 mori
575 444 755 493 omnino
769 459 860 488 non
875 443 1025 503 possit,
1043 442 1125 488 erit
1145 441 1227 487 nisi
1239 439 1447 502 spiritale,

55 514 177 576 quod
199 516 325 561 nobis
354 515 556 571 futurum
572 516 619 561 in
640 514 954 560 resurrectione
976 512 1261 575 promittitur.
1286 514 1350 559 Ac
1372 525 1453 572 per

54 586 140 637 hoc
163 587 276 632 illud
291 588 479 635 animale
501 597 545 633 et
565 587 624 634 ob
637 588 722 632 hoc
743 586 950 643 mortale,
976 585 1097 647 quod
1119 593 1299 646 propter
1314 583 1452 644 justi-

55 658 163 705 tiam
197 658 391 719 spiritale
426 661 550 704 fieret
585 668 630 704 et
665 659 723 704 ob
744 659 829 703 hoc
851 657 971 703 omni
999 655 1132 705 modo
1173 653 1419 703 immortale
1435 689 1447 710 ,

53 728 221 777 factum
239 740 304 776 est
323 740 503 792 propter
524 740 753 791 peccatum
774 745 865 775 non
883 728 1066 774 mortale
1078 764 1089 785 ,
1112 726 1235 791 quod
1253 735 1298 770 et
1321 734 1450 771 antea

55 810 149 847 erat
164 836 178 859 ,
201 801 277 847 sed
303 812 550 860 mortuum,
584 801 707 864 quod
725 809 871 863 posset
892 816 983 847 non
1003 799 1097 845 fieri
1115 835 1128 857 ,
1149 798 1185 848 si
1205 799 1337 848 homo
1358 811 1450 848 non

54 883 290 933 peccasset.

61 1029 1041 1049 wmmmmmmmmmmwssmwu'
1044 1026 1453 1047 mmmmm

549 1153 767 1203 CAPUT
805 1153 988 1203 XXVI.

297 1299 484 1358 Corpus
514 1296 641 1344 Adoe
683 1307 729 1344 ec
760 1307 975 1343 nostrum
1006 1295 1210 1343 diversa.

115 1437 344 1481 XXXVII.
362 1439 583 1490 QUOMODO
597 1452 701 1496 ergo
715 1453 873 1497 corpus
884 1445 1082 1482 nostrum
1096 1434 1201 1479 dicit
1214 1431 1452 1493 Apostolus

56 1517 279 1553 mortuum
293 1543 304 1564 ,
330 1524 432 1552 cum
450 1508 594 1553 adhuc
610 1507 665 1552 de
685 1508 936 1554 viventibus
952 1508 1210 1567 loqueretur
1222 1541 1232 1561 ,
1254 1505 1335 1549 nisi
1351 1505 1452 1565 quia

51 1580 141 1640 jam
163 1579 257 1640 ipsa
279 1579 472 1624 conditio
503 1579 721 1624 moriendi
743 1595 793 1623 ex
809 1587 989 1639 peccato
1007 1585 1243 1638 parentum
1259 1576 1386 1620 haesit
1406 1575 1453 1618 in

57 1650 208 1711 prole?
224 1648 425 1695 Animale
446 1659 510 1695 est
526 1650 643 1695 enim
662 1660 706 1695 et
722 1651 807 1694 hoc
824 1664 982 1710 corpus
994 1684 1004 1704 ,
1030 1649 1200 1702 sicutet
1221 1646 1350 1707 primi
1367 1647 1453 1692 ho-

53 1722 182 1766 minis
198 1721 304 1778 fuit,
329 1721 405 1767 sed
421 1721 507 1766 hoc
525 1722 617 1782 jam
639 1721 685 1765 in
707 1721 800 1781 ipso
823 1719 1021 1766 animalis
1045 1735 1203 1778 genere
1225 1717 1366 1762 multo
1391 1726 1455 1761 cst

55 1791 246 1836 deterius
272 1811 282 1837 ;
302 1791 438 1837 habet
458 1791 576 1835 enim
596 1791 896 1836 necessitatem
917 1788 1133 1835 moriendi
1150 1824 1161 1845 ,
1188 1788 1309 1850 quod
1340 1786 1454 1831 illud

54 1878 147 1908 non
156 1862 329 1909 habuit.
346 1863 552 1916 Quamvis
567 1862 685 1907 enim
697 1862 888 1907 restabat
902 1862 1047 1905 adhuc
1062 1869 1113 1904 ut
1125 1860 1451 1916 immutaretur,

57 1945 102 1980 et
138 1932 330 1995 spiritale
367 1933 534 1979 lactum
566 1932 744 1994 plenam
776 1931 1148 1986 immortalitatem
1179 1920 1451 1992 perciperet,

59 2005 137 2056 ubi
153 2005 253 2051 cibo
275 2003 550 2065 corruptibili
580 2020 673 2066 non
705 2013 850 2063 egeret
877 2023 886 2047 :
923 2014 1070 2071 tamen
1092 2003 1124 2047 si
1140 2004 1256 2064 juste
1288 2001 1455 2047 viveret

58 2077 215 2139 homo,
235 2085 279 2121 et
304 2076 354 2120 in
371 2074 609 2136 spiritalem
630 2074 937 2120 habitudinem
959 2090 1116 2134 corpus
1139 2075 1229 2134 ejus
1259 2082 1454 2118 mutare-

59 2157 154 2204 tur,
183 2163 275 2192 non
294 2147 378 2191 iret
401 2147 448 2192 in
464 2155 667 2191 mortem.
701 2148 753 2189 In
769 2145 896 2190 nobis
927 2139 1074 2190 autem
1098 2145 1229 2189 etiam
1253 2145 1369 2205 juste
1387 2144 1455 2188 vi-

57 2219 284 2276 ventibus,
309 2233 467 2278 corpus
490 2217 753 2262 muliturum
772 2226 858 2275 est,
873 2225 1052 2276 propter
1070 2231 1204 2277 quam
1220 2209 1455 2259 necessita-

60 2299 174 2346 tem,
215 2304 269 2335 ex
306 2288 422 2340 illius
457 2288 587 2348 primi
620 2287 808 2332 hominis
839 2296 1018 2348 peccato
1053 2287 1327 2342 venientem,
1363 2301 1456 2330 non

61 2360 270 2430 mortale,
296 2359 372 2405 sed
393 2369 619 2404 mortuum
649 2374 806 2420 corpus
836 2368 1036 2403 nostrum
1058 2344 1166 2402 dixit
1189 2356 1450 2417 Apostolus,

63 2426 165 2497 quia
188 2447 336 2477 omnes
353 2431 400 2475 in
419 2430 562 2476 Adam
582 2429 808 2474 morimur
826 2432 938 2474 Item
951 2428 1083 2474 dicit:
1112 2447 1132 2472 »
1152 2428 1274 2474 Sicut
1296 2437 1359 2472 est
1378 2443 1454 2472 ve-

66 2522 88 2548 »
113 2505 215 2550 ritas
231 2504 278 2549 in
294 2506 318 2548 J
322 2519 398 2549 esu
428 2503 646 2563 deponere
664 2517 741 2548 vos
755 2501 996 2547 secundum
1016 2501 1204 2561 priorem
1225 2514 1454 2552 conversa-
