1854 3219
397 164 450 191 DE
482 159 690 191 DocrnmA
722 160 975 191 CHRISTIANA
1011 164 1092 191 Lm.
1127 165 1186 191 1v.
1431 154 1484 193 75

103 228 338 274 conferunt
355 229 522 274 homini
542 263 552 284 ,
578 227 653 288 qui
681 236 724 272 et
744 228 977 272 confitetur
997 244 1171 285 verum,
1200 238 1243 274 et
1265 229 1487 275 collaudat

100 301 352 362 eloquium,
378 315 458 349 nec
480 298 660 343 inclinat
681 314 899 343 assensum
915 335 925 354 ,
956 309 1132 360 propter
1159 316 1289 361 quem
1313 300 1454 345 solum
1472 336 1483 355 ‚

100 388 201 417 cum
219 369 384 432 aliquid
399 369 631 426 suadetur,
650 369 778 414 rebus
791 386 891 431 quae
908 370 1113 415 dicuntur
1131 370 1327 429 invigilat
1341 372 1489 416 dicen-

98 444 154 489 tis
178 437 397 490 intentio?
437 441 480 487 Si
515 441 632 485 enim
661 440 763 486 talia
799 439 1037 498 docentur,
1077 458 1177 503 quae
1208 442 1384 487 credere
1416 443 1487 496 vel

103 529 229 561 nosse
257 511 464 569 sufficiat,
496 511 606 556 nihil
632 521 696 557 est
717 510 837 556 aliud
857 512 917 556 eis
945 514 1191 562 consentire
1208 548 1218 568 ,
1246 513 1327 557 nisi
1348 514 1488 558 confi-

97 586 180 640 teri
205 600 307 635 vera
329 599 433 629 esse.
454 574 572 635 Cum
591 598 695 629 vero
726 583 772 628 id
797 583 979 629 docetur
1007 584 1127 646 quod
1149 583 1369 644 agendum
1399 595 1484 642 est,

94 667 141 703 et
160 655 260 703 ideo
277 651 460 702 docetur
480 665 531 701 ut
543 664 717 716 agatur,
746 654 906 701 frustra
920 657 1208 721 persuadetur
1226 671 1381 701 verum
1398 672 1488 703 esse

96 728 218 792 quod
254 727 435 784 dicitur,
466 721 626 773 frustra
653 727 796 788 placet
826 727 982 773 modus
1009 728 1099 788 ipse
1127 744 1216 789 quo
1244 727 1427 784 dicitur,
1453 727 1489 772 si

96 815 187 845 non
207 800 268 843 ita
293 798 473 843 discitur
489 807 540 842 ut
562 807 730 857 agatur.
751 799 935 859 Oportet
955 799 1089 858 igitur
1111 798 1391 860 eloquentem
1414 814 1487 843 ec-

95 870 380 916 clesiasticum
396 904 407 926 ,
433 870 611 931 quando
640 869 794 915 suadet
815 870 981 931 aliquid
1008 869 1129 931 quod
1151 869 1371 930 agendum
1394 879 1457 915 est
1473 906 1485 927 ,

96 958 185 987 non
207 940 349 986 solum
369 941 524 986 docere
546 952 592 985 ut
614 940 796 986 instruat
829 950 872 985 et
893 940 1109 986 delectare
1130 951 1181 986 ut
1215 950 1384 997 teneat,
1410 957 1487 986 ve-

95 1013 324 1057 rumetiam
343 1013 517 1057 flectere
540 1021 591 1056 ut
610 1012 771 1057 vincat.
799 1015 896 1071 Ipse
916 1012 1079 1073 quippe
1113 1013 1140 1073 j
1162 1027 1204 1056 m
1222 1021 1416 1056 remanet
1434 1012 1489 1056 ad

96 1084 425 1137 consensionem
447 1082 688 1131 flectendus
707 1083 971 1145 eloquentiae
990 1084 1251 1142 granditate,
1273 1084 1319 1127 in
1331 1100 1420 1145 quo
1442 1084 1488 1127 id

97 1171 186 1207 non
208 1155 294 1216 egit
315 1170 453 1216 usque
475 1154 529 1200 ad
551 1156 642 1218 ejus
660 1153 979 1199 consessionem
995 1154 1290 1200 demonstrata
1312 1154 1484 1209 veritas,

97 1225 302 1286 adjuncta
324 1226 454 1271 etiam
470 1225 683 1271 suavitate
705 1224 923 1270 dictionis.

588 1528 804 1578 CAPUT
852 1529 987 1578 XIV.

96 1685 334 1732 Dz'ctionis
375 1686 590 1732 suavitas
624 1699 716 1745 pro
761 1683 950 1730 ratione
991 1686 1269 1748 argumenti
1309 1701 1485 1746 procu-

656 1754 816 1801 randa
839 1765 923 1801 est.

154 1908 296 1952 XXX.
317 1907 401 1952 Ctn
413 1906 615 1952 suavitati
630 1915 805 1952 tantum
822 1923 965 1968 operae
983 1908 1230 1969 impensum
1246 1918 1310 1954 est
1326 1909 1380 1954 ab
1401 1911 1486 1956 ho-

96 1977 287 2030 minibus
306 2013 317 2034 ,
351 1987 401 2022 ut
446 1993 537 2022 non
559 1976 700 2022 solum
728 1994 817 2023 non
845 1977 1067 2035 facienda,
1101 1981 1387 2026 verumetiam
1416 1980 1488 2025 fu-

84 2047 254 2109 gienda
274 2064 323 2093 ac
356 2047 611 2094 detestanda
633 2058 697 2094 tot
717 2059 761 2093 et
780 2059 901 2094 tanta
917 2050 1031 2095 mala
1053 2061 1183 2113 atque
1203 2053 1362 2113 turpia,
1388 2069 1488 2115 quae

97 2119 217 2164 malis
240 2129 284 2164 et
305 2119 505 2180 turpibus
538 2119 814 2165 disertissime
847 2137 1049 2181 persuasa
1076 2133 1198 2180 sunt,
1233 2140 1324 2169 non
1346 2133 1396 2168 ut
1429 2125 1487 2169 eis

97 2191 392 2236 consentiatur
407 2226 418 2246 ,
459 2189 535 2236 sed
568 2191 656 2236 sola
692 2190 990 2238 delectationis
1018 2194 1151 2252 gratia
1164 2231 1174 2251 ,
1216 2194 1483 2240 lectitentur.

97 2265 275 2307 Avertat
296 2271 442 2306 autem
474 2265 588 2306 Deus
618 2262 672 2306 ab
694 2263 885 2307 Ecclesia
918 2279 994 2308 sua
1023 2265 1144 2325 quod
1177 2266 1231 2310 de
1267 2282 1488 2326 synagoga

98 2333 354 2379 Judaeorum
372 2336 396 2378 J
400 2334 578 2378 eremias
597 2335 811 2395 propheta
831 2347 1145 2382 commemorat
1164 2337 1334 2384 dicens:
1365 2359 1384 2380 ‹<
1406 2342 1488 2383 Pa-

100 2420 121 2445 »
144 2419 223 2448 vor
242 2413 284 2448 et
304 2403 520 2448 horrenda
538 2403 650 2449 facta
668 2415 770 2450 sunt
787 2422 916 2466 super
930 2416 1087 2452 terram
1107 2429 1116 2465 3
1138 2409 1368 2468 Prophetae
1388 2425 1488 2468 pro-

100 2492 120 2515 »
146 2475 387 2534 phetabant
399 2476 565 2536 iniqua,
583 2487 626 2522 et
638 2477 880 2523 sacerdotes
891 2478 1093 2537 plausum
1111 2479 1329 2525 dederunt
1345 2480 1484 2525 mani-
