<?xml version="1.0" encoding="UTF-8"?>
<!DOCTYPE html PUBLIC "-//W3C//DTD XHTML 1.0 Transitional//EN"
    "http://www.w3.org/TR/xhtml1/DTD/xhtml1-transitional.dtd">
<html xmlns="http://www.w3.org/1999/xhtml" xml:lang="en" lang="en">
 <head>
  <title>
</title>
<meta http-equiv="Content-Type" content="text/html;charset=utf-8" />
  <meta name='ocr-system' content='tesseract 3.04.00' />
  <meta name='ocr-capabilities' content='ocr_page ocr_carea ocr_par ocr_line ocrx_word'/>
</head>
<body>
  <div class='ocr_page' id='page_1' title='image "./operaomniaaccura05auguuoft_0295.png"; bbox 0 0 1854 3219; ppageno 0'>
   <div class='ocr_carea' id='block_1_1' title="bbox 314 207 1409 258">
    <p class='ocr_par' dir='ltr' id='par_1_1' title="bbox 314 207 1409 258">
     <span class='ocr_line' id='line_1_1' title="bbox 314 207 1409 258; baseline -0.002 -12"><span class='ocrx_word' id='word_1_1' title='bbox 314 220 368 246; x_wconf 85' lang='lat' dir='ltr'><strong>DE</strong></span> <span class='ocrx_word' id='word_1_2' title='bbox 399 218 552 246; x_wconf 77' lang='lat' dir='ltr'><strong>GENESI</strong></span> <span class='ocrx_word' id='word_1_3' title='bbox 584 215 639 244; x_wconf 79' lang='lat' dir='ltr'><strong>AD</strong></span> <span class='ocrx_word' id='word_1_4' title='bbox 671 217 912 258; x_wconf 67' lang='lat' dir='ltr'><strong>erTERAM,</strong></span> <span class='ocrx_word' id='word_1_5' title='bbox 946 220 1030 246; x_wconf 75' lang='lat' dir='ltr'><strong>Lm.</strong></span> <span class='ocrx_word' id='word_1_6' title='bbox 1068 218 1126 246; x_wconf 82' lang='lat' dir='ltr'><strong>iv.</strong></span> <span class='ocrx_word' id='word_1_7' title='bbox 1331 207 1409 244; x_wconf 79' lang='lat'><strong>271</strong></span> 
     </span>
    </p>
   </div>
   <div class='ocr_carea' id='block_1_2' title="bbox 26 283 1418 846">
    <p class='ocr_par' dir='ltr' id='par_1_2' title="bbox 26 283 1418 846">
     <span class='ocr_line' id='line_1_2' title="bbox 27 283 1416 345; baseline -0.002 -16"><span class='ocrx_word' id='word_1_8' title='bbox 27 299 108 345; x_wconf 91' lang='lat' dir='ltr'><strong>pro</strong></span> <span class='ocrx_word' id='word_1_9' title='bbox 129 299 208 329; x_wconf 92' lang='lat' dir='ltr'><strong>suo</strong></span> <span class='ocrx_word' id='word_1_10' title='bbox 229 299 417 345; x_wconf 86' lang='lat' dir='ltr'><strong>quaeque</strong></span> <span class='ocrx_word' id='word_1_11' title='bbox 434 298 589 342; x_wconf 84' lang='lat' dir='ltr'><strong>genere</strong></span> <span class='ocrx_word' id='word_1_12' title='bbox 602 293 829 339; x_wconf 79' lang='lat' dir='ltr'><strong>maneant,</strong></span> <span class='ocrx_word' id='word_1_13' title='bbox 848 283 965 328; x_wconf 79' lang='lat' dir='ltr'><strong>iflico</strong></span> <span class='ocrx_word' id='word_1_14' title='bbox 980 284 1250 339; x_wconf 89' lang='lat' dir='ltr'><strong>amitterent,</strong></span> <span class='ocrx_word' id='word_1_15' title='bbox 1270 292 1313 327; x_wconf 88' lang='lat' dir='ltr'><strong>et</strong></span> <span class='ocrx_word' id='word_1_16' title='bbox 1327 297 1416 326; x_wconf 87' lang='lat' dir='ltr'><strong>esse</strong></span> 
     </span>
     <span class='ocr_line' id='line_1_3' title="bbox 27 352 1416 415; baseline -0.002 -16"><span class='ocrx_word' id='word_1_17' title='bbox 27 354 196 415; x_wconf 84' lang='lat' dir='ltr'><strong>aliquid</strong></span> <span class='ocrx_word' id='word_1_18' title='bbox 210 354 393 400; x_wconf 90' lang='lat' dir='ltr'><strong>omnino</strong></span> <span class='ocrx_word' id='word_1_19' title='bbox 408 353 672 410; x_wconf 83' lang='lat' dir='ltr'><strong>desinerent,</strong></span> <span class='ocrx_word' id='word_1_20' title='bbox 682 353 789 398; x_wconf 85' lang='lat' dir='ltr'><strong>sicis</strong></span> <span class='ocrx_word' id='word_1_21' title='bbox 816 354 1168 399; x_wconf 89' lang='lat' dir='ltr'><strong>substraheretur</strong></span> <span class='ocrx_word' id='word_1_22' title='bbox 1184 361 1329 398; x_wconf 91' lang='lat' dir='ltr'><strong>motus</strong></span> <span class='ocrx_word' id='word_1_23' title='bbox 1342 352 1416 396; x_wconf 89' lang='lat' dir='ltr'><strong>ille</strong></span> 
     </span>
     <span class='ocr_line' id='line_1_4' title="bbox 29 425 1417 487; baseline -0.002 -15"><span class='ocrx_word' id='word_1_24' title='bbox 29 427 261 487; x_wconf 70' lang='lat' dir='ltr'><strong>Sapientiae</strong></span> <span class='ocrx_word' id='word_1_25' title='bbox 282 427 388 482; x_wconf 86' lang='lat' dir='ltr'><strong>Dei,</strong></span> <span class='ocrx_word' id='word_1_26' title='bbox 411 442 500 487; x_wconf 91' lang='lat' dir='ltr'><strong>quo</strong></span> <span class='ocrx_word' id='word_1_27' title='bbox 523 425 714 486; x_wconf 86' lang='lat' dir='ltr'><strong>disponit</strong></span> <span class='ocrx_word' id='word_1_28' title='bbox 742 427 889 470; x_wconf 87' lang='lat' dir='ltr'><strong>omnia</strong></span> <span class='ocrx_word' id='word_1_29' title='bbox 910 426 1113 472; x_wconf 82' lang='lat' dir='ltr'><strong>suaviter.</strong></span> <span class='ocrx_word' id='word_1_30' title='bbox 1140 429 1417 486; x_wconf 78' lang='lat' dir='ltr'><strong>Quapropter</strong></span> 
     </span>
     <span class='ocr_line' id='line_1_5' title="bbox 27 497 1414 559; baseline -0.001 -16"><span class='ocrx_word' id='word_1_31' title='bbox 27 499 86 543; x_wconf 90' lang='lat' dir='ltr'><strong>sic</strong></span> <span class='ocrx_word' id='word_1_32' title='bbox 103 499 336 559; x_wconf 85' lang='lat' dir='ltr'><strong>accipimus</strong></span> <span class='ocrx_word' id='word_1_33' title='bbox 350 501 490 543; x_wconf 91' lang='lat' dir='ltr'><strong>Deum</strong></span> <span class='ocrx_word' id='word_1_34' title='bbox 506 498 766 558; x_wconf 85' lang='lat' dir='ltr'><strong>requievisse</strong></span> <span class='ocrx_word' id='word_1_35' title='bbox 784 498 838 541; x_wconf 86' lang='lat' dir='ltr'><strong>ab</strong></span> <span class='ocrx_word' id='word_1_36' title='bbox 858 500 1063 543; x_wconf 86' lang='lat' dir='ltr'><strong>omuibus</strong></span> <span class='ocrx_word' id='word_1_37' title='bbox 1083 498 1288 558; x_wconf 90' lang='lat' dir='ltr'><strong>operibus</strong></span> <span class='ocrx_word' id='word_1_38' title='bbox 1310 497 1414 553; x_wconf 91' lang='lat' dir='ltr'><strong>suis,</strong></span> 
     </span>
     <span class='ocr_line' id='line_1_6' title="bbox 26 569 1417 632; baseline -0.001 -18"><span class='ocrx_word' id='word_1_39' title='bbox 26 586 126 631; x_wconf 84' lang='lat' dir='ltr'><strong>quae</strong></span> <span class='ocrx_word' id='word_1_40' title='bbox 147 570 275 627; x_wconf 85' lang='lat' dir='ltr'><strong>fecit,</strong></span> <span class='ocrx_word' id='word_1_41' title='bbox 310 580 361 615; x_wconf 90' lang='lat' dir='ltr'><strong>ut</strong></span> <span class='ocrx_word' id='word_1_42' title='bbox 387 571 479 632; x_wconf 86' lang='lat' dir='ltr'><strong>jam</strong></span> <span class='ocrx_word' id='word_1_43' title='bbox 506 585 666 615; x_wconf 89' lang='lat' dir='ltr'><strong>novam</strong></span> <span class='ocrx_word' id='word_1_44' title='bbox 688 579 891 615; x_wconf 89' lang='lat' dir='ltr'><strong>naturam</strong></span> <span class='ocrx_word' id='word_1_45' title='bbox 912 570 1094 615; x_wconf 91' lang='lat' dir='ltr'><strong>ulterius</strong></span> <span class='ocrx_word' id='word_1_46' title='bbox 1117 569 1286 614; x_wconf 88' lang='lat' dir='ltr'><strong>nullam</strong></span> <span class='ocrx_word' id='word_1_47' title='bbox 1310 585 1417 614; x_wconf 87' lang='lat' dir='ltr'><strong>con-</strong></span> 
     </span>
     <span class='ocr_line' id='line_1_7' title="bbox 26 641 1418 703; baseline -0.001 -18"><span class='ocrx_word' id='word_1_48' title='bbox 26 641 171 698; x_wconf 81' lang='lat' dir='ltr'><strong>deret,</strong></span> <span class='ocrx_word' id='word_1_49' title='bbox 195 658 286 687; x_wconf 91' lang='lat' dir='ltr'><strong>non</strong></span> <span class='ocrx_word' id='word_1_50' title='bbox 302 652 354 686; x_wconf 94' lang='lat' dir='ltr'><strong>ut</strong></span> <span class='ocrx_word' id='word_1_51' title='bbox 374 658 424 687; x_wconf 87' lang='lat' dir='ltr'><strong>ea</strong></span> <span class='ocrx_word' id='word_1_52' title='bbox 445 658 546 703; x_wconf 88' lang='lat' dir='ltr'><strong>quae</strong></span> <span class='ocrx_word' id='word_1_53' title='bbox 565 641 846 698; x_wconf 80' lang='lat' dir='ltr'><strong>condiderat,</strong></span> <span class='ocrx_word' id='word_1_54' title='bbox 867 643 1091 687; x_wconf 89' lang='lat' dir='ltr'><strong>continere</strong></span> <span class='ocrx_word' id='word_1_55' title='bbox 1107 651 1152 686; x_wconf 89' lang='lat' dir='ltr'><strong>et</strong></span> <span class='ocrx_word' id='word_1_56' title='bbox 1172 641 1418 700; x_wconf 83' lang='lat' dir='ltr'><strong>gubernare</strong></span> 
     </span>
     <span class='ocr_line' id='line_1_8' title="bbox 26 711 1418 774; baseline -0.001 -17"><span class='ocrx_word' id='word_1_57' title='bbox 26 722 224 758; x_wconf 87' lang='lat' dir='ltr'><strong>cessaret.</strong></span> <span class='ocrx_word' id='word_1_58' title='bbox 251 712 378 758; x_wconf 86' lang='lat' dir='ltr'><strong>Unde</strong></span> <span class='ocrx_word' id='word_1_59' title='bbox 399 722 444 757; x_wconf 88' lang='lat' dir='ltr'><strong>et</strong></span> <span class='ocrx_word' id='word_1_60' title='bbox 470 712 583 757; x_wconf 87' lang='lat' dir='ltr'><strong>illud</strong></span> <span class='ocrx_word' id='word_1_61' title='bbox 604 728 758 758; x_wconf 87' lang='lat' dir='ltr'><strong>verum</strong></span> <span class='ocrx_word' id='word_1_62' title='bbox 782 722 846 757; x_wconf 91' lang='lat' dir='ltr'><strong>est</strong></span> <span class='ocrx_word' id='word_1_63' title='bbox 861 715 898 769; x_wconf 86' lang='lat'><strong>¹,</strong></span> <span class='ocrx_word' id='word_1_64' title='bbox 922 713 1044 774; x_wconf 88' lang='lat' dir='ltr'><strong>quod</strong></span> <span class='ocrx_word' id='word_1_65' title='bbox 1064 714 1110 757; x_wconf 89' lang='lat' dir='ltr'><strong>in</strong></span> <span class='ocrx_word' id='word_1_66' title='bbox 1138 713 1324 773; x_wconf 89' lang='lat' dir='ltr'><strong>septimo</strong></span> <span class='ocrx_word' id='word_1_67' title='bbox 1347 711 1418 756; x_wconf 89' lang='lat' dir='ltr'><strong>die</strong></span> 
     </span>
     <span class='ocr_line' id='line_1_9' title="bbox 26 783 1274 846; baseline 0 -18"><span class='ocrx_word' id='word_1_68' title='bbox 26 785 241 846; x_wconf 86' lang='lat' dir='ltr'><strong>requievit</strong></span> <span class='ocrx_word' id='word_1_69' title='bbox 260 787 399 845; x_wconf 70' lang='lat' dir='ltr'><strong>Deus,</strong></span> <span class='ocrx_word' id='word_1_70' title='bbox 424 794 468 830; x_wconf 93' lang='lat' dir='ltr'><strong>et</strong></span> <span class='ocrx_word' id='word_1_71' title='bbox 487 783 599 829; x_wconf 81' lang='lat' dir='ltr'><strong>illud</strong></span> <span class='ocrx_word' id='word_1_72' title='bbox 617 783 739 846; x_wconf 87' lang='lat' dir='ltr'><strong>quod</strong></span> <span class='ocrx_word' id='word_1_73' title='bbox 756 800 895 845; x_wconf 87' lang='lat' dir='ltr'><strong>usque</strong></span> <span class='ocrx_word' id='word_1_74' title='bbox 916 800 1035 829; x_wconf 91' lang='lat' dir='ltr'><strong>nunc</strong></span> <span class='ocrx_word' id='word_1_75' title='bbox 1052 793 1274 845; x_wconf 85' lang='lat' dir='ltr'><strong>operatur.</strong></span> 
     </span>
    </p>
   </div>
   <div class='ocr_carea' id='block_1_3' title="bbox 521 1064 918 1115">
    <p class='ocr_par' dir='ltr' id='par_1_3' title="bbox 521 1064 918 1115">
     <span class='ocr_line' id='line_1_10' title="bbox 521 1064 918 1115; baseline -0.003 -2"><span class='ocrx_word' id='word_1_76' title='bbox 521 1064 740 1115; x_wconf 81' lang='lat' dir='ltr'><strong>OAPUT</strong></span> <span class='ocrx_word' id='word_1_77' title='bbox 776 1068 846 1114; x_wconf 86' lang='lat' dir='ltr'><strong>XI</strong></span> <span class='ocrx_word' id='word_1_78' title='bbox 856 1067 872 1113; x_wconf 88' lang='grc'>1</span> <span class='ocrx_word' id='word_1_79' title='bbox 883 1068 918 1112; x_wconf 70' lang='lat' dir='ltr'><strong>t.</strong></span> 
     </span>
    </p>
   </div>
   <div class='ocr_carea' id='block_1_4' title="bbox 25 1195 1420 1245">
    <p class='ocr_par' dir='ltr' id='par_1_4' title="bbox 25 1195 1420 1245">
     <span class='ocr_line' id='line_1_11' title="bbox 25 1195 1420 1245; baseline -0.001 0"><span class='ocrx_word' id='word_1_80' title='bbox 25 1196 104 1245; x_wconf 83' lang='lat' dir='ltr'><strong>De</strong></span> <span class='ocrx_word' id='word_1_81' title='bbox 124 1196 326 1243; x_wconf 75' lang='lat' dir='ltr'><strong>sabbati</strong></span> <span class='ocrx_word' id='word_1_82' title='bbox 348 1195 697 1244; x_wconf 74' lang='lat' dir='ltr'><strong>observatione.</strong></span> <span class='ocrx_word' id='word_1_83' title='bbox 715 1225 771 1233; x_wconf 92' lang='lat'><em>-</em></span> <span class='ocrx_word' id='word_1_84' title='bbox 786 1195 1063 1245; x_wconf 78' lang='lat' dir='ltr'><strong>Sabbatum</strong></span> <span class='ocrx_word' id='word_1_85' title='bbox 1085 1196 1420 1244; x_wconf 75' lang='lat' dir='ltr'><strong>christianum.</strong></span> 
     </span>
    </p>
   </div>
   <div class='ocr_carea' id='block_1_5' title="bbox 25 1333 1430 2392">
    <p class='ocr_par' dir='ltr' id='par_1_5' title="bbox 25 1333 1430 2392">
     <span class='ocr_line' id='line_1_12' title="bbox 83 1333 1421 1396; baseline -0.001 -16"><span class='ocrx_word' id='word_1_86' title='bbox 83 1334 247 1380; x_wconf 86' lang='lat' dir='ltr'><strong>XXIV.</strong></span> <span class='ocrx_word' id='word_1_87' title='bbox 267 1337 333 1380; x_wconf 73' lang='lat' dir='ltr'><strong>Er</strong></span> <span class='ocrx_word' id='word_1_88' title='bbox 356 1350 486 1396; x_wconf 88' lang='lat' dir='ltr'><strong>opera</strong></span> <span class='ocrx_word' id='word_1_89' title='bbox 503 1334 684 1395; x_wconf 88' lang='lat' dir='ltr'><strong>quidem</strong></span> <span class='ocrx_word' id='word_1_90' title='bbox 714 1336 806 1395; x_wconf 86' lang='lat' dir='ltr'><strong>ejus</strong></span> <span class='ocrx_word' id='word_1_91' title='bbox 834 1333 1033 1381; x_wconf 86' lang='lat' dir='ltr'><strong>videmus</strong></span> <span class='ocrx_word' id='word_1_92' title='bbox 1055 1335 1173 1382; x_wconf 85' lang='lat' dir='ltr'><strong>bona</strong></span> <span class='ocrx_word' id='word_1_93' title='bbox 1189 1371 1201 1392; x_wconf 89' lang='lat'><strong>,</strong></span> <span class='ocrx_word' id='word_1_94' title='bbox 1216 1334 1421 1396; x_wconf 13' lang='lat' dir='ltr'><strong>»quietem</strong></span> 
     </span>
     <span class='ocr_line' id='line_1_13' title="bbox 25 1407 1423 1468; baseline -0.002 -15"><span class='ocrx_word' id='word_1_95' title='bbox 25 1422 129 1453; x_wconf 83' lang='lat' dir='ltr'><strong>vero</strong></span> <span class='ocrx_word' id='word_1_96' title='bbox 157 1408 248 1467; x_wconf 86' lang='lat' dir='ltr'><strong>ejus</strong></span> <span class='ocrx_word' id='word_1_97' title='bbox 276 1416 375 1466; x_wconf 93' lang='lat' dir='ltr'><strong>post</strong></span> <span class='ocrx_word' id='word_1_98' title='bbox 405 1407 523 1452; x_wconf 87' lang='lat' dir='ltr'><strong>bona</strong></span> <span class='ocrx_word' id='word_1_99' title='bbox 555 1423 686 1466; x_wconf 86' lang='lat' dir='ltr'><strong>opera</strong></span> <span class='ocrx_word' id='word_1_100' title='bbox 713 1417 860 1452; x_wconf 86' lang='lat' dir='ltr'><strong>nostra</strong></span> <span class='ocrx_word' id='word_1_101' title='bbox 898 1407 1158 1453; x_wconf 85' lang='lat' dir='ltr'><strong>videbimus.</strong></span> <span class='ocrx_word' id='word_1_102' title='bbox 1188 1407 1258 1451; x_wconf 89' lang='lat' dir='ltr'><strong>Ob</strong></span> <span class='ocrx_word' id='word_1_103' title='bbox 1289 1421 1423 1468; x_wconf 84' lang='lat' dir='ltr'><strong>quam</strong></span> 
     </span>
     <span class='ocr_line' id='line_1_14' title="bbox 26 1477 1423 1538; baseline -0.001 -15"><span class='ocrx_word' id='word_1_104' title='bbox 26 1477 356 1536; x_wconf 85' lang='lat' dir='ltr'><strong>significandam</strong></span> <span class='ocrx_word' id='word_1_105' title='bbox 385 1477 612 1522; x_wconf 88' lang='lat' dir='ltr'><strong>mandavit</strong></span> <span class='ocrx_word' id='word_1_106' title='bbox 635 1478 823 1523; x_wconf 85' lang='lat' dir='ltr'><strong>Hebraeo</strong></span> <span class='ocrx_word' id='word_1_107' title='bbox 845 1478 1010 1538; x_wconf 92' lang='lat' dir='ltr'><strong>populo</strong></span> <span class='ocrx_word' id='word_1_108' title='bbox 1029 1494 1169 1523; x_wconf 89' lang='lat' dir='ltr'><strong>unum</strong></span> <span class='ocrx_word' id='word_1_109' title='bbox 1191 1478 1309 1522; x_wconf 90' lang='lat' dir='ltr'><strong>diem</strong></span> <span class='ocrx_word' id='word_1_110' title='bbox 1338 1477 1423 1522; x_wconf 87' lang='lat' dir='ltr'><strong>ob-</strong></span> 
     </span>
     <span class='ocr_line' id='line_1_15' title="bbox 27 1547 1424 1609; baseline 0 -16"><span class='ocrx_word' id='word_1_111' title='bbox 27 1548 318 1594; x_wconf 72' lang='lat' dir='ltr'><strong>servandum²</strong></span> <span class='ocrx_word' id='word_1_112' title='bbox 343 1567 352 1593; x_wconf 93' lang='lat'>:</span> <span class='ocrx_word' id='word_1_113' title='bbox 372 1547 493 1609; x_wconf 82' lang='lat' dir='ltr'><strong>quod</strong></span> <span class='ocrx_word' id='word_1_114' title='bbox 516 1557 605 1592; x_wconf 88' lang='lat' dir='ltr'><strong>tam</strong></span> <span class='ocrx_word' id='word_1_115' title='bbox 629 1548 859 1594; x_wconf 85' lang='lat' dir='ltr'><strong>carnaliter</strong></span> <span class='ocrx_word' id='word_1_116' title='bbox 875 1550 1066 1608; x_wconf 85' lang='lat' dir='ltr'><strong>agebant</strong></span> <span class='ocrx_word' id='word_1_117' title='bbox 1080 1585 1090 1605; x_wconf 87' lang='lat'><strong>,</strong></span> <span class='ocrx_word' id='word_1_118' title='bbox 1117 1559 1168 1594; x_wconf 89' lang='lat' dir='ltr'><strong>ut</strong></span> <span class='ocrx_word' id='word_1_119' title='bbox 1187 1565 1238 1594; x_wconf 91' lang='lat' dir='ltr'><strong>eo</strong></span> <span class='ocrx_word' id='word_1_120' title='bbox 1260 1549 1330 1593; x_wconf 87' lang='lat' dir='ltr'><strong>die</strong></span> <span class='ocrx_word' id='word_1_121' title='bbox 1354 1565 1424 1593; x_wconf 88' lang='lat' dir='ltr'><strong>sa-</strong></span> 
     </span>
     <span class='ocr_line' id='line_1_16' title="bbox 26 1619 1423 1680; baseline -0.001 -16"><span class='ocrx_word' id='word_1_122' title='bbox 26 1619 166 1665; x_wconf 90' lang='lat' dir='ltr'><strong>lutem</strong></span> <span class='ocrx_word' id='word_1_123' title='bbox 186 1628 383 1664; x_wconf 91' lang='lat' dir='ltr'><strong>nostram</strong></span> <span class='ocrx_word' id='word_1_124' title='bbox 404 1619 642 1665; x_wconf 87' lang='lat' dir='ltr'><strong>Dominum</strong></span> <span class='ocrx_word' id='word_1_125' title='bbox 662 1619 859 1665; x_wconf 88' lang='lat' dir='ltr'><strong>videntes</strong></span> <span class='ocrx_word' id='word_1_126' title='bbox 881 1620 1052 1680; x_wconf 90' lang='lat' dir='ltr'><strong>operari</strong></span> <span class='ocrx_word' id='word_1_127' title='bbox 1069 1620 1423 1675; x_wconf 88' lang='lat' dir='ltr'><strong>criminarentur,</strong></span> 
     </span>
     <span class='ocr_line' id='line_1_17' title="bbox 27 1690 1424 1752; baseline 0.001 -16"><span class='ocrx_word' id='word_1_128' title='bbox 27 1707 78 1741; x_wconf 87' lang='lat' dir='ltr'><strong>ac</strong></span> <span class='ocrx_word' id='word_1_129' title='bbox 98 1691 158 1736; x_wconf 90' lang='lat' dir='ltr'><strong>sic</strong></span> <span class='ocrx_word' id='word_1_130' title='bbox 181 1691 241 1736; x_wconf 90' lang='lat' dir='ltr'><strong>eis</strong></span> <span class='ocrx_word' id='word_1_131' title='bbox 263 1690 318 1736; x_wconf 89' lang='lat' dir='ltr'><strong>de</strong></span> <span class='ocrx_word' id='word_1_132' title='bbox 335 1706 466 1752; x_wconf 88' lang='lat' dir='ltr'><strong>opere</strong></span> <span class='ocrx_word' id='word_1_133' title='bbox 481 1691 618 1736; x_wconf 88' lang='lat' dir='ltr'><strong>Patris</strong></span> <span class='ocrx_word' id='word_1_134' title='bbox 641 1691 877 1736; x_wconf 83' lang='lat' dir='ltr'><strong>rectissime</strong></span> <span class='ocrx_word' id='word_1_135' title='bbox 895 1691 1200 1751; x_wconf 83' lang='lat' dir='ltr'><strong>responderet,</strong></span> <span class='ocrx_word' id='word_1_136' title='bbox 1219 1707 1320 1736; x_wconf 90' lang='lat' dir='ltr'><strong>cum</strong></span> <span class='ocrx_word' id='word_1_137' title='bbox 1335 1707 1424 1752; x_wconf 81' lang='lat' dir='ltr'><strong>quo</strong></span> 
     </span>
     <span class='ocr_line' id='line_1_18' title="bbox 27 1761 1427 1823; baseline 0.001 -17"><span class='ocrx_word' id='word_1_138' title='bbox 27 1770 73 1806; x_wconf 88' lang='lat' dir='ltr'><strong>et</strong></span> <span class='ocrx_word' id='word_1_139' title='bbox 109 1762 200 1822; x_wconf 89' lang='lat' dir='ltr'><strong>ipse</strong></span> <span class='ocrx_word' id='word_1_140' title='bbox 223 1761 488 1822; x_wconf 87' lang='lat' dir='ltr'><strong>operabatur</strong></span> <span class='ocrx_word' id='word_1_141' title='bbox 508 1761 761 1823; x_wconf 88' lang='lat' dir='ltr'><strong>aequaliter,</strong></span> <span class='ocrx_word' id='word_1_142' title='bbox 795 1778 887 1807; x_wconf 90' lang='lat' dir='ltr'><strong>non</strong></span> <span class='ocrx_word' id='word_1_143' title='bbox 915 1761 1057 1807; x_wconf 90' lang='lat' dir='ltr'><strong>solum</strong></span> <span class='ocrx_word' id='word_1_144' title='bbox 1085 1772 1294 1807; x_wconf 80' lang='lat' dir='ltr'><strong>creaturae</strong></span> <span class='ocrx_word' id='word_1_145' title='bbox 1326 1762 1427 1807; x_wconf 91' lang='lat' dir='ltr'><strong>uni-</strong></span> 
     </span>
     <span class='ocr_line' id='line_1_19' title="bbox 27 1832 1422 1893; baseline 0 -15"><span class='ocrx_word' id='word_1_146' title='bbox 27 1848 162 1879; x_wconf 84' lang='lat' dir='ltr'><strong>versae</strong></span> <span class='ocrx_word' id='word_1_147' title='bbox 177 1832 616 1888; x_wconf 82' lang='lat' dir='ltr'><strong>administrationem,</strong></span> <span class='ocrx_word' id='word_1_148' title='bbox 634 1832 710 1878; x_wconf 87' lang='lat' dir='ltr'><strong>sed</strong></span> <span class='ocrx_word' id='word_1_149' title='bbox 723 1833 852 1877; x_wconf 86' lang='lat' dir='ltr'><strong>etiam</strong></span> <span class='ocrx_word' id='word_1_150' title='bbox 866 1833 1004 1893; x_wconf 83' lang='lat' dir='ltr'><strong>ipsam</strong></span> <span class='ocrx_word' id='word_1_151' title='bbox 1015 1843 1208 1878; x_wconf 87' lang='lat' dir='ltr'><strong>nostram</strong></span> <span class='ocrx_word' id='word_1_152' title='bbox 1221 1833 1422 1878; x_wconf 87' lang='lat' dir='ltr'><strong>salutem.</strong></span> 
     </span>
     <span class='ocr_line' id='line_1_20' title="bbox 29 1902 1426 1963; baseline -0.001 -14"><span class='ocrx_word' id='word_1_153' title='bbox 29 1906 231 1950; x_wconf 85' lang='lat' dir='ltr'><strong>Jamvero</strong></span> <span class='ocrx_word' id='word_1_154' title='bbox 263 1912 461 1963; x_wconf 90' lang='lat' dir='ltr'><strong>tempore</strong></span> <span class='ocrx_word' id='word_1_155' title='bbox 494 1903 643 1962; x_wconf 82' lang='lat' dir='ltr'><strong>gratiae</strong></span> <span class='ocrx_word' id='word_1_156' title='bbox 678 1902 906 1960; x_wconf 80' lang='lat' dir='ltr'><strong>revelatae,</strong></span> <span class='ocrx_word' id='word_1_157' title='bbox 946 1904 1191 1950; x_wconf 88' lang='lat' dir='ltr'><strong>observatio</strong></span> <span class='ocrx_word' id='word_1_158' title='bbox 1225 1904 1299 1949; x_wconf 89' lang='lat' dir='ltr'><strong>illa</strong></span> <span class='ocrx_word' id='word_1_159' title='bbox 1326 1904 1426 1949; x_wconf 85' lang='lat' dir='ltr'><strong>sab-</strong></span> 
     </span>
     <span class='ocr_line' id='line_1_21' title="bbox 25 1974 1425 2035; baseline -0.002 -13"><span class='ocrx_word' id='word_1_160' title='bbox 25 1974 146 2030; x_wconf 79' lang='lat' dir='ltr'><strong>bati,</strong></span> <span class='ocrx_word' id='word_1_161' title='bbox 172 1990 272 2035; x_wconf 86' lang='lat' dir='ltr'><strong>quae</strong></span> <span class='ocrx_word' id='word_1_162' title='bbox 295 1975 426 2020; x_wconf 89' lang='lat' dir='ltr'><strong>unius</strong></span> <span class='ocrx_word' id='word_1_163' title='bbox 443 1974 531 2018; x_wconf 88' lang='lat' dir='ltr'><strong>diei</strong></span> <span class='ocrx_word' id='word_1_164' title='bbox 546 1974 774 2020; x_wconf 88' lang='lat' dir='ltr'><strong>vacatione</strong></span> <span class='ocrx_word' id='word_1_165' title='bbox 797 1975 1092 2035; x_wconf 84' lang='lat' dir='ltr'><strong>figurabatur,</strong></span> <span class='ocrx_word' id='word_1_166' title='bbox 1119 1975 1266 2021; x_wconf 89' lang='lat' dir='ltr'><strong>ablata</strong></span> <span class='ocrx_word' id='word_1_167' title='bbox 1284 1985 1347 2020; x_wconf 91' lang='lat' dir='ltr'><strong>est</strong></span> <span class='ocrx_word' id='word_1_168' title='bbox 1369 1976 1425 2020; x_wconf 86' lang='lat' dir='ltr'><strong>ab</strong></span> 
     </span>
     <span class='ocr_line' id='line_1_22' title="bbox 28 2045 1428 2108; baseline 0 -17"><span class='ocrx_word' id='word_1_169' title='bbox 28 2046 333 2092; x_wconf 86' lang='lat' dir='ltr'><strong>observatione</strong></span> <span class='ocrx_word' id='word_1_170' title='bbox 362 2045 577 2091; x_wconf 87' lang='lat' dir='ltr'><strong>fidelium.</strong></span> <span class='ocrx_word' id='word_1_171' title='bbox 615 2049 669 2091; x_wconf 93' lang='lat' dir='ltr'><strong>In</strong></span> <span class='ocrx_word' id='word_1_172' title='bbox 703 2062 753 2091; x_wconf 88' lang='lat' dir='ltr'><strong>ea</strong></span> <span class='ocrx_word' id='word_1_173' title='bbox 785 2047 948 2107; x_wconf 88' lang='lat' dir='ltr'><strong>quippe</strong></span> <span class='ocrx_word' id='word_1_174' title='bbox 990 2048 1126 2107; x_wconf 84' lang='lat' dir='ltr'><strong>gratia</strong></span> <span class='ocrx_word' id='word_1_175' title='bbox 1163 2056 1428 2108; x_wconf 89' lang='lat' dir='ltr'><strong>perpetuum</strong></span> 
     </span>
     <span class='ocr_line' id='line_1_23' title="bbox 28 2118 1428 2180; baseline 0 -18"><span class='ocrx_word' id='word_1_176' title='bbox 28 2118 264 2163; x_wconf 87' lang='lat' dir='ltr'><strong>sabbatum</strong></span> <span class='ocrx_word' id='word_1_177' title='bbox 281 2119 376 2179; x_wconf 83' lang='lat' dir='ltr'><strong>jam</strong></span> <span class='ocrx_word' id='word_1_178' title='bbox 403 2118 629 2174; x_wconf 86' lang='lat' dir='ltr'><strong>observat,</strong></span> <span class='ocrx_word' id='word_1_179' title='bbox 663 2119 740 2179; x_wconf 92' lang='lat' dir='ltr'><strong>qui</strong></span> <span class='ocrx_word' id='word_1_180' title='bbox 760 2134 835 2179; x_wconf 87' lang='lat' dir='ltr'><strong>spe</strong></span> <span class='ocrx_word' id='word_1_181' title='bbox 857 2118 1018 2163; x_wconf 88' lang='lat' dir='ltr'><strong>futurae</strong></span> <span class='ocrx_word' id='word_1_182' title='bbox 1041 2119 1199 2180; x_wconf 87' lang='lat' dir='ltr'><strong>quietis</strong></span> <span class='ocrx_word' id='word_1_183' title='bbox 1221 2128 1428 2179; x_wconf 86' lang='lat' dir='ltr'><strong>operatur</strong></span> 
     </span>
     <span class='ocr_line' id='line_1_24' title="bbox 29 2188 1425 2251; baseline 0.001 -17"><span class='ocrx_word' id='word_1_184' title='bbox 29 2188 251 2251; x_wconf 83' lang='lat' dir='ltr'><strong>quidquid.</strong></span> <span class='ocrx_word' id='word_1_185' title='bbox 270 2190 380 2234; x_wconf 90' lang='lat' dir='ltr'><strong>boni</strong></span> <span class='ocrx_word' id='word_1_186' title='bbox 402 2199 609 2250; x_wconf 89' lang='lat' dir='ltr'><strong>operatur</strong></span> <span class='ocrx_word' id='word_1_187' title='bbox 623 2225 635 2245; x_wconf 91' lang='lat'><strong>,</strong></span> <span class='ocrx_word' id='word_1_188' title='bbox 659 2205 741 2234; x_wconf 86' lang='lat' dir='ltr'><strong>nec</strong></span> <span class='ocrx_word' id='word_1_189' title='bbox 763 2190 810 2234; x_wconf 92' lang='lat' dir='ltr'><strong>in</strong></span> <span class='ocrx_word' id='word_1_190' title='bbox 832 2190 933 2250; x_wconf 88' lang='lat' dir='ltr'><strong>ipsis</strong></span> <span class='ocrx_word' id='word_1_191' title='bbox 956 2191 1082 2236; x_wconf 85' lang='lat' dir='ltr'><strong>bonis</strong></span> <span class='ocrx_word' id='word_1_192' title='bbox 1101 2191 1306 2251; x_wconf 88' lang='lat' dir='ltr'><strong>operibus</strong></span> <span class='ocrx_word' id='word_1_193' title='bbox 1323 2191 1425 2247; x_wconf 90' lang='lat' dir='ltr'><strong>suis,</strong></span> 
     </span>
     <span class='ocr_line' id='line_1_25' title="bbox 31 2252 1430 2323; baseline 0.001 -17"><span class='ocrx_word' id='word_1_194' title='bbox 31 2261 156 2322; x_wconf 86' lang='lat' dir='ltr'><strong>quasi</strong></span> <span class='ocrx_word' id='word_1_195' title='bbox 187 2261 354 2306; x_wconf 87' lang='lat' dir='ltr'><strong>habens</strong></span> <span class='ocrx_word' id='word_1_196' title='bbox 385 2252 557 2306; x_wconf 82' lang='lat' dir='ltr'><strong>bonum</strong></span> <span class='ocrx_word' id='word_1_197' title='bbox 584 2261 706 2322; x_wconf 90' lang='lat' dir='ltr'><strong>quod</strong></span> <span class='ocrx_word' id='word_1_198' title='bbox 733 2278 824 2307; x_wconf 91' lang='lat' dir='ltr'><strong>non</strong></span> <span class='ocrx_word' id='word_1_199' title='bbox 852 2263 1068 2323; x_wconf 85' lang='lat' dir='ltr'><strong>acceperit</strong></span> <span class='ocrx_word' id='word_1_200' title='bbox 1094 2252 1304 2322; x_wconf 82' lang='lat' dir='ltr'><strong>gloriatur</strong></span> <span class='ocrx_word' id='word_1_201' title='bbox 1330 2282 1339 2308; x_wconf 90' lang='lat'><strong>:</strong></span> <span class='ocrx_word' id='word_1_202' title='bbox 1369 2263 1430 2307; x_wconf 90' lang='lat' dir='ltr'><strong>ita</strong></span> 
     </span>
     <span class='ocr_line' id='line_1_26' title="bbox 31 2330 1429 2392; baseline 0.001 -15"><span class='ocrx_word' id='word_1_203' title='bbox 31 2332 150 2377; x_wconf 83' lang='lat' dir='ltr'><strong>enim</strong></span> <span class='ocrx_word' id='word_1_204' title='bbox 171 2341 384 2392; x_wconf 87' lang='lat' dir='ltr'><strong>tanquam</strong></span> <span class='ocrx_word' id='word_1_205' title='bbox 405 2330 522 2376; x_wconf 88' lang='lat' dir='ltr'><strong>diem</strong></span> <span class='ocrx_word' id='word_1_206' title='bbox 547 2332 745 2388; x_wconf 81' lang='lat' dir='ltr'><strong>sabbati,</strong></span> <span class='ocrx_word' id='word_1_207' title='bbox 770 2333 855 2378; x_wconf 89' lang='lat' dir='ltr'><strong>hoc</strong></span> <span class='ocrx_word' id='word_1_208' title='bbox 874 2343 953 2390; x_wconf 85' lang='lat' dir='ltr'><strong>est,</strong></span> <span class='ocrx_word' id='word_1_209' title='bbox 974 2334 1205 2379; x_wconf 85' lang='lat' dir='ltr'><strong>dominicae</strong></span> <span class='ocrx_word' id='word_1_210' title='bbox 1225 2334 1429 2380; x_wconf 87' lang='lat' dir='ltr'><strong>cessatio-</strong></span> 
     </span>
    </p>
   </div>
   <div class='ocr_carea' id='block_1_6' title="bbox 0 2402 1431 2539">
    <p class='ocr_par' dir='ltr' id='par_1_6' title="bbox 0 2402 1431 2539">
     <span class='ocr_line' id='line_1_27' title="bbox 0 2402 1431 2468; baseline 0.002 -20"><span class='ocrx_word' id='word_1_211' title='bbox 0 2443 3 2464; x_wconf 35' lang='lat'>:</span> <span class='ocrx_word' id='word_1_212' title='bbox 32 2404 99 2449; x_wconf 85' lang='lat' dir='ltr'><strong>nis</strong></span> <span class='ocrx_word' id='word_1_213' title='bbox 119 2405 168 2448; x_wconf 91' lang='lat' dir='ltr'><strong>in</strong></span> <span class='ocrx_word' id='word_1_214' title='bbox 190 2402 430 2464; x_wconf 83' lang='lat' dir='ltr'><strong>sepultura,</strong></span> <span class='ocrx_word' id='word_1_215' title='bbox 454 2404 692 2464; x_wconf 88' lang='lat' dir='ltr'><strong>suscipiens</strong></span> <span class='ocrx_word' id='word_1_216' title='bbox 714 2413 846 2466; x_wconf 88' lang='lat' dir='ltr'><strong>atque</strong></span> <span class='ocrx_word' id='word_1_217' title='bbox 862 2405 1111 2466; x_wconf 84' lang='lat' dir='ltr'><strong>intelligens</strong></span> <span class='ocrx_word' id='word_1_218' title='bbox 1134 2406 1341 2468; x_wconf 84' lang='lat' dir='ltr'><strong>baptismi</strong></span> <span class='ocrx_word' id='word_1_219' title='bbox 1363 2423 1431 2451; x_wconf 88' lang='lat' dir='ltr'><strong>sa-</strong></span> 
     </span>
     <span class='ocr_line' id='line_1_28' title="bbox 33 2475 1431 2539; baseline 0.001 -18.977"><span class='ocrx_word' id='word_1_220' title='bbox 33 2485 334 2535; x_wconf 68' lang='lat' dir='ltr'><strong>cramentum,</strong></span> <span class='ocrx_word' id='word_1_221' title='bbox 355 2475 538 2536; x_wconf 86' lang='lat' dir='ltr'><strong>quiescit</strong></span> <span class='ocrx_word' id='word_1_222' title='bbox 554 2492 579 2520; x_wconf 87' lang='lat' dir='ltr'><strong>a</strong></span> <span class='ocrx_word' id='word_1_223' title='bbox 605 2476 796 2536; x_wconf 88' lang='lat' dir='ltr'><strong>pristinis</strong></span> <span class='ocrx_word' id='word_1_224' title='bbox 823 2478 1028 2537; x_wconf 88' lang='lat' dir='ltr'><strong>operibus</strong></span> <span class='ocrx_word' id='word_1_225' title='bbox 1049 2480 1159 2535; x_wconf 89' lang='lat' dir='ltr'><strong>suis,</strong></span> <span class='ocrx_word' id='word_1_226' title='bbox 1185 2489 1236 2525; x_wconf 91' lang='lat' dir='ltr'><strong>ut</strong></span> <span class='ocrx_word' id='word_1_227' title='bbox 1263 2480 1354 2539; x_wconf 86' lang='lat' dir='ltr'><strong>jam</strong></span> <span class='ocrx_word' id='word_1_228' title='bbox 1384 2478 1431 2522; x_wconf 83' lang='lat' dir='ltr'><strong>in</strong></span> 
     </span>
    </p>
   </div>
   <div class='ocr_carea' id='block_1_7' title="bbox 84 2572 961 2618">
    <p class='ocr_par' dir='ltr' id='par_1_7' title="bbox 84 2572 961 2618">
     <span class='ocr_line' id='line_1_29' title="bbox 84 2572 961 2618; baseline 0.002 -12"><span class='ocrx_word' id='word_1_229' title='bbox 84 2580 93 2597; x_wconf 90' lang='lat'>¹</span> <span class='ocrx_word' id='word_1_230' title='bbox 116 2581 136 2606; x_wconf 87' lang='lat'><strong>2</strong></span> <span class='ocrx_word' id='word_1_231' title='bbox 154 2574 243 2606; x_wconf 84' lang='lat' dir='ltr'><strong>Sent.</strong></span> <span class='ocrx_word' id='word_1_232' title='bbox 264 2572 338 2606; x_wconf 82' lang='lat' dir='ltr'><strong>dist.</strong></span> <span class='ocrx_word' id='word_1_233' title='bbox 358 2583 412 2615; x_wconf 85' lang='lat' dir='ltr'><strong>xv,</strong></span> <span class='ocrx_word' id='word_1_234' title='bbox 433 2583 503 2615; x_wconf 63' lang='lat' dir='ltr'><strong>cap.</strong></span> <span class='ocrx_word' id='word_1_235' title='bbox 523 2573 612 2607; x_wconf 81' lang='lat' dir='ltr'><strong>Jam.</strong></span> <span class='ocrx_word' id='word_1_236' title='bbox 633 2589 675 2597; x_wconf 90' lang='lat'><strong>--</strong></span> <span class='ocrx_word' id='word_1_237' title='bbox 701 2579 714 2596; x_wconf 81' lang='lat'>²</span> <span class='ocrx_word' id='word_1_238' title='bbox 733 2575 832 2606; x_wconf 83' lang='lat' dir='ltr'><strong>Exod.</strong></span> <span class='ocrx_word' id='word_1_239' title='bbox 859 2586 913 2618; x_wconf 80' lang='lat' dir='ltr'><strong>xx,</strong></span> <span class='ocrx_word' id='word_1_240' title='bbox 929 2575 961 2608; x_wconf 84' lang='lat'><strong>8.</strong></span> 
     </span>
    </p>
   </div>
  </div>
 </body>
</html>
