1854 3219
351 215 404 241 DE
435 210 587 241 GENEsr
619 210 674 239 An
707 210 948 248 LiTTERAm,
985 211 1066 237 Lis.
1103 209 1146 235 x.
1350 196 1435 237 479

51 280 212 326 creavit
233 299 242 325 :
267 294 348 324 nec
368 288 519 325 contra
543 277 637 322 illas
659 277 848 322 causales
881 276 1068 321 rationes
1089 288 1235 318 rerum
1262 273 1435 318 futura-

51 367 170 407 rum,
190 367 297 411 quas
314 349 583 395 universitati
603 358 709 393 tunc
726 347 885 392 indidit
896 383 907 403 ,
924 348 1018 391 haec
1035 347 1125 407 ejus
1140 346 1332 405 operatio
1353 355 1432 401 est,

49 420 124 466 sed
156 423 301 481 potius
339 420 581 466 secundum
611 421 755 481 ipsas,
789 419 1147 480 quandoquidem
1181 417 1436 477 corporibus

47 493 271 550 humanis,
295 509 486 554 quorum
507 510 559 538 ex
573 492 656 537 illis
671 492 820 552 primis
838 491 1043 551 operibus
1060 489 1315 549 propagatio
1333 505 1436 534 con-

46 564 217 619 tinuata
248 564 516 610 successione
557 561 857 624 protenditur,
898 560 1005 606 tales
1035 558 1239 619 congruit
1270 559 1436 604 animas

42 634 203 692 inseri,
228 635 378 697 quales
400 652 520 681 nunc
541 635 646 680 facit
665 644 796 696 atque
818 635 983 679 inserit.

105 708 183 750 VI.
209 708 485 767 Quapropter
507 708 598 767 jam
629 704 740 751 nihil
773 706 974 750 timentes
991 740 1002 760 ,
1037 719 1093 749 ne
1126 712 1277 748 contra
1304 702 1437 748 verba

44 775 144 820 libri
159 776 306 837 hujus,
327 794 428 838 quae
450 777 506 822 de
524 777 663 837 prima
683 775 757 820 illa
780 791 852 820 sex
875 776 1047 820 dierum
1067 773 1317 819 conditione
1338 789 1438 818 con-

45 847 202 907 scripta
224 856 326 892 sunt
339 883 350 904 ,
375 847 587 909 quaelibet
608 849 766 892 harum
786 847 919 892 trium
941 846 1258 891 sententiarum
1273 844 1437 905 proba-

45 916 187 963 bilitas
202 918 369 974 viccrit,
385 919 544 963 sentire
555 918 798 973 videamur,
814 917 1099 978 suscipiamus
1116 916 1438 975 diligentiorem

43 989 295 1049 quaestionis
312 990 442 1050 hujus
459 992 860 1049 pertractationem,
873 998 1089 1049 quantum
1103 988 1169 1048 adj
1176 997 1279 1032 uvat
1294 991 1408 1031 Deus
1424 1005 1433 1030 :

45 1074 101 1102 ne
122 1058 234 1104 forte
254 1059 349 1103 fieri
368 1061 528 1120 possit,
554 1070 605 1104 ut
626 1061 660 1104 si
682 1076 772 1105 non
798 1059 1010 1120 liquidam
1028 1095 1038 1114 ,
1064 1059 1118 1102 de
1135 1074 1223 1118 qua
1245 1057 1436 1101 dubitari

45 1128 161 1173 ultra
182 1145 272 1174 non
296 1130 456 1175 debeat
470 1166 482 1186 ,
507 1139 597 1175 tam
620 1140 736 1175 certe
755 1129 1071 1190 acceptabilem
1094 1129 1148 1172 de
1166 1129 1246 1172 hac
1270 1143 1316 1171 re
1335 1142 1435 1171 sen—

45 1200 227 1244 tentiam
239 1200 558 1256 nanciscamur,
571 1210 623 1245 ut
638 1216 733 1245 eam
751 1210 914 1255 tenere,
931 1200 1072 1245 donec
1085 1208 1254 1243 certum
1272 1197 1437 1258 aliquid

43 1268 284 1326 elucescat,
307 1286 398 1315 non
418 1272 472 1315 sit
492 1271 744 1315 absurdum.
773 1270 902 1324 Quod
924 1271 958 1315 si
979 1286 1034 1314 ne
1057 1271 1141 1314 hoc
1164 1269 1344 1330 quidem
1361 1283 1438 1328 po-

43 1341 278 1397 tuerimus,
303 1342 671 1388 documentorum
701 1343 933 1388 momentis
956 1341 1154 1402 undique
1185 1340 1435 1400 pariterque

45 1413 319 1467 nutantibus,
337 1413 489 1458 saltem
506 1429 597 1458 non
610 1413 833 1458 videbitur
845 1423 989 1458 nostra
999 1412 1226 1456 dubitatio
1240 1411 1437 1456 laborem

44 1483 252 1528 devitasse
274 1484 526 1544 quaerendi,
554 1484 630 1529 sed
650 1483 899 1529 affirmandi
922 1484 1212 1528 temeritatem
1235 1502 1243 1527 ;
1269 1491 1320 1526 ut
1341 1497 1432 1536 me,

42 1554 78 1598 si
105 1554 202 1615 quis
229 1563 345 1599 recte
372 1556 463 1615 jam
492 1564 635 1599 certus
672 1564 735 1599 est
752 1590 763 1610 ,
796 1554 953 1598 docere
981 1554 1215 1613 dignetur,
1247 1553 1281 1597 si
1304 1567 1437 1613 quem

44 1640 146 1670 vero
163 1640 244 1669 nec
260 1623 397 1670 divini
416 1624 596 1686 eloquii,
623 1641 704 1670 nec
725 1625 964 1685 perspicuae
989 1625 1168 1669 rationis
1185 1623 1434 1677 auctoritas,

44 1696 121 1739 sed
143 1712 220 1740 sua
236 1696 520 1756 praesumptio
541 1704 710 1741 certum
728 1694 905 1751 fecerat,
933 1695 1136 1739 dubitare
1153 1710 1326 1739 mecum
1347 1708 1438 1737 non

44 1765 324 1826 dedignetur.

572 1914 1434 1939 WWWWMIVUWMQWNWWWW

551 2045 771 2094 CAPUT
817 2045 903 2093 IV.

190 2189 270 2237 De
284 2190 460 2236 animoe
480 2198 661 2235 natura
678 2197 725 2234 et
741 2189 931 2252 origine
952 2184 1072 2247 qaid
1088 2195 1284 2232 certum.

103 2328 204 2371 VII.
224 2328 285 2371 Ac
305 2325 498 2386 primum
516 2322 630 2368 illud
647 2323 890 2368 firmissime
911 2332 1154 2378 teneamus,
1175 2322 1331 2366 animae
1352 2336 1434 2365 na-

38 2407 191 2442 ·turam
204 2413 287 2442 nec
308 2397 356 2441 in
375 2405 577 2442 naturam
594 2395 786 2455 corporis
808 2394 1024 2450 converti,
1054 2403 1106 2437 ut
1122 2409 1220 2454 quae
1239 2393 1329 2453 jam
1351 2390 1438 2436 fuit

3 2463 5 2466 ¹
39 2470 190 2515 anima
206 2470 288 2514 fiat
302 2484 482 2529 corpus,
506 2484 586 2513 nec
608 2468 654 2512 in
671 2476 873 2512 naturam
901 2466 1058 2512 animae
1079 2464 1337 2510 irrationalis
1351 2498 1362 2519 ,
1386 2472 1437 2511 ut

47 2559 148 2604 quae
165 2541 249 2588 fuit
265 2541 407 2588 anima
427 2540 630 2598 hominis,
650 2540 727 2586 fiat
738 2539 905 2601 pecoris
920 2559 931 2599 ς
947 2553 1028 2584 nec
1044 2537 1091 2584 in
1111 2547 1314 2584 naturam
1330 2535 1433 2591 Dei,
