1854 3219
324 230 377 256 DE
408 229 558 256 GENEsr
591 228 646 254 AD
678 228 917 266 LITTERAM‚
954 230 1035 256 Lus.
1073 231 1113 255 v.
1328 218 1410 255 305)

30 310 120 340 non
140 295 199 339 ita
220 294 348 351 dixit,
373 294 448 339 sed
468 294 728 354 interposuit
749 293 866 338 diem
891 293 1064 340 dicens:
1094 314 1114 337 «
1139 296 1252 340 Cum
1274 293 1414 339 factus

33 385 54 408 »
89 376 153 412 est
174 366 279 412 dies.
305 386 325 409 »
342 370 431 413 Nec
453 367 512 411 ita
531 366 704 412 locutus
724 375 788 411 est
802 376 851 411 ut
866 366 1050 412 diceret:
1079 385 1099 409 «
1125 366 1204 410 Hic
1224 375 1287 409 est
1302 364 1415 409 liber

31 448 241 483 creaturae
262 438 348 483 diei
371 447 414 483 et
431 437 532 483 coeli
546 447 589 483 et
607 447 755 496 terrae3
775 455 795 479 »
815 447 1025 499 tanquam
1043 438 1127 482 hoc
1143 437 1311 492 ordine,
1328 453 1417 497 quo

31 507 146 554 sacta
162 518 406 554 narrantur.
431 511 520 555 Nec
541 508 622 554 ita:
652 528 671 551 «
693 508 775 553 Hic
794 517 855 552 θεῖ
877 508 988 552 liber
1019 517 1229 553 creaturae
1252 506 1352 551 coeli
1375 516 1418 551 θῖ

33 588 179 636 terrae,
205 595 306 625 cum
334 578 474 625 factus
496 588 560 624 est
589 578 678 624 dies
700 589 744 625 et
771 579 932 624 coelum
967 589 1010 624 et
1031 589 1165 634 terra,
1186 594 1287 623 cum
1317 577 1419 622 fecit

32 653 148 695 Deus
163 650 326 696 coelum
339 659 383 695 et
393 660 624 707 terram‚et
636 666 765 696 omne
776 650 914 695 viride
927 651 1031 709 agri.
1053 668 1072 691 »
1090 653 1179 695 Nec
1196 649 1277 694 ita:
1298 669 1317 691 «
1337 650 1418 693 Hic

34 730 98 766 est
111 720 223 766 liber
244 731 454 767 creaturae
477 722 579 767 coeli
602 731 645 766 et
662 731 809 776 terrae,
831 736 930 766 curn
955 720 1057 765 fecit
1078 724 1192 765 Deus
1215 720 1353 775 diem,
1380 729 1424 764 ct

34 791 199 837 coelum
215 802 260 837 et
279 802 459 850 terram,
480 803 524 838 et
546 809 675 838 omne
702 791 840 838 viride
862 792 952 851 agri
971 812 978 837 :
999 812 1017 836 (ι
1043 793 1122 837 hos
1145 792 1262 836 enim
1283 791 1420 850 magis

34 863 266 908 locutionis
287 864 441 909 modos
458 864 668 924 loquendi
685 864 956 909 consuetudo
981 864 1202 924 poscebat.
1231 862 1315 908 Sed.
1338 863 1419 907 ait:

39 954 59 977 «
95 934 175 979 Hic
193 944 256 979 θεῖ
267 934 379 979 liber
395 945 606 980 creaturae
626 936 727 981 coeli
742 945 784 981 et
801 945 942 991 terrae,
958 951 1058 980 cum
1076 935 1214 980 sactus
1232 945 1295 980 est
1312 936 1418 990 dies,

39 1023 60 1047 »
95 1003 197 1050 fecit
229 1009 344 1050 Deus
378 1005 540 1051 coelum
573 1016 617 1051 et
648 1016 829 1062 terram,
855 1016 898 1051 et
920 1023 1048 1051 omne
1076 1005 1212 1050 viride
1249 1007 1360 1063 agri:
1401 1025 1420 1046 n

38 1085 248 1137 tanquam
268 1076 379 1121 illud
396 1076 640 1134 insinuans,
664 1094 764 1123 cum
782 1076 920 1122 factus
943 1087 1006 1122 est
1024 1076 1114 1122 dies
1126 1113 1136 1130 ,
1154 1087 1259 1122 tunc
1277 1076 1426 1122 fecisse

38 1150 177 1192 Deum
200 1146 363 1193 coelum
384 1157 427 1192 et
448 1156 623 1204 terram,
651 1158 694 1194 et
717 1165 847 1194 omne
868 1149 1006 1194 viride
1029 1150 1132 1207 agri.

97 1221 174 1263 VI.
209 1222 344 1264 Porro
373 1229 519 1264 autem
554 1221 750 1280 superior
782 1220 972 1264 narratio
1005 1218 1170 1264 factum
1200 1219 1315 1263 diem
1337 1219 1427 1278 pri-

39 1289 172 1333 mitus
192 1289 380 1345 indicat,
406 1305 596 1350 eumque
624 1306 763 1334 unum
789 1290 905 1334 diem
935 1289 1145 1349 deputat,
1173 1299 1269 1349 post
1298 1304 1430 1350 quem

40 1360 283 1404 secundum
325 1370 608 1415 annumerat,
644 1376 732 1421 quo
765 1359 932 1405 factum
972 1369 1034 1404 θεῖ
1073 1360 1425 1417 firmamentum3

42 1439 85 1474 et
118 1430 319 1486 tertium,
350 1446 439 1491 quo
474 1431 636 1490 species
681 1440 804 1474 terrae
836 1431 1053 1490 marisque
1086 1430 1265 1489 digestae
1303 1439 1426 1485 sunt,

42 1510 86 1545 et
113 1500 285 1560 lignum
317 1509 449 1562 atque
487 1501 666 1545 herbam
709 1510 821 1545 tcrra
853 1500 1077 1560 produxit.
1110 1504 1179 1544 An
1208 1499 1321 1545 forte
1347 1501 1432 1545 hoc

46 1571 158 1617 illud
197 1582 283 1629 est,
321 1572 443 1635 quod
483 1573 530 1617 in
559 1573 674 1618 libro
706 1573 927 1633 superiore
961 1572 1251 1617 moliebamur
1283 1582 1430 1617 oston—

43 1642 163 1700 dere,
197 1643 327 1689 simul
364 1648 507 1690 Deum
542 1644 694 1690 fecisse
723 1645 890 1702 omnia3
935 1643 1295 1704 quandoquidem
1330 1660 1433 1688 nar-

45 1714 223 1759 rationis
260 1713 334 1760 illa
368 1714 613 1771 contextio,
650 1730 752 1760 cum
784 1730 857 1759 sex
896 1713 1066 1759 dierum
1103 1713 1257 1758 ordine
1292 1724 1434 1759 creata

45 1794 204 1831 cuncta
246 1795 290 1831 et
327 1795 628 1832 consummata
675 1795 984 1840 memorasset,
1029 1801 1147 1830 nunc
1188 1785 1244 1830 ad
1292 1802 1434 1830 unum

45 1855 163 1901 diem
204 1856 351 1902 omnia
393 1856 653 1916 rediguntur
682 1856 859 1901 nomine
896 1855 996 1900 coeli
1037 1865 1080 1900 et
1110 1865 1258 1911 terrae‚
1300 1857 1432 1900 ctiam

45 1926 254 1972 fruticum
272 1926 478 1988 adjuncto
508 1929 690 1986 genere?
711 1927 927 1972 Nimirum
955 1935 1132 1987 propter
1155 1926 1276 1987 quod
1305 1943 1434 1987 supra

47 1998 156 2054 dixi,
182 2007 233 2044 ut
263 1999 298 2044 si
330 1997 520 2044 fortassis
551 2014 603 2043 ex
632 1999 714 2043 hac
745 2007 891 2044 nostra
927 1998 1243 2043 consuetudine
1271 1998 1434 2043 intelli-

50 2078 224 2130 geretur
258 2068 374 2124 dies,
405 2069 695 2128 corrigeretur
726 2068 885 2125 lector,
918 2085 1019 2115 curn
1052 2069 1263 2114 recoleret
1297 2069 1434 2114 viride

49 2141 141 2201 agri
162 2149 263 2186 ante
286 2140 418 2185 istum
440 2140 624 2185 solarem
647 2140 762 2185 diem
785 2144 926 2186 Deum
947 2141 1101 2186 dixisse
1122 2150 1172 2185 ut
1195 2150 1306 2186 terra
1330 2158 1434 2202 pro-

50 2212 243 2258 duceret.
265 2215 330 2257 Ita
347 2213 439 2273 jam
466 2228 557 2257 non
582 2228 632 2257 ex
653 2211 737 2257 alio
763 2212 998 2272 Scripturae
1022 2222 1183 2257 sanctae
1205 2212 1319 2258 libro
1334 2230 1438 2274 pro-

51 2281 192 2329 fertur
222 2283 521 2328 testimonium
550 2283 671 2344 quod
707 2283 852 2328 onmia
882 2283 1013 2328 simul
1042 2287 1156 2329 Deus
1183 2285 1434 2341 creaverit1‚

54 2355 129 2400 sed
154 2355 295 2400 vicina
323 2355 567 2400 testificatio
594 2354 764 2415 paginae
790 2356 1094 2416 consequentis
1118 2372 1168 2400 ex
1191 2357 1272 2401 hac
1294 2373 1339 2400 re
1362 2373 1441 2402 nos

56 2426 276 2482 admonet⁹
290 2424 461 2472 dicens:
486 2428 635 2472 «Cum
655 2425 794 2471 sactus
817 2436 881 2472 est
898 2426 1005 2483 dies,
1026 2426 1128 2472 fecit
1145 2431 1260 2479 Deus
1278 2428 1441 2473 coelum

59 2514 80 2539 n
114 2506 157 2542 et
187 2506 368 2553 terram,
393 2506 437 2542 et
467 2512 597 2543 omne
627 2497 766 2542 viride
797 2498 914 2557 agri:
952 2517 972 2540 »
1008 2508 1058 2543 ut
1088 2499 1218 2545 istum
1252 2499 1366 2544 diem
1400 2508 1443 2544 et

105 2589 113 2606 ¹
132 2583 229 2617 Eccli.
253 2595 342 2625 xvni,
363 2595 391 2616 1.

246 2647 352 2678 cxli.
1204 2640 1255 2678 20
