1854 3219
376 193 430 230 62
825 203 858 228 s.
895 198 1125 228 Aueus'rnu
1158 199 1339 228 EPISCOPI

375 283 474 328 quae
495 276 645 319 κόμμασι
667 265 807 310 Graeci
829 275 1017 321 vocant,
1050 275 1094 311 et
1120 264 1317 310 membra
1334 298 1345 319 ,
1376 271 1421 307 01
1447 260 1677 316 circuitus,
1712 259 1768 304 de

373 338 536 398 quibus
571 335 703 396 paulo
734 346 834 381 ante
859 337 1066 392 disserui,
1097 351 1200 382 cum
1231 333 1534 380 decentissima
1560 331 1768 377 varietate

374 408 777 467 interponerentur,
803 416 940 452 totam
962 408 1088 452 istam
1110 407 1298 467 speeiem
1324 402 1525 450 dictionis
1541 437 1552 459 ,
1579 411 1624 447 et
1646 400 1770 462 quasi

374 480 464 538 ejus
486 479 659 524 vultum
670 514 682 535 ,
700 495 789 539 quo
805 480 936 524 etiam
953 478 1118 524 indocti
1136 478 1412 524 delectantur
1427 483 1767 534 moventurque,

373 549 586 596 fecerunt.
607 554 716 597 Nam
731 551 848 596 unde
862 552 1073 612 coepimus
1091 552 1210 596 110110
1227 550 1377 596 1000111
1390 549 1594 602 inserere,
1608 544 1770 591 circui-

377 631 443 667 tus
455 631 559 667 sunt
574 641 582 667 z
600 622 765 682 primus
784 622 1004 679 minimus,
1022 624 1105 669 1100
1118 632 1183 668 est
1200 620 1452 667 bimembris
1467 640 1478 678 3
1494 619 1638 664 minus
1653 616 1771 660 enim

374 709 508 754 quam
538 693 627 738 duo
654 694 853 739 membra
876 695 1082 739 circuitus
1104 694 1266 740 habere
1286 707 1377 737 non
1410 699 1615 751 possunt,
1643 687 1773 748 plura

374 780 477 810 vero
508 774 691 824 possunt
719 783 727 809 :
765 780 868 823 ergo
896 765 969 809 ille
998 765 1164 825 primus
1195 774 1283 819 est,
1319 782 1340 806 «
1367 766 1533 808 Iterum
1554 760 1679 815 dico,
1714 773 1772 803 ne

378 854 397 876 »
433 835 529 895 quis
558 850 627 879 me
658 835 870 879 existimet
904 836 1181 895 insipientem
1218 850 1324 879 esse.
1355 851 1376 875 »
1421 831 1630 893 Sequitur
1659 828 1770 875 alius

376 906 662 962 trimembris,
698 925 716 948 «
741 905 975 967 Alioquin,
1000 905 1121 951 velut
1142 904 1420 965 insipientem
1447 901 1652 962 suscipite
1674 914 1767 955 me,

380 996 400 1019 »
436 987 486 1023 ut
509 994 588 1037 ego
620 977 844 1023 modicum
876 977 984 1038 quid
1016 977 1192 1037 glorier.
1222 994 1242 1018 »
1271 975 1438 1021 Tertius
1471 973 1550 1035 qui
1577 972 1774 1034 sequitur

378 1049 572 1094 membra
603 1050 738 1094 habet
766 1058 971 1110 quatuor,
1004 1068 1026 1091 «
1050 1047 1183 1102 Quod
1203 1046 1376 1105 loquor,
1407 1061 1498 1091 non
1522 1044 1682 1105 loquor
1703 1057 1774 1087 se-

380 1138 401 1162 »
436 1120 634 1166 cundum
651 1124 814 1177 Deum,
838 1121 912 1166 sed
933 1120 1056 1182 quasi
1077 1121 1122 1165 in
1139 1119 1344 1175 stultitia,
1360 1119 1408 1163 in
1428 1119 1510 1163 hac
1533 1114 1776 1162 substantia

380 1210 400 1234 >›
437 1192 602 1251 gloriae.
630 1211 651 1234 >›
677 1196 869 1247 Quartus
900 1194 990 1238 duo
1014 1192 1148 1238 habet
1164 1227 1176 1245 ,
1205 1188 1623 1250 «Quandoquidem
1645 1185 1776 1233 multi

380 1281 401 1305 »
437 1263 679 1322 gloriantur
716 1264 958 1309 secundum
986 1278 1185 1319 carnem,
1216 1271 1260 1306 et
1286 1277 1370 1321 ego
1399 1259 1636 1320 gloriabor.
1660 1276 1684 1300 >›
1717 1259 1777 1303 Et

377 1334 558 1395 quintus
576 1335 711 1380 habet
729 1334 819 1381 duo
831 1371 841 1391 ,
860 1335 1109 1380 «Libenter
1126 1334 1243 1378 enim
1260 1332 1480 1378 sustinetis
1496 1331 1748 1390 insipientes
1760 1363 1773 1385 ‚

382 1424 400 1446 »
436 1420 538 1449 cum
558 1405 647 1450 sitis
668 1405 751 1465 ipsi
772 1406 1004 1465 sapientes.
1031 1423 1052 1447 »
1078 1405 1221 1449 Etiam
1241 1413 1386 1448 sextus
1409 1401 1663 1447 bimembris
1684 1410 1771 1457 est,

381 1494 403 1519 «
424 1475 633 1521 Toleratis
652 1475 792 1532 enim,
820 1476 855 1521 si
880 1476 977 1536 quis
998 1490 1074 1521 vos
1096 1476 1143 1519 in
1165 1475 1419 1520 servitutem
1443 1473 1616 1532 redigit.
1645 1490 1666 1516 1)
1693 1474 1776 1518 Se-

379 1557 578 1608 quuntur
599 1549 681 1592 tria
708 1564 817 1593 caesa
833 1583 843 1603 ,
868 1567 889 1591 «
912 1549 954 1593 Si
985 1548 1081 1609 quis
1110 1547 1316 1603 devorat,
1349 1547 1382 1591 si
1415 1546 1513 1607 quis
1537 1545 1715 1606 accipit,
1742 1544 1778 1589 31

381 1636 401 1659 »
437 1618 533 1678 quis
556 1617 792 1663 extollitur.
817 1636 837 1660 »
861 1618 1030 1664 Deinde
1052 1618 1133 1663 tria
1159 1617 1360 1663 membra
1375 1653 1386 1673 ,
1417 1636 1438 1660 «
1457 1617 1501 1662 Si
1522 1616 1620 1677 quis
1642 1616 1689 1660 in
1706 1615 1777 1661 fa-

382 1708 402 1731 »
439 1689 549 1735 ciem
583 1705 659 1735 vos
687 1689 838 1746 caedit,
873 1689 1116 1735 secundum
1140 1690 1462 1750 ignobilitatem
1489 1689 1615 1745 dico,
1650 1688 1772 1749 quasi

383 1782 400 1804 »
435 1777 515 1807 nos
547 1762 755 1807 infirmati
780 1762 931 1808 simus.
967 1780 988 1805 »
1020 1762 1212 1808 Additur
1247 1760 1513 1805 trimembris
1541 1760 1774 1816 circuitus,

382 1852 403 1876 (z
438 1836 491 1877 In
512 1849 600 1894 quo
623 1842 771 1878 autem
802 1834 900 1894 quis
934 1834 1067 1879 audet
1090 1834 1164 1893 (in
1185 1833 1435 1892 insipientia
1457 1832 1604 1889 dico),
1637 1832 1778 1876 audeo

382 1922 403 1946 »
438 1913 482 1948 et
514 1920 610 1963 ego.
639 1923 660 1946 »
697 1905 810 1950 Hinc
828 1905 921 1964 jam
950 1904 1131 1963 singulis
1152 1904 1404 1964 quibusque
1436 1903 1556 1947 caesis
1588 1903 1778 1948 interro-

380 1974 523 2034 gando
546 1976 719 2034 positis,
753 1973 924 2034 singula
955 1973 1107 2019 itidem
1133 1990 1242 2019 caesa
1267 1974 1549 2034 responsione
1581 1975 1779 2020 reddun-

381 2055 466 2101 tur,
492 2045 574 2089 tria
606 2045 769 2101 tribus,
795 2064 816 2088 «
842 2045 1017 2090 Hebraei
1048 2048 1182 2091 sunt?
1213 2055 1258 2091 et
1288 2060 1383 2105 ego.
1412 2045 1618 2090 israelitae
1650 2048 1779 2091 sunt?

380 2126 424 2161 et
455 2131 548 2176 ego.
578 2135 598 2158 »
637 2119 794 2162 Semen
825 2117 1013 2162 Abrahae
1045 2119 1174 2162 sunt?
1198 2127 1243 2162 et
1266 2133 1362 2177 ego.
1387 2135 1408 2159 »
1433 2120 1602 2170 Quarto
1629 2126 1778 2162 autem

380 2203 490 2232 caeso
512 2187 640 2232 simili
671 2187 1011 2247 interrogatione
1033 2188 1196 2248 posito,
1219 2203 1310 2233 non
1342 2187 1519 2232 alterius
1551 2188 1677 2245 caesi,
1701 2187 1778 2232 sed

381 2258 567 2302 membri
595 2259 868 2319 oppositione
899 2260 1154 2320 respondet,
1194 2279 1215 2302 ‹<
1239 2259 1425 2305 Ministri
1457 2258 1619 2304 Christi
1649 2260 1779 2303 sunt?

380 2329 616 2389 (insipiens
638 2329 762 2387 dieo)
783 2346 911 2390 super
936 2345 1030 2390 ego.
1058 2351 1075 2374 »
1103 2332 1201 2376 Jam
1232 2346 1342 2375 caesa
1372 2338 1562 2391 quatuor
1589 2345 1779 2391 sequen-

380 2400 461 2455 tia,
498 2409 663 2445 remota
685 2400 984 2446 decentissime
1018 2401 1360 2462 interrogatione
1382 2399 1649 2457 funduntur,
1679 2420 1700 2444 «
1726 2404 1778 2446 In

385 2489 404 2512 υ
439 2470 664 2515 laboribus
696 2471 963 2531 plurimum,
1004 2473 1051 2517 in
1090 2472 1336 2518 carceribus
1369 2472 1691 2528 abundantius,
1730 2472 1777 2516 in

386 2559 405 2582 »
442 2541 578 2600 plagis
597 2557 725 2601 supra
749 2541 928 2587 modum
947 2578 957 2597 ,
983 2543 1028 2587 in
1050 2543 1264 2590 mortibus
1287 2543 1458 2604 saepius.
1480 2561 1501 2586 »
1527 2543 1693 2592 Deinde
1715 2542 1777 2587 in-
