1854 3219
252 186 305 211 DE
338 186 488 212 GENEsr
522 184 575 211 An
608 183 844 223 LITTERAM,
871 186 1159 212 IMPERFECTUS
1191 186 1273 211 LIB.
1373 171 1454 211 147

72 258 117 294 et
137 264 265 309 super
287 259 446 303 terram
463 249 612 300 volant
633 248 745 293 infra
763 266 896 310 aquas
914 269 922 294 ε
948 250 1045 295 ideo
1066 267 1155 295 non
1177 249 1344 294 dictum
1365 259 1452 295 est:

73 335 172 371 aves
187 356 198 378 ,
217 320 293 367 sed
308 320 499 372 volantia
518 319 776 379 generaliter
788 329 865 364 et«
891 319 1064 364 volatile
1081 330 1335 380 pennatum.
1361 338 1381 362 »
1402 323 1460 365 Et

75 409 97 433 «
130 391 240 445 vidit
255 395 370 445 Deus
385 391 487 452 quia
504 391 672 435 bonum
693 400 771 436 est.
787 409 808 434 »
825 394 882 436 Et
896 391 966 436 hic
988 393 1099 443 sicut
1119 392 1162 436 in
1176 393 1340 444 caeteris
1352 391 1459 437 locis

70 461 423 522 intelligendum.

132 536 182 586 L.
207 537 296 587 «Et
309 532 530 584 benedixit
543 548 592 577 ea
609 532 757 578 dicens
778 552 787 579 z
805 534 994 579 Crescite
1006 569 1016 589 ,
1032 543 1076 578 et
1089 533 1458 594 multiplicamini,

73 622 97 660 p»
122 613 166 658 et
183 603 346 664 replete
361 619 493 664 aquas
512 603 641 648 maris
656 639 667 659 ,
692 613 735 648 et
755 603 946 648 volatilia
963 603 1310 664 multiplicentur
1331 620 1462 664 super

75 692 97 720 2)
116 683 276 726 terram
285 677 298 701 ¹
308 710 316 719 .
325 693 346 717 »
362 674 719 720 Benedictionem
733 674 788 720 ad
802 674 1135 720 foecunditatem
1147 675 1290 721 valere
1304 675 1459 731 voluit,

70 759 172 806 quae
207 745 254 789 in
283 745 551 800 successione
585 743 719 805 prolis
741 755 945 805 apparet,
970 755 1021 790 ut
1053 762 1101 790 ea
1130 745 1458 802 benedictione,

70 816 177 877 ,quia
194 815 365 866 infirma
378 826 422 860 et
432 814 632 865 mortalia
654 825 797 860 creata
815 825 938 872 sunt,
955 831 1089 874 genus
1104 833 1231 862 suum
1244 816 1464 862 nascendo

73 886 336 941 custodiant.
366 885 451 932 Sed
469 902 572 938 cum
589 887 718 931 etiam
735 888 887 948 stirpes
901 889 1120 933 nascendo
1142 898 1320 933 teneant
1341 889 1463 934 simi-

70 956 306 1016 litudinem
327 958 686 1018 praetereuntium
698 993 709 1014 ,
729 974 808 1003 cur
829 974 898 1003 eas
911 975 1001 1004 non
1015 959 1262 1004 benedixit?
1275 963 1345 1004 An
1362 959 1465 1020 quia

71 1043 203 1078 sensu
221 1037 394 1084 carent,
421 1028 498 1089 qui
517 1028 674 1073 rationi
695 1029 864 1074 vicinus
876 1031 968 1074 est?
984 1032 1082 1075 Non
1100 1031 1216 1074 enim
1233 1040 1358 1076 vacat
1369 1030 1464 1076 for-

19 1092 28 1099 ’
74 1109 206 1156 tasse,
231 1098 352 1161 quod
375 1099 565 1145 secunda
587 1115 771 1160 persona
789 1101 927 1145 utitur
944 1104 1057 1146 Deus
1079 1101 1125 1145 in
1141 1101 1460 1158 benedicendo,

74 1180 125 1215 ut
157 1172 252 1222 haec
274 1171 509 1223 animantia
530 1171 765 1232 compellet
786 1171 979 1232 quodam
996 1172 1128 1222 modo
1151 1183 1362 1235 tanquam
1384 1190 1464 1219 au,-

73 1240 238 1290 dientia
258 1241 468 1293 dicendo:
506 1261 527 1284 «
552 1243 763 1299 Crescite,
789 1253 832 1288 et
852 1243 1201 1304 multiplicamini
1224 1254 1267 1289 et
1288 1245 1466 1306 implete

77 1331 98 1362 »
132 1329 266 1374 aquas
287 1313 440 1365 maris:
474 1332 494 1356 »
526 1329 607 1359 nec
634 1324 781 1360 tamen
804 1315 848 1359 in
872 1314 1023 1360 eadem
1045 1332 1229 1376 persona
1251 1333 1389 1378 usque
1410 1317 1467 1362 ad

72 1384 206 1436 finem
228 1384 543 1430 benedictionis
561 1386 758 1444 venitur,
779 1387 974 1447 sequitur
995 1388 1132 1432 enim:
1153 1407 1173 1430 «
1197 1391 1255 1432 Et
1275 1387 1467 1433 volatilia

76 1473 98 1498 »
130 1453 483 1516 multiplicentur
511 1471 640 1516 super
662 1466 849 1504 terram:
877 1474 897 1498 »
923 1473 1014 1502 non
1035 1457 1167 1514 dixit,
1192 1458 1464 1519 Multiplica—

74 1527 182 1585 mini
219 1542 349 1588 super
381 1537 556 1575 terram.
581 1528 672 1574 Nisi
695 1527 809 1573 forte
836 1528 920 1573 hoc
948 1528 1041 1588 ipso
1068 1529 1338 1588 significatur
1362 1547 1463 1575 sen-

75 1613 171 1643 sum
203 1598 491 1648 animantium
517 1614 608 1644 non
629 1598 737 1644 adeo
759 1599 952 1644 vicinum
975 1615 1064 1644 esse
1086 1600 1264 1657 rationi,
1290 1611 1340 1646 ut
1362 1618 1463 1662 per-

73 1667 187 1721 fecte
207 1669 341 1729 possit
357 1669 551 1729 accipere
572 1668 908 1729 compellantem
920 1705 931 1725 ,
948 1670 1059 1715 sicut
1076 1687 1176 1732 quae
1194 1671 1460 1731 intelligunt,

50 1769 54 1772 ·
75 1749 206 1801 atque
227 1740 293 1788 uti
313 1740 480 1785 ratione
500 1750 697 1800 possunt.

134 1814 209 1860 LI.
249 1830 269 1858 ‹.‹
293 1813 351 1856 Et
372 1809 538 1856 factum
563 1819 627 1855 est
648 1811 723 1855 sic.
751 1829 772 1853 »
800 1811 881 1856 Hic
904 1810 1032 1871 plane
1053 1813 1194 1872 quivis
1211 1814 1360 1858 tardus
1374 1815 1466 1874 jam

76 1880 279 1941 evigilare
295 1881 450 1936 debet,
474 1890 524 1925 ut
545 1881 759 1941 intelligat
776 1881 925 1942 quales
946 1882 1016 1927 isti
1033 1882 1123 1928 dies
1137 1894 1463 1930 enumerentur.

76 1955 189 1998 Cum
209 1952 326 1997 enim
348 1960 487 1998 certos
506 1952 723 1997 seminum
745 1969 948 1998 numeros
961 1957 1074 1998 Deus
1088 1954 1383 2000 animantibus
1394 1955 1468 2000 de-

76 2024 210 2079 derit,
234 2032 452 2068 servantes
473 2023 626 2066 miram
643 2032 761 2067 certo
779 2023 932 2068 ordine
949 2025 1236 2069 constantiam
1249 2060 1259 2080 ,
1284 2035 1334 2070 ut
1345 2036 1464 2071 certo

77 2093 245 2143 dierum
262 2109 447 2140 numero
459 2129 470 2150 ,
479 2109 568 2153 ,pro
585 2110 663 2138 suo
675 2101 851 2155 quoque
865 2110 1020 2154 genere
1031 2130 1042 2150 ,
1061 2103 1104 2139 et
1117 2105 1327 2155 concepta
1339 2107 1465 2142 utero

78 2174 250 2225 gerant,
275 2173 320 2209 et
337 2164 454 2209 edita
481 2180 561 2209 ova
590 2163 873 2223 calefaciant,
898 2166 1020 2226 cujus
1048 2175 1217 2210 naturae
1249 2167 1465 2213 institutio

77 2236 156 2283 Dei
181 2235 391 2296 sapientia
414 2245 696 2280 conservatur
711 2270 722 2290 ,
743 2254 763 2277 «
788 2238 896 2288 Quae
919 2235 1060 2280 tendit
1083 2252 1106 2280 a
1128 2237 1216 2280 fine
1247 2253 1385 2298 usque
1409 2239 1465 2284 ad

81 2325 102 2350 »
128 2307 261 2351 finem
279 2305 472 2361 fortiter,
499 2315 543 2350 et
564 2305 755 2366 disponit
777 2306 922 2350 omnia
941 2306 1176 2352 suaviter²z
1200 2325 1220 2349 »
1242 2309 1464 2369 quomodo

79 2393 169 2422 uno
203 2375 272 2421 die
302 2385 544 2436 potuerunt
563 2385 607 2420 et
640 2376 890 2436 concipere,
911 2385 956 2421 et
976 2386 1101 2422 utero
1128 2393 1395 2436 gravescere,
1421 2390 1466 2426 et

77 2441 202 2509 parta
217 2462 428 2507 vaporare
454 2456 586 2508 atque
606 2447 796 2503 nutrire,
817 2456 863 2493 et
883 2447 1066 2509 implere
1087 2464 1221 2510 aquas
1243 2451 1395 2508 maris,
1420 2461 1465 2498 et

128 2541 138 2557 ¹
155 2536 233 2567 Gen.
255 2544 279 2575 ι,
295 2541 349 2565 22.
369 2550 411 2556 —
430 2540 443 2557 2
461 2535 534 2576 Sap.
556 2544 622 2574 vm,
646 2544 673 2565 1.

1232 2591 1293 2629 10.
