1854 3219
362 193 447 231 602
806 202 838 228 s.
876 199 1107 228 Anatis'rtm
1139 198 1321 226 Eptscopr

359 277 507 312 mente
535 265 690 310 dixisse
721 285 730 310 t
766 265 859 325 ipso
887 265 1017 309 etiam
1046 272 1168 308 tanto
1197 262 1381 322 amplius
1411 262 1597 307 mirante
1629 265 1757 323 quod·-

360 337 551 392 accidit,
589 345 756 397 quanto
789 335 925 395 magis
959 343 1102 379 nosset
1129 349 1218 394 quo
1250 333 1296 377 id
1328 332 1472 377 animo
1508 342 1641 394 atque
1679 348 1754 378 ore

362 407 610 468 protulerit.

416 481 621 524 XLVIII.
657 479 860 531 Quonam
880 476 1012 521 modo
1033 476 1127 520 haec
1158 476 1246 519 visa
1275 474 1322 517 in
1343 474 1542 534 spiritum
1564 475 1754 520 hominis

360 551 562 606 veniant,
582 559 733 594 utrum
750 548 810 592 ibi
833 548 1032 608 primitus
1056 546 1318 600 formentur,
1341 561 1397 588 an
1421 546 1606 605 formata
1630 547 1754 606 inge-

357 632 525 677 rantur,
543 631 587 666 et
601 621 792 682 quadam
810 620 1121 680 conjunctione
1143 627 1394 673 cernantur,
1416 627 1466 662 ut
1487 617 1546 661 sic
1567 618 1756 662 homini-

357 694 441 738 bus
471 692 625 751 Angeli
658 690 891 736 ostendant
923 691 1204 749 cogitationes
1236 704 1359 743 suas,
1390 697 1433 732 et
1461 688 1754 748 corporalium

357 781 505 810 rerum
532 762 860 819 similitudines,
889 779 996 824 quas
1024 763 1069 805 in
1096 777 1174 805 suo
1197 761 1352 820 spiritu
1373 760 1626 805 futurorum
1648 776 1750 820 cog-

357 837 525 881 nitione
556 834 841 895 praeformant
861 869 873 890 ,
908 831 1283 895 quemadmodum
1316 840 1359 875 et
1383 831 1463 891 ipsi
1491 840 1658 876 nostras
1679 848 1756 877 co-

357 909 589 968 gitationes
611 943 622 963 ,
654 923 745 952 non
777 907 931 967 utique
967 904 1125 960 oculis,
1167 904 1271 964 quia
1308 919 1398 948 non
1436 919 1644 963 corpore,
1679 903 1756 950 sed

356 980 514 1040 spiritu
547 978 729 1036 vident,
773 992 927 1023 verum
959 977 1043 1020 hoc
1072 975 1264 1029 intersit,
1306 973 1430 1034 quod
1463 973 1526 1017 illi
1564 984 1753 1031 nostras,

357 1050 524 1095 etiamsi
546 1048 757 1103 nolimus,
795 1055 1035 1101 noverunt,
1072 1061 1150 1090 nos
1175 1054 1323 1089 autem
1346 1045 1537 1104 ipsorum
1551 1080 1563 1100 ,
1585 1045 1666 1089 nisi
1683 1061 1755 1090 os-

356 1121 612 1174 tendantur,
640 1135 767 1164 nosse
789 1135 879 1164 non
902 1132 1159 1178 possumus3
1179 1118 1283 1176 quia
1306 1116 1365 1160 sic
1388 1131 1457 1160 eas
1471 1151 1482 1170 ,
1502 1124 1554 1160 ut
1575 1116 1753 1176 opinor,

356 1193 522 1237 habent
543 1192 589 1236 in
604 1199 817 1251 potestate
840 1189 1060 1235 occultare
1084 1186 1352 1247 spiritalibus
1370 1186 1527 1243 modis,
1544 1188 1757 1248 quemad-

356 1263 538 1308 modum
560 1278 638 1307 nos
666 1260 931 1322 quibusdam
954 1258 1189 1319 interjectis
1210 1257 1470 1313 obstaculis,
1491 1267 1638 1302 nostra
1656 1275 1754 1303 cor-

353 1350 461 1395 pora
484 1349 539 1378 ne
568 1333 753 1377 aliorum
776 1330 912 1376 oculis
930 1330 1186 1383 videantur,
1213 1328 1525 1377 abscondimus
1548 1348 1557 1373 2
1583 1338 1626 1373 et
1648 1329 1758 1389 quid

355 1406 432 1450 fiat
454 1405 499 1448 in
514 1404 670 1464 spiritu
686 1412 850 1457 nostro,
873 1411 924 1446 ut
937 1399 1179 1461 aliquando
1197 1409 1433 1444 cernantur
1450 1400 1757 1445 tantummodo

352 1477 644 1536 significantes
668 1474 900 1533 imagines,
931 1482 975 1519 ct
996 1482 1146 1516 utrum
1168 1471 1333 1532 aliquid
1350 1471 1596 1530 significent
1619 1470 1752 1530 igno-

353 1558 474 1593 retur
494 1570 505 1606 3
530 1545 766 1607 aliquando
783 1555 930 1589 autem
948 1543 1115 1603 aliquid
1138 1542 1382 1601 significare
1402 1543 1660 1598 sentiantur,
1680 1544 1755 1587 sod

352 1620 462 1681 quid
482 1618 728 1677 significent
750 1616 993 1671 nesciatur,
1018 1612 1256 1675 aliquando
1284 1629 1388 1658 vero
1426 1623 1637 1674 tanquam
1661 1613 1757 1674 ple-

353 1691 475 1734 niore
507 1687 881 1732 demonstratione
912 1686 1054 1729 anima
1087 1685 1281 1728 humana
1312 1693 1356 1727 et
1384 1683 1541 1742 spiritu
1570 1684 1681 1743 ipsas
1713 1695 1756 1729 et

353 1769 501 1804 mente
523 1758 632 1819 quid
654 1758 898 1817 significent
922 1755 1089 1811 videat,
1122 1764 1164 1798 et
1194 1755 1301 1799 scire
1325 1753 1636 1799 difficillimum
1661 1764 1752 1811 est,

355 1841 398 1876 ct
410 1832 444 1876 si
450 1832 542 1891 jam
560 1830 760 1884 sciamus,
782 1827 990 1872 disserere
1007 1835 1140 1887 atque
1153 1824 1366 1885 explicare
1384 1825 1750 1885 operosissimum.

356 1965 496 1983 ἋΑΝΜἏ
502 1962 1138 1981 wvxwvxmmwuvnmwmumumm
1143 1960 1752 1978 mmmmmmxamwvmwmm

825 2062 1044 2112 CAPUT
1083 2063 1275 2110 XXIII.

355 2185 637 2248 Spiritalem
667 2194 924 2241 naturam,
955 2183 1038 2229 aba·
1064 2193 1165 2228 tam
1195 2181 1358 2227 multis
1388 2185 1549 2228 causis
1584 2181 1752 2227 simili-

393 2257 579 2304 tudines
601 2256 927 2319 corporalium
944 2256 1231 2319 formentur
1252 2255 1301 2299 in
1322 2253 1461 2299 nobis
1486 2255 1713 2299 existere.

413 2395 573 2440 XLIX.
600 2397 726 2447 Quoi)
750 2402 897 2438 autem
914 2407 1032 2436 nunc
1056 2392 1281 2436 insinuare
1304 2390 1404 2435 satis
1427 2390 1635 2445 arbitror,
1657 2405 1754 2434 cer-

355 2476 451 2512 tum
481 2475 543 2509 est
566 2481 656 2509 esse
678 2463 915 2524 spiritalem
937 2463 1174 2524 quamdam
1198 2453 1401 2507 naturam
1420 2462 1465 2505 in
1489 2461 1616 2506 nobis
1633 2497 1644 2516 ,
1673 2462 1752 2506 ubi

358 2536 653 2597 corporalium
668 2551 815 2582 rerum
834 2534 1080 2581 formantur
1095 2532 1403 2579 similitudines
1417 2533 1542 2593 §sive
1557 2547 1654 2577 cum
1677 2531 1752 2577 ali-
