1854 3219
366 208 448 246 220
798 216 830 241 s·
868 216 1097 242 ε1130051101
1135 217 1316 242 Eriscori

904 453 1121 503 CAPUT
1160 455 1247 503 VI.

360 588 507 634 Ae‘rzs
529 585 812 632 elementum
832 600 929 632 non
953 602 1055 632 esse
1072 584 1449 645 praetermissum
1470 599 1504 630 α
1519 585 1752 644 scriptore

961 655 1178 704 Genesis.

423 797 547 840 VIII.
571 797 667 842 Nom
698 795 828 854 igitur
858 795 1090 855 ignorabat
1119 802 1295 839 naturas
1327 793 1647 839 elementorum
1665 808 1752 851 *co-

365 882 551 928 rumque
569 865 783 923 ordinem,
800 866 874 928 qui
889 883 991 912 cum
1008 865 1261 922 visibilium,
1281 881 1382 927 quae
1400 866 1514 910 intra
1535 865 1754 909 mundum

365 939 411 982 in
430 938 654 983 clementis
674 948 829 983 natura
849 948 1099 994 moventur,
1121 937 1416 983 conditionem
1440 936 1753 990 introduceret,

364 1009 483 1069 prius
504 1009 699 1055 coelestia
715 1009 960 1066 luminaria,
981 1008 1140 1054 deinde
1163 1025 1377 1070 aquarum
1399 1008 1655 1064 animantia,
1676 1016 1758 1051 ter-

368 1097 513 1126 rarum
543 1091 689 1126 autem
711 1093 924 1142 postrema
953 1082 1170 1127 narravit:
1201 1097 1292 1126 non
1325 1080 1444 1141 quod
1468 1084 1613 1125 a'e'rem
1645 1095 1759 1139 prae—

368 1153 621 1209 termiserit,
647 1152 723 1197 sed
752 1152 873 1214 quod
909 1153 1127 1213 purissimi
1161 1162 1204 1197 et
1237 1152 1495 1212 quietissimi
1528 1150 1659 1205 aeris,
1684 1150 1761 1193 ubi

370 1222 517 1268 volare
540 1239 637 1269 aves
659 1239 749 1268 non
775 1239 899 1284 posse
921 1223 1151 1279 dicuntur,
1177 1224 1210 1268 si
1231 1240 1319 1284 qua
1348 1233 1449 1268 sunt
1469 1223 1622 1283 spatia,
1647 1221 1762 1267 coelo

368 1294 580 1354 superiori
602 1296 954 1356 conjunguntur,
980 1304 1024 1339 et
1055 1294 1158 1339 coeli
1188 1295 1519 1355 nuncupatione
1550 1295 1598 1338 in
1623 1293 1763 1354 Scrip-

371 1366 479 1411 turis
509 1366 565 1411 ad
586 1367 854 1427 superiorem
881 1366 1037 1412 mundi
1064 1367 1482 1427 partempcrtinere
1509 1364 1764 1425 intelligun—

371 1446 471 1483 tur:
502 1447 553 1484 ut
580 1448 706 1484 terrae
737 1439 914 1485 nomine
943 1438 1245 1484 universaliter
1273 1438 1358 1483 hoc
1382 1447 1526 1484 totum
1548 1438 1764 1497 significe-

374 1518 468 1566 tur,
493 1525 548 1554 ex
577 1527 667 1571 quo
694 1511 848 1571 incipit
879 1509 1084 1556 deorsum
1112 1525 1280 1567 versus,
1305 1511 1440 1570 ignis,
1462 1509 1650 1570 grando,
1666 1509 1762 1566 nix,

375 1580 545 1639 glacies,
562 1583 736 1643 spiritus
758 1582 1068 1643 tempestatis1,
1090 1591 1134 1628 ct
1155 1597 1305 1628 omnes
1329 1582 1492 1641 abyssi,
1513 1582 1654 1627 donec
1670 1596 1767 1642 per-

372 1653 574 1697 veniatur
595 1653 650 1699 ad
672 1653 860 1710 aridam,
886 1669 986 1715 quae
1016 1655 1192 1716 proprio
1227 1654 1404 1700 nomine
1439 1663 1552 1700 terra
1586 1653 1764 1698 dicitur.

374 1726 461 1770 Aer
483 1725 631 1786 itaque
663 1725 737 1770 ille
767 1726 986 1786 superior,
1017 1727 1106 1772 sive
1134 1727 1256 1787 quod
1281 1726 1337 1771 ad
1360 1723 1583 1771 coelestem
1615 1723 1769 1771 mundi

373 1796 563 1856 pertinet
591 1805 781 1857 partem,
806 1798 896 1842 sive
927 1796 1048 1859 quod
1074 1797 1249 1842 nullum
1280 1797 1414 1842 habet
1446 1796 1662 1843 visibilem
1686 1797 1768 1842 ha-

378 1866 633 1924 bitatorem,
654 1868 709 1913 de
733 1868 937 1929 qualibus
963 1885 1082 1914 nunc
1109 1885 1250 1914 sermo
1278 1870 1491 1913 narrantis
1520 1878 1598 1925 est,
1626 1884 1770 1929 neque

378 1939 691 1998 praetermissus
716 1949 780 1984 est
810 1939 924 1984 coelo
947 1939 1196 1996 nominato,
1222 1955 1366 2000 neque
1394 1949 1703 1984 annumeratus
1724 1938 1770 1982 in

378 2010 575 2055 creandis
605 2010 890 2055 animalibus:
917 2011 995 2055 iste
1023 2026 1126 2056 vero
1158 2010 1336 2056 inferior
1364 2012 1441 2072 qui
1463 2011 1620 2072 excipit
1645 2011 1772 2055 exha-

380 2081 562 2126 lationes
592 2082 793 2126 humidas
814 2083 942 2126 maris
967 2098 1015 2126 ac
1039 2092 1184 2138 terrae,
1211 2092 1254 2127 ct
1284 2082 1340 2127 ad
1371 2082 1643 2127 sustinendas
1674 2097 1772 2127 aves

381 2152 574 2212 quodam
588 2153 720 2197 modo
734 2162 962 2209 crassatur,
975 2153 1148 2198 nonnisi
1165 2169 1215 2196 ex
1235 2154 1357 2214 aquis
1375 2153 1531 2213 accipit
1549 2152 1765 2198 animalia.

383 2224 514 2277 Quod
536 2224 653 2268 enim
670 2225 760 2284 ejus
781 2224 1014 2268 humidum
1035 2234 1113 2280 est,
1130 2226 1213 2270 hoc
1231 2234 1375 2285 portat
1397 2224 1552 2270 alitum
1572 2239 1768 2285 corpora,

385 2311 485 2355 quse
507 2295 564 2338 ita
594 2296 795 2339 nituntur
818 2295 971 2354 pennis
998 2295 1215 2352 volantes,
1238 2295 1611 2356 quemadmodum
1639 2295 1773 2355 pisces

387 2365 653 2426 quibusdam
673 2366 759 2410 suis
782 2364 857 2409 alis
880 2374 1091 2409 natantes.

437 2463 525 2494 ¹13³}
554 2474 667 2495 cxtvil
699 2467 729 2494 ὅ
