<?xml version="1.0" encoding="UTF-8"?>
<!DOCTYPE html PUBLIC "-//W3C//DTD XHTML 1.0 Transitional//EN"
    "http://www.w3.org/TR/xhtml1/DTD/xhtml1-transitional.dtd">
<html xmlns="http://www.w3.org/1999/xhtml" xml:lang="en" lang="en">
 <head>
  <title>
</title>
<meta http-equiv="Content-Type" content="text/html;charset=utf-8" />
  <meta name='ocr-system' content='tesseract 3.04.00' />
  <meta name='ocr-capabilities' content='ocr_page ocr_carea ocr_par ocr_line ocrx_word'/>
</head>
<body>
  <div class='ocr_page' id='page_1' title='image "./operaomniaaccura05auguuoft_0502.png"; bbox 0 0 1854 3219; ppageno 0'>
   <div class='ocr_carea' id='block_1_1' title="bbox 385 161 1338 204">
    <p class='ocr_par' dir='ltr' id='par_1_1' title="bbox 385 161 1338 204">
     <span class='ocr_line' id='line_1_1' title="bbox 385 161 1338 204; baseline 0.004 -4"><span class='ocrx_word' id='word_1_1' title='bbox 385 161 468 200; x_wconf 72' lang='lat'>470</span> <span class='ocrx_word' id='word_1_2' title='bbox 825 172 858 200; x_wconf 90' lang='lat' dir='ltr'>s.</span> <span class='ocrx_word' id='word_1_3' title='bbox 895 173 1124 203; x_wconf 70' lang='lat' dir='ltr'>Accus&#39;nm</span> <span class='ocrx_word' id='word_1_4' title='bbox 1157 177 1338 204; x_wconf 76' lang='lat' dir='ltr'><strong>EPISCOPI</strong></span> 
     </span>
    </p>
   </div>
   <div class='ocr_carea' id='block_1_2' title="bbox 377 238 1777 2014">
    <p class='ocr_par' dir='ltr' id='par_1_2' title="bbox 377 238 1777 2014">
     <span class='ocr_line' id='line_1_2' title="bbox 380 238 1768 301; baseline 0.002 -18"><span class='ocrx_word' id='word_1_5' title='bbox 380 249 534 293; x_wconf 82' lang='lat' dir='ltr'>munt,</span> <span class='ocrx_word' id='word_1_6' title='bbox 558 240 753 299; x_wconf 86' lang='lat' dir='ltr'>finesque</span> <span class='ocrx_word' id='word_1_7' title='bbox 774 248 817 283; x_wconf 86' lang='grc'>01</span> <span class='ocrx_word' id='word_1_8' title='bbox 834 238 1100 284; x_wconf 79' lang='lat' dir='ltr'><strong>decessiones</strong></span> <span class='ocrx_word' id='word_1_9' title='bbox 1122 240 1187 284; x_wconf 89' lang='lat' dir='ltr'>sui</span> <span class='ocrx_word' id='word_1_10' title='bbox 1210 242 1420 301; x_wconf 87' lang='lat' dir='ltr'>cujusque</span> <span class='ocrx_word' id='word_1_11' title='bbox 1438 243 1619 299; x_wconf 87' lang='lat' dir='ltr'>generis.</span> <span class='ocrx_word' id='word_1_12' title='bbox 1644 241 1768 287; x_wconf 86' lang='lat' dir='ltr'>Unde</span> 
     </span>
     <span class='ocr_line' id='line_1_3' title="bbox 381 309 1767 368; baseline 0.001 -13"><span class='ocrx_word' id='word_1_13' title='bbox 381 312 431 356; x_wconf 88' lang='lat' dir='ltr'>fit</span> <span class='ocrx_word' id='word_1_14' title='bbox 450 320 498 354; x_wconf 88' lang='lat' dir='ltr'>ut</span> <span class='ocrx_word' id='word_1_15' title='bbox 520 309 574 354; x_wconf 84' lang='lat' dir='ltr'>de</span> <span class='ocrx_word' id='word_1_16' title='bbox 597 326 732 368; x_wconf 81' lang='lat' dir='ltr'>grano</span> <span class='ocrx_word' id='word_1_17' title='bbox 756 310 885 354; x_wconf 83' lang='lat' dir='ltr'>tritici</span> <span class='ocrx_word' id='word_1_18' title='bbox 911 326 1001 355; x_wconf 89' lang='lat' dir='ltr'>non</span> <span class='ocrx_word' id='word_1_19' title='bbox 1025 321 1226 357; x_wconf 84' lang='lat' dir='ltr'>nascatur</span> <span class='ocrx_word' id='word_1_20' title='bbox 1248 311 1370 367; x_wconf 83' lang='lat' dir='ltr'>faba,</span> <span class='ocrx_word' id='word_1_21' title='bbox 1397 311 1467 356; x_wconf 89' lang='lat' dir='ltr'>vel</span> <span class='ocrx_word' id='word_1_22' title='bbox 1489 311 1544 356; x_wconf 89' lang='lat' dir='ltr'>de</span> <span class='ocrx_word' id='word_1_23' title='bbox 1565 311 1667 357; x_wconf 86' lang='lat' dir='ltr'>faba</span> <span class='ocrx_word' id='word_1_24' title='bbox 1686 314 1767 357; x_wconf 85' lang='lat' dir='ltr'>tri-</span> 
     </span>
     <span class='ocr_line' id='line_1_4' title="bbox 380 379 1768 444; baseline 0.001 -18"><span class='ocrx_word' id='word_1_25' title='bbox 380 383 539 436; x_wconf 80' lang='lat' dir='ltr'>ticum,</span> <span class='ocrx_word' id='word_1_26' title='bbox 563 379 633 425; x_wconf 80' lang='lat' dir='ltr'>vel</span> <span class='ocrx_word' id='word_1_27' title='bbox 656 380 710 424; x_wconf 88' lang='lat' dir='ltr'>de</span> <span class='ocrx_word' id='word_1_28' title='bbox 733 397 886 440; x_wconf 84' lang='lat' dir='ltr'>pecore</span> <span class='ocrx_word' id='word_1_29' title='bbox 907 382 1063 438; x_wconf 90' lang='grc'>1101110,</span> <span class='ocrx_word' id='word_1_30' title='bbox 1087 381 1157 426; x_wconf 88' lang='lat' dir='ltr'>vel</span> <span class='ocrx_word' id='word_1_31' title='bbox 1179 382 1233 427; x_wconf 87' lang='lat' dir='ltr'>de</span> <span class='ocrx_word' id='word_1_32' title='bbox 1257 383 1432 428; x_wconf 85' lang='lat' dir='ltr'>homine</span> <span class='ocrx_word' id='word_1_33' title='bbox 1453 398 1601 442; x_wconf 89' lang='lat' dir='ltr'>pecus.</span> <span class='ocrx_word' id='word_1_34' title='bbox 1630 386 1768 444; x_wconf 81' lang='lat' dir='ltr'>Super</span> 
     </span>
     <span class='ocr_line' id='line_1_5' title="bbox 378 453 1769 515; baseline 0.002 -18"><span class='ocrx_word' id='word_1_35' title='bbox 378 455 499 498; x_wconf 89' lang='lat' dir='ltr'>hunc</span> <span class='ocrx_word' id='word_1_36' title='bbox 514 462 659 497; x_wconf 84' lang='lat' dir='ltr'>autem</span> <span class='ocrx_word' id='word_1_37' title='bbox 678 462 846 497; x_wconf 82' lang='lat' dir='ltr'>motum</span> <span class='ocrx_word' id='word_1_38' title='bbox 859 469 1121 515; x_wconf 82' lang='lat' dir='ltr'>cursumque</span> <span class='ocrx_word' id='word_1_39' title='bbox 1139 470 1285 498; x_wconf 86' lang='lat' dir='ltr'>rerum</span> <span class='ocrx_word' id='word_1_40' title='bbox 1303 453 1563 510; x_wconf 78' lang='lat' dir='ltr'>naturalem,</span> <span class='ocrx_word' id='word_1_41' title='bbox 1580 464 1769 515; x_wconf 86' lang='lat' dir='ltr'>potestas</span> 
     </span>
     <span class='ocr_line' id='line_1_6' title="bbox 378 525 1766 586; baseline 0.001 -16"><span class='ocrx_word' id='word_1_42' title='bbox 378 526 592 571; x_wconf 76' lang='lat' dir='ltr'>creatoris</span> <span class='ocrx_word' id='word_1_43' title='bbox 610 525 741 569; x_wconf 83' lang='lat' dir='ltr'>habet</span> <span class='ocrx_word' id='word_1_44' title='bbox 765 525 882 585; x_wconf 80' lang='lat' dir='ltr'>apud</span> <span class='ocrx_word' id='word_1_45' title='bbox 894 542 937 570; x_wconf 91' lang='lat' dir='ltr'>se</span> <span class='ocrx_word' id='word_1_46' title='bbox 954 542 1076 586; x_wconf 86' lang='lat' dir='ltr'>posse</span> <span class='ocrx_word' id='word_1_47' title='bbox 1096 525 1150 570; x_wconf 89' lang='lat' dir='ltr'>de</span> <span class='ocrx_word' id='word_1_48' title='bbox 1167 526 1232 570; x_wconf 87' lang='lat' dir='ltr'>his</span> <span class='ocrx_word' id='word_1_49' title='bbox 1248 527 1451 571; x_wconf 88' lang='lat' dir='ltr'>omnibus</span> <span class='ocrx_word' id='word_1_50' title='bbox 1469 525 1611 571; x_wconf 86' lang='lat' dir='ltr'>facere</span> <span class='ocrx_word' id='word_1_51' title='bbox 1629 526 1766 583; x_wconf 84' lang='lat' dir='ltr'>aliud,</span> 
     </span>
     <span class='ocr_line' id='line_1_7' title="bbox 381 597 1769 658; baseline 0.001 -17"><span class='ocrx_word' id='word_1_52' title='bbox 381 613 516 658; x_wconf 86' lang='lat' dir='ltr'>quam</span> <span class='ocrx_word' id='word_1_53' title='bbox 538 612 690 641; x_wconf 87' lang='lat' dir='ltr'>eorum</span> <span class='ocrx_word' id='word_1_54' title='bbox 708 597 830 657; x_wconf 83' lang='lat' dir='ltr'>quasi</span> <span class='ocrx_word' id='word_1_55' title='bbox 849 597 1075 642; x_wconf 83' lang='lat' dir='ltr'>seminales</span> <span class='ocrx_word' id='word_1_56' title='bbox 1096 598 1282 642; x_wconf 82' lang='lat' dir='ltr'>rationes</span> <span class='ocrx_word' id='word_1_57' title='bbox 1303 597 1491 652; x_wconf 81' lang='lat' dir='ltr'>habent,</span> <span class='ocrx_word' id='word_1_58' title='bbox 1512 613 1604 642; x_wconf 88' lang='lat' dir='ltr'>non</span> <span class='ocrx_word' id='word_1_59' title='bbox 1622 607 1769 644; x_wconf 86' lang='lat' dir='ltr'>tamen</span> 
     </span>
     <span class='ocr_line' id='line_1_8' title="bbox 381 668 1769 730; baseline 0.001 -18"><span class='ocrx_word' id='word_1_60' title='bbox 381 668 428 712; x_wconf 85' lang='lat' dir='ltr'>id</span> <span class='ocrx_word' id='word_1_61' title='bbox 445 705 456 723; x_wconf 84' lang='lat'>,</span> <span class='ocrx_word' id='word_1_62' title='bbox 482 668 604 728; x_wconf 90' lang='lat' dir='ltr'>quod</span> <span class='ocrx_word' id='word_1_63' title='bbox 625 684 714 712; x_wconf 89' lang='lat' dir='ltr'>non</span> <span class='ocrx_word' id='word_1_64' title='bbox 736 668 781 712; x_wconf 90' lang='lat' dir='ltr'>in</span> <span class='ocrx_word' id='word_1_65' title='bbox 804 668 863 711; x_wconf 90' lang='lat' dir='ltr'>eis</span> <span class='ocrx_word' id='word_1_66' title='bbox 883 669 1028 727; x_wconf 86' lang='lat' dir='ltr'>posuit</span> <span class='ocrx_word' id='word_1_67' title='bbox 1048 678 1099 712; x_wconf 90' lang='lat' dir='ltr'>ut</span> <span class='ocrx_word' id='word_1_68' title='bbox 1119 668 1174 712; x_wconf 89' lang='lat' dir='ltr'>de</span> <span class='ocrx_word' id='word_1_69' title='bbox 1189 668 1255 712; x_wconf 90' lang='grc'>1115</span> <span class='ocrx_word' id='word_1_70' title='bbox 1278 668 1371 712; x_wconf 82' lang='lat' dir='ltr'>fieri</span> <span class='ocrx_word' id='word_1_71' title='bbox 1387 668 1457 713; x_wconf 83' lang='lat' dir='ltr'>vel</span> <span class='ocrx_word' id='word_1_72' title='bbox 1478 669 1533 712; x_wconf 86' lang='lat' dir='ltr'>ab</span> <span class='ocrx_word' id='word_1_73' title='bbox 1555 669 1649 729; x_wconf 90' lang='lat' dir='ltr'>ipso</span> <span class='ocrx_word' id='word_1_74' title='bbox 1666 686 1769 730; x_wconf 89' lang='lat' dir='ltr'>pos-</span> 
     </span>
     <span class='ocr_line' id='line_1_9' title="bbox 381 738 1770 799; baseline 0.001 -16"><span class='ocrx_word' id='word_1_75' title='bbox 381 740 449 784; x_wconf 85' lang='lat' dir='ltr'>sit.</span> <span class='ocrx_word' id='word_1_76' title='bbox 474 742 624 799; x_wconf 86' lang='lat' dir='ltr'>Neque</span> <span class='ocrx_word' id='word_1_77' title='bbox 647 739 763 782; x_wconf 87' lang='lat' dir='ltr'>enim</span> <span class='ocrx_word' id='word_1_78' title='bbox 777 739 970 799; x_wconf 84' lang='lat' dir='ltr'>potentia</span> <span class='ocrx_word' id='word_1_79' title='bbox 993 738 1241 794; x_wconf 81' lang='lat' dir='ltr'>temeraria,</span> <span class='ocrx_word' id='word_1_80' title='bbox 1266 738 1341 783; x_wconf 89' lang='lat' dir='ltr'>sed</span> <span class='ocrx_word' id='word_1_81' title='bbox 1363 739 1585 799; x_wconf 77' lang='lat' dir='ltr'>sapientiae</span> <span class='ocrx_word' id='word_1_82' title='bbox 1607 741 1770 786; x_wconf 83' lang='lat' dir='ltr'>virtute</span> 
     </span>
     <span class='ocr_line' id='line_1_10' title="bbox 380 810 1771 871; baseline 0.001 -16"><span class='ocrx_word' id='word_1_83' title='bbox 380 811 656 870; x_wconf 85' lang='lat' dir='ltr'>omnipotens</span> <span class='ocrx_word' id='word_1_84' title='bbox 683 819 746 854; x_wconf 88' lang='lat' dir='ltr'>est</span> <span class='ocrx_word' id='word_1_85' title='bbox 767 829 775 855; x_wconf 89' lang='lat'>:</span> <span class='ocrx_word' id='word_1_86' title='bbox 801 819 844 854; x_wconf 87' lang='lat' dir='ltr'>et</span> <span class='ocrx_word' id='word_1_87' title='bbox 861 810 946 855; x_wconf 90' lang='lat' dir='ltr'>hoc</span> <span class='ocrx_word' id='word_1_88' title='bbox 974 810 1029 854; x_wconf 89' lang='lat' dir='ltr'>de</span> <span class='ocrx_word' id='word_1_89' title='bbox 1051 825 1316 871; x_wconf 85' lang='lat' dir='ltr'>unaquaque</span> <span class='ocrx_word' id='word_1_90' title='bbox 1338 825 1383 854; x_wconf 89' lang='lat' dir='ltr'>re</span> <span class='ocrx_word' id='word_1_91' title='bbox 1406 811 1451 854; x_wconf 91' lang='lat' dir='ltr'>in</span> <span class='ocrx_word' id='word_1_92' title='bbox 1474 820 1670 871; x_wconf 85' lang='lat' dir='ltr'>tempore</span> <span class='ocrx_word' id='word_1_93' title='bbox 1691 827 1771 857; x_wconf 92' lang='lat' dir='ltr'>suo</span> 
     </span>
     <span class='ocr_line' id='line_1_11' title="bbox 378 880 1771 941; baseline 0.001 -16"><span class='ocrx_word' id='word_1_94' title='bbox 378 880 504 936; x_wconf 82' lang='lat' dir='ltr'>facit,</span> <span class='ocrx_word' id='word_1_95' title='bbox 526 880 647 941; x_wconf 89' lang='lat' dir='ltr'>quod</span> <span class='ocrx_word' id='word_1_96' title='bbox 665 890 765 925; x_wconf 85' lang='lat' dir='ltr'>ante</span> <span class='ocrx_word' id='word_1_97' title='bbox 777 880 823 924; x_wconf 91' lang='lat' dir='ltr'>in</span> <span class='ocrx_word' id='word_1_98' title='bbox 845 896 893 925; x_wconf 82' lang='lat' dir='ltr'>ea</span> <span class='ocrx_word' id='word_1_99' title='bbox 914 880 1018 925; x_wconf 86' lang='lat' dir='ltr'>fecit</span> <span class='ocrx_word' id='word_1_100' title='bbox 1035 889 1086 924; x_wconf 88' lang='lat' dir='ltr'>ut</span> <span class='ocrx_word' id='word_1_101' title='bbox 1106 881 1256 940; x_wconf 88' lang='lat' dir='ltr'>possit.</span> <span class='ocrx_word' id='word_1_102' title='bbox 1280 881 1401 925; x_wconf 81' lang='lat' dir='ltr'>AJius</span> <span class='ocrx_word' id='word_1_103' title='bbox 1419 896 1520 940; x_wconf 84' lang='lat' dir='ltr'>ergo</span> <span class='ocrx_word' id='word_1_104' title='bbox 1539 891 1603 926; x_wconf 90' lang='lat' dir='ltr'>est</span> <span class='ocrx_word' id='word_1_105' title='bbox 1623 896 1771 926; x_wconf 86' lang='lat' dir='ltr'>rerum</span> 
     </span>
     <span class='ocr_line' id='line_1_12' title="bbox 377 952 1770 1015; baseline 0.002 -18"><span class='ocrx_word' id='word_1_106' title='bbox 377 953 559 1009; x_wconf 84' lang='lat' dir='ltr'>modus,</span> <span class='ocrx_word' id='word_1_107' title='bbox 581 969 669 1014; x_wconf 88' lang='lat' dir='ltr'>quo</span> <span class='ocrx_word' id='word_1_108' title='bbox 694 952 766 997; x_wconf 83' lang='lat' dir='ltr'>illa</span> <span class='ocrx_word' id='word_1_109' title='bbox 789 953 923 997; x_wconf 82' lang='lat' dir='ltr'>herba</span> <span class='ocrx_word' id='word_1_110' title='bbox 941 953 1000 997; x_wconf 88' lang='grc'>510</span> <span class='ocrx_word' id='word_1_111' title='bbox 1017 952 1230 1011; x_wconf 85' lang='lat' dir='ltr'>germinat</span> <span class='ocrx_word' id='word_1_112' title='bbox 1245 989 1256 1008; x_wconf 84' lang='lat'>,</span> <span class='ocrx_word' id='word_1_113' title='bbox 1276 952 1349 997; x_wconf 88' lang='lat' dir='ltr'>illa</span> <span class='ocrx_word' id='word_1_114' title='bbox 1366 954 1425 998; x_wconf 90' lang='lat' dir='ltr'>sie</span> <span class='ocrx_word' id='word_1_115' title='bbox 1443 975 1454 1011; x_wconf 78' lang='lat'>3</span> <span class='ocrx_word' id='word_1_116' title='bbox 1473 953 1547 998; x_wconf 84' lang='lat' dir='ltr'>illa</span> <span class='ocrx_word' id='word_1_117' title='bbox 1570 963 1673 999; x_wconf 81' lang='lat' dir='ltr'>aetas</span> <span class='ocrx_word' id='word_1_118' title='bbox 1690 971 1770 1015; x_wconf 88' lang='lat' dir='ltr'>pa-</span> 
     </span>
     <span class='ocr_line' id='line_1_13' title="bbox 378 1023 1768 1085; baseline 0.001 -17"><span class='ocrx_word' id='word_1_119' title='bbox 378 1025 461 1081; x_wconf 81' lang='lat' dir='ltr'>rit,</span> <span class='ocrx_word' id='word_1_120' title='bbox 481 1024 554 1069; x_wconf 86' lang='lat' dir='ltr'>illa</span> <span class='ocrx_word' id='word_1_121' title='bbox 577 1041 666 1070; x_wconf 89' lang='lat' dir='ltr'>non</span> <span class='ocrx_word' id='word_1_122' title='bbox 688 1025 800 1085; x_wconf 85' lang='lat' dir='ltr'>parit</span> <span class='ocrx_word' id='word_1_123' title='bbox 817 1046 828 1083; x_wconf 77' lang='lat'><em>3</em></span> <span class='ocrx_word' id='word_1_124' title='bbox 847 1025 980 1069; x_wconf 89' lang='lat' dir='ltr'>homo</span> <span class='ocrx_word' id='word_1_125' title='bbox 1003 1023 1126 1084; x_wconf 89' lang='lat' dir='ltr'>loqui</span> <span class='ocrx_word' id='word_1_126' title='bbox 1148 1033 1294 1083; x_wconf 88' lang='lat' dir='ltr'>potest</span> <span class='ocrx_word' id='word_1_127' title='bbox 1309 1060 1319 1079; x_wconf 83' lang='grc'>,</span> <span class='ocrx_word' id='word_1_128' title='bbox 1344 1040 1476 1084; x_wconf 88' lang='lat' dir='ltr'>pecus</span> <span class='ocrx_word' id='word_1_129' title='bbox 1498 1041 1588 1069; x_wconf 90' lang='lat' dir='ltr'>non</span> <span class='ocrx_word' id='word_1_130' title='bbox 1610 1035 1768 1085; x_wconf 85' lang='lat' dir='ltr'>potest.</span> 
     </span>
     <span class='ocr_line' id='line_1_14' title="bbox 379 1094 1773 1150; baseline 0.001 -10"><span class='ocrx_word' id='word_1_131' title='bbox 379 1099 549 1140; x_wconf 89' lang='lat' dir='ltr'>Horum</span> <span class='ocrx_word' id='word_1_132' title='bbox 572 1105 615 1140; x_wconf 89' lang='lat' dir='ltr'>et</span> <span class='ocrx_word' id='word_1_133' title='bbox 637 1095 790 1140; x_wconf 87' lang='lat' dir='ltr'>talium</span> <span class='ocrx_word' id='word_1_134' title='bbox 811 1094 1046 1140; x_wconf 86' lang='lat' dir='ltr'>modorum</span> <span class='ocrx_word' id='word_1_135' title='bbox 1069 1095 1256 1139; x_wconf 85' lang='lat' dir='ltr'>rationes</span> <span class='ocrx_word' id='word_1_136' title='bbox 1276 1130 1286 1150; x_wconf 85' lang='lat'>,</span> <span class='ocrx_word' id='word_1_137' title='bbox 1312 1111 1403 1139; x_wconf 92' lang='lat' dir='ltr'>non</span> <span class='ocrx_word' id='word_1_138' title='bbox 1424 1104 1598 1140; x_wconf 84' lang='lat' dir='ltr'>tantum</span> <span class='ocrx_word' id='word_1_139' title='bbox 1620 1096 1666 1140; x_wconf 91' lang='lat' dir='ltr'>in</span> <span class='ocrx_word' id='word_1_140' title='bbox 1681 1099 1773 1141; x_wconf 90' lang='lat' dir='ltr'>Deo</span> 
     </span>
     <span class='ocr_line' id='line_1_15' title="bbox 379 1166 1775 1229; baseline 0 -16"><span class='ocrx_word' id='word_1_141' title='bbox 379 1179 509 1224; x_wconf 87' lang='lat' dir='ltr'>sunt,</span> <span class='ocrx_word' id='word_1_142' title='bbox 534 1169 613 1213; x_wconf 81' lang='lat' dir='ltr'>sed</span> <span class='ocrx_word' id='word_1_143' title='bbox 641 1169 694 1212; x_wconf 88' lang='lat' dir='ltr'>ab</span> <span class='ocrx_word' id='word_1_144' title='bbox 718 1168 794 1213; x_wconf 89' lang='lat' dir='ltr'>illo</span> <span class='ocrx_word' id='word_1_145' title='bbox 821 1169 951 1212; x_wconf 85' lang='lat' dir='ltr'>etiam</span> <span class='ocrx_word' id='word_1_146' title='bbox 981 1168 1111 1211; x_wconf 85' lang='lat' dir='ltr'>rebus</span> <span class='ocrx_word' id='word_1_147' title='bbox 1142 1166 1294 1211; x_wconf 85' lang='lat' dir='ltr'>creatis</span> <span class='ocrx_word' id='word_1_148' title='bbox 1327 1167 1479 1211; x_wconf 76' lang='lat' dir='ltr'>inditae</span> <span class='ocrx_word' id='word_1_149' title='bbox 1502 1177 1635 1229; x_wconf 88' lang='lat' dir='ltr'>atque</span> <span class='ocrx_word' id='word_1_150' title='bbox 1667 1184 1775 1213; x_wconf 86' lang='lat' dir='ltr'>eon-</span> 
     </span>
     <span class='ocr_line' id='line_1_16' title="bbox 378 1238 1776 1299; baseline -0.001 -14"><span class='ocrx_word' id='word_1_151' title='bbox 378 1251 549 1286; x_wconf 82' lang='lat' dir='ltr'>creatae.</span> <span class='ocrx_word' id='word_1_152' title='bbox 578 1243 634 1285; x_wconf 86' lang='lat' dir='ltr'>Ut</span> <span class='ocrx_word' id='word_1_153' title='bbox 656 1249 802 1284; x_wconf 85' lang='lat' dir='ltr'>autem</span> <span class='ocrx_word' id='word_1_154' title='bbox 821 1239 989 1298; x_wconf 81' lang='lat' dir='ltr'>lignum</span> <span class='ocrx_word' id='word_1_155' title='bbox 1004 1238 1059 1283; x_wconf 92' lang='lat' dir='ltr'>de</span> <span class='ocrx_word' id='word_1_156' title='bbox 1076 1249 1190 1284; x_wconf 82' lang='lat' dir='ltr'>terra</span> <span class='ocrx_word' id='word_1_157' title='bbox 1208 1240 1400 1283; x_wconf 79' lang='lat' dir='ltr'>excisum</span> <span class='ocrx_word' id='word_1_158' title='bbox 1413 1241 1444 1295; x_wconf 72' lang='grc'>1,</span> <span class='ocrx_word' id='word_1_159' title='bbox 1465 1239 1634 1283; x_wconf 83' lang='lat' dir='ltr'>aridum</span> <span class='ocrx_word' id='word_1_160' title='bbox 1648 1275 1658 1294; x_wconf 85' lang='lat'>,</span> <span class='ocrx_word' id='word_1_161' title='bbox 1674 1255 1776 1299; x_wconf 89' lang='lat' dir='ltr'>per-</span> 
     </span>
     <span class='ocr_line' id='line_1_17' title="bbox 378 1309 1775 1373; baseline -0.001 -16"><span class='ocrx_word' id='word_1_162' title='bbox 378 1313 565 1373; x_wconf 86' lang='lat' dir='ltr'>politum</span> <span class='ocrx_word' id='word_1_163' title='bbox 583 1348 592 1367; x_wconf 85' lang='lat'>,</span> <span class='ocrx_word' id='word_1_164' title='bbox 626 1312 717 1356; x_wconf 91' lang='lat' dir='ltr'>sine</span> <span class='ocrx_word' id='word_1_165' title='bbox 739 1309 881 1356; x_wconf 84' lang='lat' dir='ltr'>radice</span> <span class='ocrx_word' id='word_1_166' title='bbox 902 1310 991 1355; x_wconf 87' lang='lat' dir='ltr'>ulla</span> <span class='ocrx_word' id='word_1_167' title='bbox 1007 1347 1018 1366; x_wconf 87' lang='lat'>‚</span> <span class='ocrx_word' id='word_1_168' title='bbox 1041 1311 1133 1355; x_wconf 86' lang='lat' dir='ltr'>sine</span> <span class='ocrx_word' id='word_1_169' title='bbox 1154 1320 1268 1354; x_wconf 83' lang='lat' dir='ltr'>terra</span> <span class='ocrx_word' id='word_1_170' title='bbox 1291 1319 1333 1354; x_wconf 94' lang='lat' dir='ltr'>et</span> <span class='ocrx_word' id='word_1_171' title='bbox 1353 1326 1466 1371; x_wconf 84' lang='lat' dir='ltr'>aqua</span> <span class='ocrx_word' id='word_1_172' title='bbox 1487 1319 1667 1369; x_wconf 88' lang='lat' dir='ltr'>repente</span> <span class='ocrx_word' id='word_1_173' title='bbox 1690 1311 1775 1356; x_wconf 88' lang='lat' dir='ltr'>flo-</span> 
     </span>
     <span class='ocr_line' id='line_1_18' title="bbox 380 1373 1776 1443; baseline -0.001 -15"><span class='ocrx_word' id='word_1_174' title='bbox 380 1394 472 1429; x_wconf 86' lang='lat' dir='ltr'>reat</span> <span class='ocrx_word' id='word_1_175' title='bbox 490 1420 500 1439; x_wconf 82' lang='lat'>‚</span> <span class='ocrx_word' id='word_1_176' title='bbox 526 1393 569 1427; x_wconf 91' lang='lat' dir='ltr'>et</span> <span class='ocrx_word' id='word_1_177' title='bbox 590 1381 783 1427; x_wconf 84' lang='lat' dir='ltr'>fructum</span> <span class='ocrx_word' id='word_1_178' title='bbox 806 1383 956 1442; x_wconf 82' lang='lat' dir='ltr'>gignat</span> <span class='ocrx_word' id='word_1_179' title='bbox 972 1418 982 1438; x_wconf 88' lang='grc'>,</span> <span class='ocrx_word' id='word_1_180' title='bbox 1008 1392 1059 1426; x_wconf 86' lang='grc'>111</span> <span class='ocrx_word' id='word_1_181' title='bbox 1079 1373 1570 1443; x_wconf 55' lang='lat' dir='ltr'>pefjuventam&#39;sterilis</span> <span class='ocrx_word' id='word_1_182' title='bbox 1593 1381 1776 1427; x_wconf 82' lang='lat' dir='ltr'>foemina</span> 
     </span>
     <span class='ocr_line' id='line_1_19' title="bbox 380 1453 1776 1515; baseline -0.001 -14"><span class='ocrx_word' id='word_1_183' title='bbox 380 1458 426 1501; x_wconf 86' lang='lat' dir='ltr'>in</span> <span class='ocrx_word' id='word_1_184' title='bbox 453 1465 626 1501; x_wconf 80' lang='lat' dir='ltr'>senecta</span> <span class='ocrx_word' id='word_1_185' title='bbox 643 1456 804 1515; x_wconf 81' lang='lat' dir='ltr'>pariat,</span> <span class='ocrx_word' id='word_1_186' title='bbox 831 1464 881 1498; x_wconf 90' lang='lat' dir='ltr'>ut</span> <span class='ocrx_word' id='word_1_187' title='bbox 908 1455 1025 1499; x_wconf 80' lang='lat' dir='ltr'>asina</span> <span class='ocrx_word' id='word_1_188' title='bbox 1047 1453 1270 1515; x_wconf 76' lang='lat' dir='ltr'>loquatur,</span> <span class='ocrx_word' id='word_1_189' title='bbox 1297 1463 1340 1498; x_wconf 84' lang='lat' dir='ltr'>et</span> <span class='ocrx_word' id='word_1_190' title='bbox 1362 1454 1395 1498; x_wconf 91' lang='grc'>51</span> <span class='ocrx_word' id='word_1_191' title='bbox 1425 1454 1532 1515; x_wconf 83' lang='lat' dir='ltr'>quid</span> <span class='ocrx_word' id='word_1_192' title='bbox 1562 1454 1776 1514; x_wconf 86' lang='lat' dir='ltr'>ejusmodi</span> 
     </span>
     <span class='ocr_line' id='line_1_20' title="bbox 381 1526 1775 1588; baseline -0.002 -14"><span class='ocrx_word' id='word_1_193' title='bbox 381 1539 469 1584; x_wconf 90' lang='grc'>051,</span> <span class='ocrx_word' id='word_1_194' title='bbox 494 1528 614 1573; x_wconf 86' lang='lat' dir='ltr'>dedit</span> <span class='ocrx_word' id='word_1_195' title='bbox 638 1526 817 1588; x_wconf 84' lang='lat' dir='ltr'>quidem</span> <span class='ocrx_word' id='word_1_196' title='bbox 835 1527 999 1571; x_wconf 87' lang='lat' dir='ltr'>naturis</span> <span class='ocrx_word' id='word_1_197' title='bbox 1016 1562 1026 1582; x_wconf 92' lang='grc'>,</span> <span class='ocrx_word' id='word_1_198' title='bbox 1053 1543 1160 1587; x_wconf 85' lang='lat' dir='ltr'>quas</span> <span class='ocrx_word' id='word_1_199' title='bbox 1185 1527 1366 1582; x_wconf 79' lang='lat' dir='ltr'>creavit,</span> <span class='ocrx_word' id='word_1_200' title='bbox 1392 1535 1512 1570; x_wconf 81' lang='grc' dir='ltr'>111οΧ</span> <span class='ocrx_word' id='word_1_201' title='bbox 1534 1526 1593 1570; x_wconf 90' lang='lat' dir='ltr'>eis</span> <span class='ocrx_word' id='word_1_202' title='bbox 1616 1535 1659 1571; x_wconf 91' lang='lat' dir='ltr'>et</span> <span class='ocrx_word' id='word_1_203' title='bbox 1680 1528 1775 1572; x_wconf 87' lang='lat' dir='ltr'>haec</span> 
     </span>
     <span class='ocr_line' id='line_1_21' title="bbox 379 1596 1776 1659; baseline -0.001 -15"><span class='ocrx_word' id='word_1_204' title='bbox 379 1601 473 1644; x_wconf 81' lang='lat' dir='ltr'>fieri</span> <span class='ocrx_word' id='word_1_205' title='bbox 492 1608 688 1659; x_wconf 73' lang='lat' dir='ltr'>possent3</span> <span class='ocrx_word' id='word_1_206' title='bbox 709 1604 873 1658; x_wconf 85' lang='lat' dir='ltr'>(neque</span> <span class='ocrx_word' id='word_1_207' title='bbox 895 1598 1013 1641; x_wconf 88' lang='lat' dir='ltr'>enim</span> <span class='ocrx_word' id='word_1_208' title='bbox 1030 1613 1081 1640; x_wconf 82' lang='lat' dir='ltr'>ex</span> <span class='ocrx_word' id='word_1_209' title='bbox 1103 1598 1161 1641; x_wconf 87' lang='lat' dir='ltr'>eis</span> <span class='ocrx_word' id='word_1_210' title='bbox 1182 1596 1253 1641; x_wconf 83' lang='lat' dir='ltr'>vel</span> <span class='ocrx_word' id='word_1_211' title='bbox 1280 1596 1354 1640; x_wconf 92' lang='grc'>1110</span> <span class='ocrx_word' id='word_1_212' title='bbox 1370 1596 1534 1641; x_wconf 82' lang='lat' dir='ltr'>faceret</span> <span class='ocrx_word' id='word_1_213' title='bbox 1551 1633 1561 1653; x_wconf 83' lang='grc'>,</span> <span class='ocrx_word' id='word_1_214' title='bbox 1586 1598 1708 1658; x_wconf 87' lang='lat' dir='ltr'>quod</span> <span class='ocrx_word' id='word_1_215' title='bbox 1725 1613 1776 1642; x_wconf 82' lang='lat' dir='ltr'>ex</span> 
     </span>
     <span class='ocr_line' id='line_1_22' title="bbox 382 1668 1777 1729; baseline -0.001 -14"><span class='ocrx_word' id='word_1_216' title='bbox 382 1673 440 1716; x_wconf 86' lang='lat' dir='ltr'>eis</span> <span class='ocrx_word' id='word_1_217' title='bbox 467 1672 559 1714; x_wconf 81' lang='lat' dir='ltr'>fieri</span> <span class='ocrx_word' id='word_1_218' title='bbox 586 1687 675 1715; x_wconf 88' lang='lat' dir='ltr'>non</span> <span class='ocrx_word' id='word_1_219' title='bbox 703 1684 826 1729; x_wconf 82' lang='lat' dir='ltr'>posse</span> <span class='ocrx_word' id='word_1_220' title='bbox 859 1669 949 1729; x_wconf 87' lang='lat' dir='ltr'>ipse</span> <span class='ocrx_word' id='word_1_221' title='bbox 974 1670 1215 1728; x_wconf 76' lang='lat' dir='ltr'>praefigeret</span> <span class='ocrx_word' id='word_1_222' title='bbox 1233 1703 1242 1719; x_wconf 89' lang='lat'>,</span> <span class='ocrx_word' id='word_1_223' title='bbox 1268 1668 1477 1729; x_wconf 83' lang='lat' dir='ltr'>quoniam</span> <span class='ocrx_word' id='word_1_224' title='bbox 1500 1684 1543 1712; x_wconf 91' lang='lat' dir='ltr'>se</span> <span class='ocrx_word' id='word_1_225' title='bbox 1565 1669 1659 1729; x_wconf 88' lang='lat' dir='ltr'>ipso</span> <span class='ocrx_word' id='word_1_226' title='bbox 1686 1685 1777 1714; x_wconf 88' lang='lat' dir='ltr'>non</span> 
     </span>
     <span class='ocr_line' id='line_1_23' title="bbox 383 1738 1776 1800; baseline -0.001 -15"><span class='ocrx_word' id='word_1_227' title='bbox 383 1752 543 1785; x_wconf 82' lang='lat' dir='ltr'>estnec</span> <span class='ocrx_word' id='word_1_228' title='bbox 565 1742 654 1800; x_wconf 83' lang='lat' dir='ltr'>ipse</span> <span class='ocrx_word' id='word_1_229' title='bbox 676 1740 918 1799; x_wconf 84' lang='lat' dir='ltr'>potentior:</span> <span class='ocrx_word' id='word_1_230' title='bbox 942 1744 1274 1795; x_wconf 80' lang='lat' dir='ltr'>&gt;vertuntamen</span> <span class='ocrx_word' id='word_1_231' title='bbox 1296 1738 1380 1783; x_wconf 86' lang='lat' dir='ltr'>alio</span> <span class='ocrx_word' id='word_1_232' title='bbox 1402 1738 1534 1783; x_wconf 89' lang='lat' dir='ltr'>modo</span> <span class='ocrx_word' id='word_1_233' title='bbox 1557 1738 1679 1784; x_wconf 89' lang='lat' dir='ltr'>dedit</span> <span class='ocrx_word' id='word_1_234' title='bbox 1694 1775 1704 1795; x_wconf 86' lang='lat'>‚</span> <span class='ocrx_word' id='word_1_235' title='bbox 1726 1749 1776 1784; x_wconf 85' lang='lat' dir='ltr'>ut</span> 
     </span>
     <span class='ocr_line' id='line_1_24' title="bbox 386 1808 1776 1871; baseline -0.001 -15"><span class='ocrx_word' id='word_1_236' title='bbox 386 1829 476 1857; x_wconf 88' lang='lat' dir='ltr'>non</span> <span class='ocrx_word' id='word_1_237' title='bbox 507 1813 601 1855; x_wconf 83' lang='lat' dir='ltr'>haec</span> <span class='ocrx_word' id='word_1_238' title='bbox 634 1811 847 1854; x_wconf 83' lang='lat' dir='ltr'>haberent</span> <span class='ocrx_word' id='word_1_239' title='bbox 874 1810 920 1853; x_wconf 87' lang='lat' dir='ltr'>in</span> <span class='ocrx_word' id='word_1_240' title='bbox 948 1820 1072 1854; x_wconf 88' lang='lat' dir='ltr'>motu</span> <span class='ocrx_word' id='word_1_241' title='bbox 1100 1808 1310 1865; x_wconf 79' lang='lat' dir='ltr'>naturali,</span> <span class='ocrx_word' id='word_1_242' title='bbox 1343 1810 1488 1854; x_wconf 84' lang='lat' dir='ltr'>sedin</span> <span class='ocrx_word' id='word_1_243' title='bbox 1515 1826 1566 1854; x_wconf 91' lang='lat' dir='ltr'>eo</span> <span class='ocrx_word' id='word_1_244' title='bbox 1598 1827 1687 1871; x_wconf 87' lang='lat' dir='ltr'>quo</span> <span class='ocrx_word' id='word_1_245' title='bbox 1718 1811 1776 1855; x_wconf 82' lang='lat' dir='ltr'>ita</span> 
     </span>
     <span class='ocr_line' id='line_1_25' title="bbox 386 1881 1776 1942; baseline -0.001 -14"><span class='ocrx_word' id='word_1_246' title='bbox 386 1892 529 1929; x_wconf 79' lang='lat' dir='ltr'>creata</span> <span class='ocrx_word' id='word_1_247' title='bbox 563 1891 703 1926; x_wconf 87' lang='lat' dir='ltr'>essent</span> <span class='ocrx_word' id='word_1_248' title='bbox 720 1917 731 1936; x_wconf 90' lang='grc'>,</span> <span class='ocrx_word' id='word_1_249' title='bbox 758 1890 808 1925; x_wconf 87' lang='grc'>111</span> <span class='ocrx_word' id='word_1_250' title='bbox 828 1896 980 1926; x_wconf 87' lang='lat' dir='ltr'>eorum</span> <span class='ocrx_word' id='word_1_251' title='bbox 1003 1891 1159 1926; x_wconf 82' lang='lat' dir='ltr'>natura</span> <span class='ocrx_word' id='word_1_252' title='bbox 1180 1881 1395 1927; x_wconf 83' lang='lat' dir='ltr'>voluntati</span> <span class='ocrx_word' id='word_1_253' title='bbox 1417 1881 1652 1942; x_wconf 85' lang='lat' dir='ltr'>potentiori</span> <span class='ocrx_word' id='word_1_254' title='bbox 1681 1897 1776 1927; x_wconf 86' lang='lat' dir='ltr'>am-</span> 
     </span>
     <span class='ocr_line' id='line_1_26' title="bbox 383 1954 774 2014; baseline -0.003 -16"><span class='ocrx_word' id='word_1_255' title='bbox 383 1954 497 2014; x_wconf 81' lang='lat' dir='ltr'>plius</span> <span class='ocrx_word' id='word_1_256' title='bbox 518 1954 774 2014; x_wconf 70' lang='lat' dir='ltr'>subjaceret.</span> 
     </span>
    </p>
   </div>
   <div class='ocr_carea' id='block_1_3' title="bbox 437 2051 1775 2096">
    <p class='ocr_par' dir='ltr' id='par_1_3' title="bbox 437 2051 1775 2096">
     <span class='ocr_line' id='line_1_27' title="bbox 437 2051 1775 2096; baseline 0.001 -13"><span class='ocrx_word' id='word_1_257' title='bbox 437 2059 446 2074; x_wconf 77' lang='lat'>¹</span> <span class='ocrx_word' id='word_1_258' title='bbox 468 2064 480 2083; x_wconf 84' lang='lat'>1</span> <span class='ocrx_word' id='word_1_259' title='bbox 501 2053 590 2084; x_wconf 84' lang='lat' dir='ltr'>Sent.</span> <span class='ocrx_word' id='word_1_260' title='bbox 604 2051 681 2084; x_wconf 84' lang='lat' dir='ltr'>dist.</span> <span class='ocrx_word' id='word_1_261' title='bbox 700 2061 792 2090; x_wconf 74' lang='lat' dir='ltr'>xvux,</span> <span class='ocrx_word' id='word_1_262' title='bbox 802 2062 873 2094; x_wconf 83' lang='lat' dir='ltr'>cap.</span> <span class='ocrx_word' id='word_1_263' title='bbox 891 2051 1059 2085; x_wconf 80' lang='lat' dir='ltr'>Omnium.</span> <span class='ocrx_word' id='word_1_264' title='bbox 1081 2053 1174 2085; x_wconf 85' lang='lat' dir='ltr'>Num.</span> <span class='ocrx_word' id='word_1_265' title='bbox 1192 2063 1271 2094; x_wconf 84' lang='lat' dir='ltr'>xvu,</span> <span class='ocrx_word' id='word_1_266' title='bbox 1287 2051 1317 2084; x_wconf 86' lang='lat'>8.</span> <span class='ocrx_word' id='word_1_267' title='bbox 1340 2054 1420 2085; x_wconf 85' lang='lat' dir='ltr'>Gen.</span> <span class='ocrx_word' id='word_1_268' title='bbox 1436 2062 1502 2095; x_wconf 78' lang='lat' dir='ltr'>xxi,</span> <span class='ocrx_word' id='word_1_269' title='bbox 1518 2063 1550 2096; x_wconf 81' lang='lat'>2,</span> <span class='ocrx_word' id='word_1_270' title='bbox 1567 2063 1598 2084; x_wconf 92' lang='lat' dir='ltr'>n.</span> <span class='ocrx_word' id='word_1_271' title='bbox 1620 2058 1698 2095; x_wconf 69' lang='grc'>511111,</span> <span class='ocrx_word' id='word_1_272' title='bbox 1720 2053 1775 2085; x_wconf 81' lang='lat'>28.</span> 
     </span>
    </p>
   </div>
  </div>
 </body>
</html>
