1854 3219
391 232 444 258 m:
476 230 627 258 GENEsr
659 228 713 256 An
746 226 987 266 LITTERAM,
1023 229 1104 255 Lm.
1142 228 1201 254 1v.
1416 216 1500 254 279

113 298 205 358 prie
226 296 386 342 dieitur
406 296 453 340 in
479 294 624 354 spatiis
642 329 652 349 ,
678 309 778 354 quae
805 292 1060 351 corporibus
1090 299 1364 351 occupantur
1388 306 1397 331 t
1425 292 1501 335 scd

114 369 217 429 quia
248 376 292 411 et
319 367 411 427 ipsa
436 380 618 424 corpora
646 380 736 408 non
766 372 946 407 manent
975 364 1022 406 in
1048 362 1168 418 loco,
1203 362 1283 406 nisi
1316 378 1404 422 quo
1436 364 1503 407 sui

114 437 318 500 ponderis
346 446 557 497 tanquam
582 434 780 495 appetitu
800 434 1083 494 perveniunt,
1113 442 1165 478 ut
1196 449 1247 478 eo
1279 443 1504 493 comperto

112 510 410 571 requiescant3
442 507 542 552 ideo
571 522 663 551 non
690 506 1029 565 incongruenter
1065 520 1090 549 a
1121 504 1422 565 corporalibus
1449 506 1507 552 ad

112 580 323 642 spiritalia
342 579 528 626 verbum
557 576 832 634 transfertur,
861 585 914 635 ut
944 575 1115 621 dicatur
1134 575 1280 632 locus,
1316 591 1418 621 cum
1439 593 1508 623 res

112 653 206 713 ipsa
227 651 469 713 plurimum
491 649 637 695 distet.

171 725 356 768 XXXV.
383 722 566 769 Initium
586 735 690 781 ergo
711 729 921 766 creaturae
949 719 996 764 in
1023 720 1170 780 quiete
1191 719 1406 766 Creatoris
1432 718 1509 765 illo

114 810 244 847 mane
255 793 548 854 significatum
560 792 763 849 arbitror,
779 790 903 853 quod
916 790 1083 836 factum
1100 800 1164 836 est
1178 799 1277 852 post
1287 806 1511 851 vesperam

113 867 224 912 sexti
239 866 326 912 diei
342 888 354 925 3
374 882 464 911 non
479 865 597 910 enim
609 873 755 925 posset
767 864 814 908 in
827 863 904 909 illo
915 864 997 908 nisi
1011 862 1203 923 perfecta
1214 863 1486 924 requiescere
1499 882 1508 908 :

113 936 298 999 proinde
325 946 445 982 sexto
476 936 547 981 die
575 935 884 981 consummatis
912 934 1142 991 omnibus,
1176 933 1380 996 factaque
1411 950 1510 980 ves-

112 1024 240 1069 pera,
271 1006 439 1053 factum
465 1017 530 1052 est
563 1017 606 1052 et
638 1022 800 1066 mane,
835 1021 923 1068 quo
954 1005 1167 1066 inciperet
1207 1015 1509 1051 consummata

113 1089 313 1140 creatura
342 1080 389 1125 in
409 1079 485 1124 illo
512 1095 537 1125 a
563 1095 653 1140 quo
684 1077 801 1131 facta
831 1088 896 1122 est
927 1077 1212 1140 requiescere.
1251 1081 1350 1131 Quo
1383 1077 1509 1123 initio

113 1155 254 1197 Deum
275 1151 322 1196 in
350 1166 394 1196 se
417 1151 510 1211 ipso
538 1150 906 1212 requiescentem,
938 1148 1018 1194 ubi
1046 1158 1090 1193 et
1116 1150 1208 1210 ipsa
1238 1149 1508 1210 requiescere

113 1231 258 1283 posset
277 1222 445 1276 invenit
461 1257 472 1278 ,
493 1230 617 1266 tanto
644 1221 840 1266 stabilius
862 1230 994 1282 atque
1014 1220 1205 1277 firmius,
1231 1230 1399 1281 quanto
1416 1223 1509 1280 ipsa

114 1293 230 1338 illius
241 1329 251 1349 ,
275 1309 365 1338 non
382 1292 454 1337 ille
470 1293 600 1353 hujus
617 1292 738 1352 eguit
755 1291 811 1337 ad
827 1293 1020 1354 quietem
1037 1308 1175 1337 suam.
1195 1293 1280 1337 Sed
1299 1293 1506 1353 quoniam

112 1364 332 1426 quidquid
353 1365 434 1409 erit
454 1365 657 1410 universa
679 1374 876 1409 creatura
894 1363 1167 1425 quibuslibet
1187 1363 1508 1408 mutationibus

113 1437 226 1492 suis,
265 1450 356 1481 non
389 1436 543 1496 utique
574 1436 684 1480 nihil
723 1438 824 1492 erit,
866 1436 965 1481 ideo
994 1446 1190 1481 creatura
1228 1437 1430 1481 universa
1460 1436 1506 1480 in

113 1509 317 1554 Creatore
339 1522 418 1551 suo
435 1521 604 1566 semper
624 1507 843 1566 manebit3
867 1523 916 1551 ac
933 1522 1011 1567 per
1028 1508 1112 1553 hoc
1127 1516 1225 1567 post
1244 1506 1356 1552 illud
1377 1521 1505 1551 mane

113 1577 236 1624 nulla
257 1577 417 1623 deinde
437 1593 616 1638 vespera
632 1576 732 1622 fuit.

114 1723 1501 1742 WWWWWQMWWWWWWWQMA'WRNWWWWWWWWVUWWWWW

604 1846 823 1897 CAPUT
866 1842 1024 1896 XIX1.

156 1994 277 2043 Alia
300 1997 427 2042 ratio
444 2011 542 2056 qua
560 1993 844 2057 intelligitur
861 1994 1091 2054 septimus
1112 1991 1214 2039 dies
1236 1990 1462 2038 habuisse

553 2081 699 2111 mane
715 2081 820 2110 szne
837 2081 1057 2125 vespera.

170 2202 377 2245 XXXVI.
403 2203 495 2245 Hoc
517 2199 703 2245 diximus
719 2235 730 2256 ,
758 2216 836 2245 cur
857 2201 1065 2261 septimus
1098 2199 1215 2256 dies,
1246 2200 1292 2244 in
1323 2215 1412 2261 quo
1434 2215 1505 2244 re-

113 2271 278 2334 quievit
311 2274 426 2319 Deus
448 2271 504 2314 ab
533 2272 735 2316 omnibus
766 2272 969 2331 operibus
1000 2271 1108 2327 suis,
1144 2286 1273 2315 mane
1301 2271 1507 2316 habuerit

113 2354 211 2406 post
240 2359 465 2403 vesperam
488 2344 622 2398 sexti,
655 2359 880 2402 vesperam
911 2359 1015 2388 vero
1048 2360 1138 2388 non
1170 2343 1375 2388 habuerit
1402 2363 1410 2388 z
1441 2353 1505 2388 est

115 2414 233 2465 aliud
263 2413 383 2476 quod
408 2414 463 2458 de
483 2415 565 2459 hae
587 2430 632 2457 re
662 2413 796 2471 magis
821 2415 995 2474 proprie
1017 2416 1149 2475 atque
1170 2413 1326 2458 melius
1348 2415 1502 2474 possit,

115 2476 329 2548 quantum
354 2485 574 2538 existimo,
600 2483 805 2543 intelligi,
838 2485 911 2529 sed
936 2484 1159 2546 aliquanto
1182 2485 1400 2530 difficilius
1428 2501 1503 2528 ex-

163 2591 170 2607 ยน
189 2584 269 2620 Male
287 2582 368 2618 editi
386 2588 482 2625 caput
501 2594 552 2623 iux
572 2582 719 2625 aperiunt
734 2581 781 2613 his
806 2581 912 2614 verbis
929 2594 935 2612 ฯ
952 2583 1021 2614 Est
1034 2581 1141 2620 aliud,
1161 2587 1224 2615 etc.
