1854 3219
360 223 413 249 DE
444 221 596 249 mmm
627 220 682 247 AD
714 220 957 259 Lunum,
994 222 1074 248 mn.
1110 222 1190 248 xn.
1378 210 1462 249 615

82 288 186 342 hm,
207 285 270 334 illi
290 285 443 331 visioni
463 284 701 344 expressius
726 293 1014 343 praesentatur
1035 300 1126 330 non
1147 285 1293 345 spatiis
1312 284 1462 330 locali-

81 359 190 414 bus,
214 355 291 403 sed
310 355 443 402 modo
464 354 656 416 quodam
678 370 779 411 suo,
804 356 934 400 etiam
961 370 1090 416 supra
1117 355 1152 400 si
1182 355 1303 401 videt
1323 354 1434 401 illud
1451 392 1463 414 ‚

81 445 172 490 quo
188 427 340 490 adjuta
358 425 480 473 videt
499 424 719 487 quidquid
739 426 870 471 etiam
889 426 936 473 in
958 442 1002 472 se
1022 425 1307 489 intelligendo
1329 427 1462 473 videt.

80 583 1467 606 UWWWWWWWWWWWWWUVWWVWUWVVWUM‘WWWWWUVWWWWWM

535 693 753 742 CAPUT
789 695 997 743 XXXIl.

301 841 488 887 Anima
510 855 711 902 corpore
730 849 904 898 exuta,
923 840 1238 907 quofhratur.

139 976 232 1021 Lx.
254 977 302 1021 S1
325 985 475 1025 autem
507 976 735 1037 quaeritur,
761 988 863 1021 cum
892 977 1036 1021 anima
1068 976 1123 1022 de
1144 988 1326 1038 corpore
1347 977 1466 1022 exie-

79 1046 160 1103 rit,
182 1055 333 1091 utrum
365 1045 421 1091 ad
452 1045 598 1108 aliqua
619 1047 715 1092 loca
737 1046 979 1107 corporalia
1001 1047 1166 1092 feratur
1181 1083 1192 1103 ‚
1234 1063 1290 1093 an
1321 1047 1377 1093 ad
1397 1048 1467 1093 in-

78 1110 324 1181 corporalia
355 1117 655 1182 corporalibus
697 1117 873 1174 similia,
922 1133 977 1162 an
1010 1132 1112 1163 vero
1144 1133 1225 1163 nec
1263 1117 1318 1163 ad
1344 1118 1465 1179 ipsa,

77 1188 156 1237 sed
176 1188 231 1233 ad
263 1187 375 1233 illud
409 1189 529 1249 quod
559 1198 605 1234 et
625 1188 880 1249 corporibus
913 1197 955 1233 et
984 1187 1338 1234 similitudinibus
1370 1205 1467 1235 cora-

77 1275 235 1321 porum
268 1269 332 1304 est
369 1252 671 1318 excellentius3
709 1260 795 1305 cito
832 1259 1010 1321 quidem
1054 1259 1372 1320 responderim,
1413 1260 1470 1307 ad

77 1330 317 1392 corporalia
332 1331 427 1376 loca
446 1346 539 1380 eam
557 1331 627 1381 vel
648 1347 738 1376 non
754 1331 857 1375 ferri
874 1331 956 1375 nisi
968 1346 1070 1376 eum
1088 1330 1235 1392 aliquo
1257 1344 1438 1392 corpore
1454 1368 1467 1390 ,

75 1401 146 1446 vel
163 1417 253 1446 non
270 1401 466 1451 localiter
486 1400 605 1446 ferri.
631 1404 725 1446 Jam
750 1410 899 1446 utrum
912 1401 1074 1446 habeat
1096 1401 1272 1462 aliquod
1291 1396 1466 1464 corpus,

77 1487 178 1520 cum
201 1472 256 1516 de
278 1473 362 1517 hoc
385 1487 565 1534 corpore
582 1472 756 1527 exierit,
781 1472 981 1516 ostendat
1003 1471 1079 1532 qui
1095 1480 1262 1531 potest,
1283 1487 1365 1531 ego
1388 1488 1468 1518 au-

76 1552 165 1587 tem
180 1558 270 1587 non
291 1552 400 1603 puto
427 1563 435 1588 :
461 1542 700 1602 spiritalem
718 1543 835 1586 enim
857 1542 1044 1586 arbitror
1061 1556 1171 1597 esse,
1196 1557 1287 1587 non
1308 1558 1467 1604 corpo-

75 1612 225 1658 ralem.
246 1611 316 1658 Ad
337 1613 543 1674 spiritalia
566 1625 669 1657 Vero
690 1628 771 1673 pro
804 1612 967 1656 meritis
989 1610 1149 1666 fertur,
1191 1622 1266 1657 aut
1287 1613 1343 1657 ad
1371 1613 1469 1661 loca

74 1676 268 1745 poenalia
289 1682 443 1728 similia
458 1684 714 1744 corporibus
737 1703 746 1729 :
764 1683 910 1744 qualia
927 1699 1041 1743 saepe
1056 1682 1352 1729 demonstrata
1365 1695 1469 1732 sunt

75 1755 123 1800 iis
147 1755 225 1817 qui
248 1754 360 1815 rapti
381 1764 484 1799 sunt
506 1770 529 1798 a
552 1755 744 1814 eorporis
781 1754 978 1798 sensibus
992 1789 1004 1810 ‚
1029 1764 1073 1799 et
1103 1755 1285 1800 mortuis
1308 1755 1468 1801 similes

69 1828 326 1888 jacuerunt,
351 1835 394 1870 et
416 1825 651 1870 infernales
673 1841 826 1886 poenas
848 1824 1080 1882 viderunt,
1106 1841 1208 1870 cum
1246 1835 1289 1870 et
1318 1826 1401 1887 ipsi
1421 1828 1468 1873 in

75 1910 120 1944 se
148 1899 250 1962 ipsis
279 1906 479 1958 gererent
512 1896 749 1959 quamdam
779 1896 1110 1942 similitudinem
1142 1899 1334 1958 eorporis
1371 1901 1463 1956 sui,

74 1974 153 2032 p'er
179 1985 313 2031 quam
338 1978 515 2029 possent
545 1967 601 2012 ad
632 1966 706 2012 illa
736 1967 867 2025 ferri,
903 1978 947 2012 et
978 1968 1080 2012 talia
1108 1967 1467 2015 similitudinibus

75 2056 280 2087 sensuum
309 2038 504 2100 experiri.
540 2042 692 2100 Neque
721 2039 838 2083 enim
867 2038 996 2084 video
1026 2035 1104 2084 eur
1131 2040 1293 2085 habeat
1324 2042 1466 2087 anima

74 2109 402 2157 similitudinem
425 2111 614 2171 corporis
636 2110 725 2166 sui,
766 2125 867 2155 cum
890 2111 1062 2172 jacente
1089 2111 1180 2155 sine
1213 2127 1340 2156 sensu
1371 2113 1464 2173 ipso

74 2198 280 2243 corpore,
324 2180 523 2229 nondum
547 2191 693 2226 tamen
726 2183 900 2242 penitus
931 2191 1132 2238 mortuo,
1172 2183 1292 2228 videt
1328 2184 1430 2229 talia
1448 2220 1459 2241 ‚

74 2253 219 2317 qualia
239 2253 369 2318 multi
385 2269 437 2297 ex
452 2253 526 2298 illa
543 2252 833 2299 subductione
849 2253 954 2298 vivis
973 2253 1132 2299 redditi
1157 2266 1459 2312 narraverunt,

75 2334 119 2370 et
135 2340 225 2369 non
239 2323 401 2369 habeat
416 2340 518 2368 eum
530 2323 722 2384 perfecta
738 2334 877 2370 morte
894 2326 1065 2386 penitus
1083 2325 1138 2370 de
1150 2342 1331 2386 corpore
1343 2327 1461 2371 exie-

75 2396 146 2440 rit.
177 2398 267 2440 Aut
295 2411 397 2455 ergo
426 2394 482 2439 ad
512 2393 586 2439 illa
607 2394 747 2441 fertur
777 2395 989 2457 poenalia,
1026 2405 1102 2440 aut
1135 2396 1192 2442 ad
1214 2396 1286 2441 illa
1311 2396 1460 2443 itidem

76 2465 230 2510 similia
258 2465 554 2525 corporalibus
561 2502 576 2523 ,
609 2482 688 2513 nec
728 2477 876 2513 tamen
908 2482 1167 2527 poenarum,
1199 2468 1275 2513 sed
1304 2468 1462 2529 quietis

78 2547 209 2598 atque
230 2537 502 2597 gaudiorum.
