1854 3219
329 219 384 246 DE
415 218 566 246 enm-:m
599 216 654 245 An
685 219 933 261 LITTERAM‚
968 223 1050 251 Lm.
1088 225 1149 251 xl.
1351 211 1434 252 543

51 386 819 405 mmmmmvvtmmm
822 387 1432 405 MMWUWWUSMMMWUWW

533 509 750 559 CAPUT
784 511 967 559 XXVI.

201 641 457 688 Conclusio
478 639 540 688 de
560 639 750 688 diabole·
770 641 1043 689 conditione
1062 651 1108 688 et
1131 640 1285 704 lapsu.

109 781 321 824 XXXIII.
357 781 519 823 VERUM
542 778 644 840 quia
663 779 847 838 longum
867 789 951 835 est,
982 788 1025 824 et
1042 779 1176 824 alium
1192 793 1437 824 sermonem

50 851 178 908 exigit
198 849 339 894 eidem
357 857 529 893 tantum
551 850 779 910 quaestioni
805 850 1063 909 deputatum
1076 885 1086 905 ‚
1112 865 1230 894 nunc
1251 849 1438 893 sufficiat

49 922 130 966 ista
151 920 415 980 complexio,
446 930 521 964 aut
551 921 606 964 ab
635 921 757 965 initio
779 921 1038 965 conditionis
1061 936 1149 965 suae
1172 919 1396 964 diabolum
1414 935 1435 964 a

48 992 337 1048 beatitudlne,
352 1008 502 1053 quam,
525 992 558 1036 si
580 990 802 1048 voluisset,
822 1001 1102 1052 percepturus
1126 992 1284 1046 fuerat,
1305 990 1438 1050 impia

48 1063 252 1124 superbia
272 1063 475 1107 cecidisse
491 1099 502 1118 ,
528 1072 603 1106 aut
619 1063 724 1107 alios
747 1078 836 1107 esse
852 1062 1042 1121 Angelos
1064 1061 1278 1106 inferioris
1294 1061 1440 1104 minis·

49 1134 146 1178 terii
167 1134 209 1177 in
238 1134 322 1178 hoc
345 1133 513 1177 mundo
528 1168 538 1188 ,
563 1133 676 1176 inter
711 1132 1085 1193 quossecrmdum
1106 1147 1257 1176 eorum
1280 1147 1437 1192 quam-

49 1204 152 1249 dam
183 1219 273 1248 non
305 1203 528 1263 praesciam
556 1201 874 1247 beatitudinem
907 1202 1095 1257 vixerat,
1133 1211 1176 1246 et
1203 1217 1225 1246 a
1249 1217 1439 1262 quorum

47 1274 252 1319 societate
273 1288 375 1318 cum
397 1273 478 1316 sibi
503 1272 689 1317 subditis
720 1272 883 1332 angelis
906 1273 993 1317 suis
1022 1282 1231 1334 tanquam
1255 1273 1440 1317 archan-

48 1343 170 1403 gelus
191 1342 347 1389 cecidit
368 1358 446 1403 per
468 1343 700 1403 superbam
719 1343 986 1403 impietatem
1003 1365 1013 1402 3
1033 1344 1067 1388 si
1087 1344 1171 1388 hoc
1193 1343 1285 1388 ullo
1307 1343 1440 1392 modo

47 1415 175 1459 asseri
196 1422 362 1474 potest,
388 1412 510 1474 quod
532 1413 692 1457 mirum
719 1413 753 1457 si
774 1423 918 1473 potest
941 1434 949 1458 ;
977 1423 1054 1458 aut
1083 1423 1199 1458 certe
1227 1414 1441 1458 rationem

48 1483 381 1545 requirendam,
420 1483 797 1543 quemadmodum
834 1499 983 1528 omnes
1017 1484 1156 1529 sancti
1190 1484 1370 1543 Angeli‚
1407 1483 1442 1527 si

47 1555 162 1599 inter
185 1553 280 1598 illos
303 1553 540 1614 aliquando
569 1555 730 1614 pariter
750 1554 903 1598 beatus
927 1570 1028 1599 cum
1055 1555 1141 1599 suis
1164 1554 1323 1613 angelis
1347 1553 1440 1598 dia-

47 1625 177 1670 bolus
198 1625 325 1681 vixit,
356 1625 556 1669 nondum
596 1624 832 1669 habuerint
868 1625 998 1669 etiam
1036 1625 1116 1685 ipsi
1146 1634 1306 1669 certam
1328 1641 1442 1685 prae-

49 1695 273 1742 scientiam
301 1705 525 1756 perpetuae
548 1695 768 1741 felicitatis
796 1712 906 1752 suae,
940 1696 1017 1741 sed
1045 1712 1139 1740 eam
1170 1705 1267 1756 post
1297 1712 1443 1741 casum

51 1769 142 1829 ejus
166 1767 413 1827 acceperint
434 1786 443 1811 :
465 1776 540 1810 aut
555 1782 643 1827 quo
665 1767 824 1811 merito
842 1776 942 1810 ante
961 1782 1089 1811 suum
1103 1777 1333 1827 peccatum
1355 1767 1444 1812 dia-

50 1837 181 1883 bolus
204 1853 307 1882 cum
328 1837 452 1881 sociis
475 1837 562 1881 suis
599 1853 622 1880 a
649 1837 814 1881 caeteris
839 1836 1017 1896 Angelis
1040 1837 1249 1882 discretus
1280 1836 1441 1894 fuerit,

51 1919 100 1952 ut
115 1909 206 1968 ipse
223 1907 290 1951 sui
311 1923 434 1952 casus
452 1905 592 1951 futuri
609 1916 718 1951 esset
738 1908 913 1966 ignarus
930 1943 940 1963 ‚
963 1906 1027 1950 illi
1048 1917 1193 1953 autem
1216 1909 1322 1952 certi
1345 1924 1445 1968 per-

52 1979 289 2024 mansionis
313 1995 428 2024 suae:
446 1977 554 2022 dum
577 1988 723 2023 tamen
736 1988 780 2023 et
798 1988 1046 2039 peccatores
1068 1979 1242 2038 angelos
1265 1980 1445 2025 minime

54 2049 308 2094 dubitemus
325 2049 523 2094 detrusos
546 2058 756 2110 tanquam
776 2050 822 2093 in
844 2065 1062 2094 carcerem
1089 2050 1282 2109 caliginis
1316 2051 1447 2111 hujus

55 2120 183 2164 aeriae
206 2120 320 2164 circa
342 2128 475 2164 terras
491 2122 522 2175 ¹,
543 2119 787 2164 secundum
809 2119 1089 2180 apostolicam
1108 2119 1255 2177 fidem,
1270 2120 1315 2165 in
1325 2120 1447 2181 judi-

55 2190 125 2235 cio
154 2188 401 2250 puniendos
439 2189 650 2247 servari‘23
681 2199 727 2234 et
758 2191 804 2233 in
841 2189 915 2234 illa
950 2206 1136 2250 superna
1173 2191 1447 2236 beatitudine

56 2269 309 2306 sanctorum
325 2259 596 2320 Angelorum
618 2275 708 2304 nou
725 2275 814 2304 esse
829 2261 1039 2305 incertam
1059 2261 1194 2306 vitam
1216 2272 1442 2318 aeternam,

52 2342 140 2376 'nec
161 2331 288 2376 nobis
305 2330 546 2375 secundum
564 2330 643 2375 Dei
659 2330 995 2376 misericordiam
1011 2341 1055 2376 et
1073 2332 1254 2391 gratiam
1272 2342 1316 2378 et
1336 2333 1447 2377 fide-

51 2397 264 2446 lissimam
286 2399 644 2461 pollicitationem
661 2401 871 2446 incertam
888 2400 1098 2459 futuram,
1115 2419 1216 2448 cum
1232 2402 1441 2448 fuerimus

60 2472 121 2516 eis
141 2481 240 2532 post
259 2471 616 2517 resurrectionem
636 2480 680 2515 et
695 2471 877 2517 istorum
898 2472 1187 2519 mutationem
1208 2488 1445 2535 corporum

111 2576 122 2593 ¹
145 2577 165 2601 2
179 2570 268 2602 Sent.
284 2569 356 2602 dist.
380 2581 426 2612 vi,
439 2580 512 2613 cap.
534 2571 612 2603 Non
636 2569 736 2602 enim.
758 2586 800 2594 -
816 2577 830 2594 2
847 2571 933 2602 Petr.
953 2581 989 2613 n,
1008 2569 1041 2613 4.
