1854 3219
404 243 458 268 DE
490 241 641 269 GENEs1
672 240 727 268 An
760 242 1000 280 errEnAM,
1027 243 1109 269 Lm,
1132 244 1162 269 1.
1409 229 1490 269 163

109 298 308 349 sectionis
325 306 400 350 :fit
416 314 563 350 autem
583 304 682 349 Filii
704 307 1075 362 commemoratio,
1093 305 1213 367 quod
1233 306 1361 350 etiam
1383 308 1494 350 'Ver-

108 370 218 417 bum
231 383 310 430 est,
326 391 378 420 eo
394 374 515 436 quod
527 376 736 435 scriptum
754 385 838 420 est:
859 376 1010 421 «Dixit
1029 380 1142 421 Deus
1159 397 1166 421 :
1185 376 1297 431 Fiat,
1315 394 1335 417 »
1351 386 1401 420 ut
1417 391 1494 436 per

108 442 155 486 id
176 437 295 505 quod
308 446 572 506 principium
590 456 669 502 est,
694 446 886 491 insinuet
907 447 1133 492 exordium
1146 457 1358 492 creaturae
1379 447 1494 491 exis-

108 515 237 560 tentis
270 516 326 562 ab
364 516 440 562 illo
478 518 622 562 adhuc
657 517 948 578 imperfectae,
983 534 1063 578 per
1103 518 1151 562 id
1183 527 1331 562 autem
1373 518 1495 579 quod.

107 586 302 632 Verbum
326 598 389 633 est
403 624 414 645 ‚
435 588 625 633 insinuet
641 588 955 649 perfectionem
972 599 1182 634 creaturae
1204 599 1419 634 revocatae
1441 591 1498 633 ad

108 672 237 714 eum,
258 669 309 705 ut
329 658 591 706 formaretur
612 661 867 707 inhaerendo
889 663 1112 719 Creatori,
1147 673 1190 707 et
1210 678 1291 723 pro
1319 679 1397 707 suo
1420 678 1497 721 ge-

108 743 211 773 nere
227 729 441 776 imitando
458 731 642 777 formam
659 734 919 793 sempiterne
934 743 1065 794 atque
1082 732 1499 778 incommutabiliter

108 798 396 847 inhaerentem
414 803 558 860 Patri,
583 820 607 848 a
628 820 717 864 quo
739 804 883 849 statim
901 804 985 850 hoc
1006 814 1070 850 est
1089 804 1211 867 quod
1226 804 1316 849 ille.

647 1085 866 1135 CAPUT
902 1087 961 1134 V.

112 1233 385 1299 Informem
405 1252 508 1284 esse
525 1248 804 1286 ereaturam
821 1238 1218 1297 intellectualem,
1244 1241 1341 1286 nisi
1355 1241 1502 1302 perfi-

178 1311 338 1356 ciatur
351 1326 580 1357 conversa
609 1310 680 1356 ad
700 1310 910 1357 dz'vinum
944 1311 1178 1358 Verbum.
1207 1337 1266 1347 —
1293 1312 1502 1373 Spiritus

171 1392 369 1428 sanetus
396 1398 484 1427 eur·
512 1398 658 1442 super
689 1398 873 1441 uquam
893 1383 1022 1444 ferri
1049 1381 1207 1428 dietus
1232 1392 1325 1439 est,
1361 1392 1503 1428 ante*

172 1468 321 1512 quam
336 1461 624 1497 narraretur
643 1452 824 1497 dixisse
845 1452 1004 1497 Deum
1022 1474 1032 1511 3
1058 1454 1154 1498 Fiat
1175 1454 1265 1499 lux.

172 1591 229 1634 X.
253 1592 351 1636 Non
376 1589 493 1633 enim
518 1589 651 1634 habet
684 1589 919 1634 informem
950 1590 1087 1635 vitam
1115 1590 1311 1635 Verbum
1341 1589 1476 1635 Filius
1494 1627 1504 1647 ,

115 1661 188 1707 cui
205 1677 296 1706 non
313 1660 456 1706 solum
472 1662 557 1706 hoe
575 1671 638 1706 est
652 1677 742 1706 esse
756 1662 877 1723 quod
892 1662 1037 1706 vivere
1055 1697 1064 1717 ,
1091 1661 1168 1706 sed
1185 1663 1316 1706 etiam
1335 1663 1420 1707 hoe
1443 1671 1507 1706 est

115 1733 281 1788 vivere,
307 1732 428 1792 quod
453 1741 516 1777 est
537 1733 753 1793 sapienter
770 1749 818 1777 30
841 1734 967 1777 beate
988 1733 1147 1777 vivere.
1175 1735 1385 1778 Creatura
1405 1749 1509 1778 vero

117 1819 371 1865 quanquam
404 1803 604 1863 spiritalis
635 1812 679 1848 et
712 1802 1016 1847 intellectualis
1038 1803 1109 1848 vel
1131 1803 1377 1858 rationalis,
1409 1819 1510 1864 quae

118 1875 290 1920 videtur
310 1890 400 1919 esse
414 1873 483 1934 *illi
503 1873 650 1918 Verbo
678 1874 966 1934 propinquior
981 1909 991 1929 ,
1022 1883 1166 1934 potest
1187 1874 1346 1918 habere
1368 1873 1510 1919 infor-

118 1961 237 1991 mem
264 1945 400 1991 vitam
424 1964 432 1989 :
452 1944 555 2005 quia
574 1960 664 1988 non
686 1944 799 1988 sicut
819 1945 903 1989 hoc
926 1953 991 1989 est
1023 1945 1063 1988 ei
1086 1960 1175 1989 esse
1200 1944 1321 2006 quod
1341 1945 1509 2002 vivere,

118 2017 177 2062 ita
199 2017 284 2061 hoc
299 2017 444 2061 vivere
461 2015 583 2077 quod
598 2015 813 2075 sapienter
827 2031 876 2060 ae
894 2016 1020 2059 beate
1041 2016 1200 2060 vivere.
1221 2019 1381 2060 Aversa
1394 2016 1513 2060 enim

121 2103 146 2132 a
170 2087 388 2147 Sapientia
416 2085 795 2140 incommutabili,
821 2084 953 2130 stulte
982 2102 1031 2130 30
1063 2086 1217 2129 misere
1243 2085 1350 2131 vivit
1368 2121 1378 2141 ‚
1413 2103 1513 2147 quae

120 2156 361 2202 informitas
384 2157 474 2216 ejus
510 2165 587 2201 est.
610 2159 842 2200 Formatur
864 2165 1010 2200 autem
1038 2171 1243 2200 conversa
1266 2155 1322 2200 ad
1342 2156 1515 2201 incom-

121 2225 334 2271 mutabile
366 2225 518 2270 lumen
556 2226 810 2286 Sapientiae,
847 2227 1043 2271 Verbum
1076 2227 1170 2271 Dei.
1208 2230 1246 2271 A
1280 2243 1368 2287 quo
1399 2228 1515 2272 enim

124 2297 268 2342 existit
290 2306 341 2341 ut
362 2297 416 2341 sit
435 2306 676 2357 utcumque
705 2313 753 2341 ae
781 2297 918 2352 vivat,
946 2296 1000 2341 ad
1021 2297 1147 2341 illum
1170 2299 1438 2343 convertitur
1467 2308 1518 2343 ut

125 2369 340 2428 sapienter
357 2385 405 2413 ae
429 2368 554 2412 beate
575 2368 707 2412 vivat.
733 2368 1000 2428 Principium
1022 2369 1185 2431 quippe
1213 2378 1422 2413 creaturae
1444 2370 1516 2413 in-

124 2437 381 2484 tellectualis
408 2449 471 2484 est
499 2448 660 2483 aeterna
690 2438 936 2498 Sapientia,
971 2438 1093 2499 quod
1120 2439 1384 2499 principium
1421 2455 1517 2485 ma-

125 2525 232 2554 nens
255 2509 301 2554 in
327 2526 371 2554 se
390 2508 831 2565 incommutabiliter,
857 2509 982 2555 nullo
1011 2510 1144 2555 modo
1181 2520 1318 2556 cessat
1346 2512 1518 2557 occulta

127 2579 409 2640 inspiratione
430 2579 667 2626 vocationis
683 2578 804 2641 loqui
828 2579 867 2624 ei
889 2589 1098 2626 creaturae
1116 2616 1125 2636 ,
1162 2581 1232 2626 eui
1250 2581 1514 2643 principium

1291 2653 1355 2693 11.
