1854 3219
390 248 445 276 DE
477 246 629 275 emnam
661 243 717 272 AD
748 240 965 273 munnam
999 244 1080 271 mn.
1116 243 1176 270 tv.
1395 230 1479 269 265

96 315 219 361 surdi
242 314 516 360 deliramenti
542 321 623 368 est,
646 311 777 357 istum
799 310 867 356 vel
885 310 1091 365 hominis,
1113 307 1277 354 nedum
1299 309 1393 365 Dei,
1417 308 1482 353 la-

92 386 249 432 horem
272 395 441 446 putare.

91 539 1223 562 mmmmmmmmmwummmswuumwm
1226 539 1364 556 mm‘!
1367 538 1474 557 mu

593 665 824 715 'CAPUT
854 660 960 714 IX¹·

100 798 210 859 Quo
230 813 373 845 sensu
392 797 528 846 Deus
548 799 845 858 requiescere
864 794 1052 843 dicitur.
1064 822 1123 834 -—-
1138 797 1358 844 Tristitia
1382 794 1483 843 ἷαιι-

686 868 880 915 dabilis.

148 1007 269 1052 XVI.
294 1008 363 1052 ΑΝ
385 1004 497 1052 forte
511 1007 609 1069 quis
630 1007 801 1063 dixerit,
826 1006 1014 1052 dicendo
1031 1005 1212 1068 quidem
1228 1015 1279 1052 ut
1300 1008 1480 1066 fierent,

89 1094 190 1139 quae
213 1078 423 1125 continuo
445 1078 561 1125 facta
581 1089 705 1135 sunt,
730 1082 873 1124 Deum
894 1095 984 1125 non
1006 1078 1244 1135 laborasse,
1275 1079 1352 1125 sed
1367 1081 1484 1127 forte

89 1148 322 1210 cogitando
350 1149 458 1211 quid
485 1151 579 1195 fieri
601 1151 822 1196 debuisset
852 1171 861 1196 :
886 1168 973 1212 qua
997 1166 1100 1196 cura
1119 1150 1243 1196 velut
1270 1151 1484 1199 liberatus

90 1236 236 1265 rerum
267 1221 538 1281 perfectione
572 1223 855 1282 requieverit,
891 1232 935 1267 et
956 1238 1008 1267 eo
1035 1222 1192 1267 merito
1221 1221 1360 1279 diem,
1395 1241 1485 1286 quo

90 1293 232 1352 primo
253 1292 395 1338 factus
423 1302 488 1338 est
505 1294 560 1338 ab
591 1294 674 1339 hac
697 1295 831 1338 animi
853 1294 1096 1339 intentione
1118 1309 1316 1350 securus,
1348 1297 1484 1341 bene-

89 1362 250 1418 dicere,
275 1373 319 1408 et
339 1364 609 1409 sanctificare
624 1363 839 1409 voluerit?
859 1363 989 1418 Quod
1006 1365 1041 1409 si
1058 1365 1152 1409 haec
1169 1381 1340 1425 sapere,
1365 1367 1484 1411 mul-

88 1442 185 1478 tum
205 1432 397 1494 desipere
419 1443 504 1489 est,
529 1436 704 1493 (rerum
731 1435 848 1479 enim
871 1434 1201 1480 condendarum
1223 1445 1313 1480 tam
1335 1436 1479 1482 sacul-

86 1512 168 1559 tas,
202 1518 336 1564 quam
370 1503 554 1549 facilitas
587 1505 939 1565 incomparabilis
982 1515 1114 1567 atque
1147 1505 1383 1552 ineffabilis
1419 1518 1484 1554 est

36 1578 47 1584 ἦ
88 1573 208 1635 apud
228 1577 368 1619 Deum
387 1594 395 1620 ε
411 1579 425 1631 )
443 1574 552 1636 quid
570 1585 702 1620 restat
723 1585 774 1620 ut
794 1575 1104 1635 intelligamus,
1126 1577 1207 1622 nisi
1228 1576 1342 1622 forte
1364 1594 1483 1623 crea-

86 1654 199 1690 turae
220 1644 446 1701 rationali,
471 1645 516 1690 in
538 1662 626 1707 qua
654 1655 697 1691 et
717 1646 942 1692 hominem
959 1648 1137 1703 creavit,
1170 1648 1216 1691 in
1238 1663 1282 1692 se
1296 1649 1389 1709 ipso
1412 1665 1484 1694 re-

86 1715 235 1775 quiem
266 1715 530 1775 praebuisse,
562 1725 661 1776 post
693 1718 783 1777 ejus
817 1715 1157 1776 perfectionem,
1201 1733 1280 1778 per
1313 1718 1482 1765 donum

89 1787 273 1846 Spiritus
283 1787 435 1842 sancti,
461 1803 538 1847 per
559 1803 692 1848 quem
715 1787 986 1832 diffunditur
1009 1789 1193 1834 charitas
1206 1790 1252 1834 in
1273 1792 1481 1838 cordibus

86 1857 260 1913 nostris,
281 1866 332 1901 ut
347 1856 450 1902 illuc
472 1855 666 1902 feramur
689 1859 887 1919 appetitu
910 1859 1128 1915 desiderii,
1155 1877 1243 1921 quo
1266 1877 1367 1906 cum
1388 1878 1484 1923 per-

86 1927 333 1972 venerimus
346 1927 683 1988 requiescamus,
703 1928 748 1973 id
766 1938 845 1985 est,
864 1929 976 1973 nihil
985 1930 1170 1990 amplius
1184 1932 1482 1992 requiramus?

89 1997 211 2042 Sicut
239 1998 356 2042 enim
387 2007 503 2043 recte
536 1998 696 2043 dicitur
717 2003 832 2044 Deus
866 2000 1030 2056 faeere,
1067 2000 1285 2062 quidquid
1317 2003 1410 2063 ipso
1436 2004 1483 2048 in

17 2118 19 2126 ¹
86 2068 213 2112 nobis
235 2077 443 2128 operante
470 2067 700 2114 fecerimus
728 2089 736 2115 ε
762 2071 821 2115 ita
843 2080 960 2115 recte
977 2071 1138 2116 dicitur
1155 2075 1270 2118 Deus
1292 2074 1483 2135 requies-

85 2154 198 2194 cere,
224 2154 327 2183 cum
349 2140 440 2199 ejus
461 2155 644 2184 munere
666 2142 992 2201 requiescimus.

142 2212 287 2254 XVII.
315 2213 410 2256 Hoc
438 2212 620 2272 quidem
648 2222 765 2257 recte
797 2213 1105 2273 intelligimus,
1131 2216 1234 2276 quia
1263 2225 1307 2261 et
1327 2233 1483 2262 verum

17 2269 19 2326 ἶ
86 2290 166 2336 est,
190 2289 234 2324 et
263 2296 355 2325 non
386 2297 558 2342 magnae
588 2283 844 2329 intentionis
878 2284 1068 2344 indiget,
1094 2295 1144 2330 ut
1165 2286 1394 2332 videamus
1421 2289 1481 2333 ita

18 2367 21 2415 ζ
85 2349 173 2394 dici
194 2352 462 2411 requiescere
486 2356 650 2408 Deum,
681 2369 783 2398 cum
810 2356 1078 2416 requiescere
1106 2373 1185 2401 nos
1213 2357 1341 2415 facit,
1367 2360 1479 2404 sicut

19 2431 22 2469 ἓ
86 2420 247 2466 dicitur
273 2438 557 2481 cognoscere,
594 2440 697 2470 cum
724 2424 859 2471 efficit
887 2436 938 2471 ut
965 2442 1292 2486 cognoscamus.
1325 2433 1477 2491 Neque

19 2491 21 2518 ἶ
87 2491 202 2536 enim
227 2495 342 2537 Deus
370 2494 666 2554 temporaliter
692 2498 930 2555 cognoscit,
962 2498 1084 2558 quod
1113 2508 1240 2544 antea
1272 2517 1362 2545 non
1392 2517 1474 2546 no-

135 2594 143 2610 ¹
168 2588 288 2631 Capitis
305 2600 335 2621 xi
353 2588 384 2621 in
398 2590 491 2624 editis
507 2591 639 2634 legimus
658 2592 779 2626 initium
797 2594 836 2627 ad
856 2594 924 2628 haec
941 2595 1041 2628 verba
1060 2608 1066 2627 :
1087 2595 1180 2638 Quid
1194 2604 1312 2638 restat,
1333 2601 1399 2631 etc.
