1854 3219
383 204 460 241 198
813 211 846 239 S.
884 212 1112 240 AUGUSTINI
1150 213 1329 239 EPISCOPI

380 297 400 319 »
437 288 498 321 est
517 278 678 320 {artum
692 295 730 331 ,n
754 276 1057 321 tantummodo
1076 277 1119 320 in
1133 277 1374 331 hisverbis,
1396 276 1556 337 quibus
1574 277 1733 321 dieitur
1753 297 1760 321 :

381 369 402 392 «
436 353 492 392 Et
507 348 614 392 dixit
628 351 741 391 Deus
759 367 766 391 :
784 366 802 388 η
819 349 933 403 Fiat,
950 357 1145 408 etpost‹·a
1162 349 1344 393 dieitur:
1367 368 1385 390 ‹<
1402 347 1572 393 Etfeeit
1590 352 1703 393 Deus
1716 369 1726 406 3
1741 366 1761 389 n

378 421 515 465 Patris
537 428 580 463 et
602 418 698 463 Filii
723 434 951 478 personam
973 419 1128 464 volunt
1151 419 1363 479 intelligi?

433 494 537 536 XII.
576 491 660 536 Sed
680 491 816 552 quaeri
839 491 981 537 adhue
1002 501 1166 552 potest,
1192 500 1342 536 utrum
1364 492 1486 551 quasi
1497 492 1669 552 jussisse
1693 491 1767 536 Fi-

376 565 435 611 lio
464 567 637 608 Patrem
662 563 899 608 debeamus
930 565 1123 624 accipere
1147 564 1193 607 in
1223 578 1274 608 eo
1297 562 1417 623 quod
1444 563 1652 623 scriptum
1676 572 1766 608 est:

381 657 402 680 ι(
421 640 479 682 Et
490 635 739 681 dixitDeus:
756 636 878 680 Fiat?
889 654 908 677 n
923 636 1008 681 Sed
1018 652 1096 681 cur
1111 636 1333 695 Scriptura
1343 650 1433 680 non
1441 635 1609 681 curavit
1622 644 1771 680 osten-

378 709 481 753 dere
505 708 635 751 etiam
656 723 885 767 personam
912 708 1093 768 Spiritus
1118 707 1284 752 sancti?
1306 709 1376 751 An
1403 706 1463 750 ita
1498 706 1682 751 Trinitas
1703 706 1773 750 in-

376 779 612 838 telligitur,
637 781 732 823 «Et
766 777 872 823 dixit
895 782 1033 823 Deus:
1056 778 1181 833 Fiat,
1206 780 1264 822 Et
1286 775 1388 821 feeit
1421 780 1550 821 Deus.
1576 779 1634 821 Et
1664 775 1774 822 vidit

379 868 403 893 ³>
435 853 551 894 Deus
573 849 675 910 quia
703 849 869 893 bonum
891 858 954 894 est
975 851 992 893 P
1012 867 1031 889 »
1056 848 1140 893 Sed
1160 864 1250 893 non
1273 847 1479 893 convenit
1499 847 1657 892 unitati
1680 848 1775 891 Tri-

377 921 546 977 nitatis,
566 930 616 965 ut
634 920 769 966 Filius
791 921 914 981 quasi
932 922 1076 981 jussus
1099 919 1246 965 fecisse
1268 918 1563 978 intelligatur,
1591 919 1775 979 Spiritus

377 1007 523 1038 autem
542 1001 713 1036 sanctus
735 991 858 1037 nullo
875 992 957 1037 sibi
968 992 1153 1052 jubente
1170 990 1307 1035 libere
1324 989 1480 1035 vidisse
1497 990 1666 1036 bonum
1684 1005 1775 1034 esse

378 1064 499 1126 quod
521 1062 686 1108 laetum
704 1073 782 1108 est.
809 1064 979 1117 Quibus
1001 1063 1116 1107 enim
1138 1063 1280 1108 verbis
1297 1062 1475 1123 juberet
1497 1061 1609 1107 Filio
1649 1065 1776 1106 Pater

377 1146 428 1182 ut
461 1134 645 1190 faceret,
676 1151 777 1179 eum
811 1135 900 1194 ipse
936 1135 989 1178 sit
1011 1133 1250 1194 principale
1284 1134 1482 1178 Verbum
1504 1133 1670 1189 Patris,
1699 1149 1776 1193 per

379 1207 500 1269 quod
534 1206 646 1250 sacta
675 1215 778 1250 sunt
806 1206 987 1250 omnia?
1009 1208 1079 1249 An
1112 1221 1163 1249 eo
1191 1206 1284 1264 ipso
1306 1203 1426 1265 quod
1455 1205 1664 1264 seriptum
1684 1214 1775 1249 est:

384 1300 404 1324 «
431 1280 528 1324 Fiat
540 1279 867 1322 firmamentum
880 1313 890 1333 ‚
907 1296 926 1318 n
957 1278 1052 1321 haec
1070 1277 1161 1337 ipsa
1179 1277 1313 1322 dictio
1331 1276 1526 1321 Verbum
1544 1286 1608 1321 est
1622 1277 1774 1333 Patris,

379 1351 605 1410 unignitus
628 1348 785 1404 Filius⁷
807 1349 854 1392 in
875 1364 964 1409 quo
986 1358 1090 1392 sunt
1108 1348 1253 1393 omnia
1273 1365 1371 1410 quae
1394 1357 1621 1403 creantur‚
1648 1348 1780 1393 etiam

381 1432 617 1482 autequam
666 1428 893 1476 creentur,
931 1429 975 1464 et
1002 1419 1222 1479 quidquid
1244 1419 1291 1464 in
1312 1419 1389 1464 illo
1412 1428 1500 1475 est,
1533 1419 1623 1465 vita
1657 1428 1720 1464 est
1765 1440 1778 1478 3

382 1495 484 1556 quia
519 1493 738 1554 quidquid
773 1509 850 1553 per
877 1508 978 1537 eum
1001 1490 1168 1537 factum
1211 1501 1299 1548 est,
1325 1492 1371 1536 in
1388 1493 1481 1552 ipso
1500 1492 1588 1537 vita
1610 1501 1696 1547 est,
1738 1501 1782 1536 et

380 1567 466 1612 vita
489 1565 644 1626 utique
671 1565 875 1619 creatrix,
908 1564 989 1608 sub
1014 1563 1089 1608 illo
1107 1572 1254 1607 autem
1278 1572 1491 1608 creatura.
1517 1561 1655 1607 Aliter
1677 1578 1781 1622 ergo

382 1638 430 1682 in
449 1636 525 1681 illo
557 1645 661 1681 sunt
693 1651 765 1691 ea,
790 1651 889 1695 quae
912 1650 988 1695 per
1010 1633 1136 1678 illum
1158 1632 1273 1678 faeta
1296 1643 1424 1690 sunt,
1450 1634 1552 1694 quia
1594 1633 1704 1692 regit
1739 1642 1784 1679 et

384 1708 580 1754 continet
613 1723 662 1752 ea
685 1727 693 1752 :
725 1706 848 1751 aliter
871 1716 1017 1750 autem
1038 1705 1085 1750 in
1111 1704 1185 1750 illo
1209 1714 1311 1749 sunt
1343 1721 1414 1760 ea⁷
1449 1721 1550 1765 quae
1574 1705 1666 1765 ipse
1700 1714 1780 1750 est.

386 1783 482 1839 Ipse
501 1779 617 1822 enim
634 1778 722 1822 vita
751 1787 836 1832 est⁷
873 1793 973 1837 quae
1002 1776 1061 1819 ita
1090 1776 1134 1819 in
1160 1776 1236 1820 illo
1261 1785 1399 1820 estut
1429 1777 1518 1836 ipse
1560 1777 1635 1831 sit,
1668 1791 1783 1836 quo-
1809 1825 1811 1827 ¹

385 1851 503 1895 niam
536 1850 627 1910 ipse
654 1850 742 1894 vita
769 1858 832 1892 est
861 1847 936 1892 lux
965 1848 1211 1891 hominum.
1242 1848 1352 1901 Quia
1384 1864 1488 1907 ergo
1512 1847 1622 1892 nihil
1647 1846 1783 1891 creari

385 1931 530 1983 posset
550 1921 639 1967 sive
674 1930 774 1965 ante
803 1929 1024 1980 tempora,
1048 1918 1166 1979 quod
1196 1919 1373 1979 quidem
1396 1935 1487 1964 non
1507 1928 1570 1964 est
1591 1919 1786 1964 Creatori

385 2004 677 2047 coaeternum,
710 1993 797 2037 sive
832 1993 886 2036 ab
923 1991 1100 2035 exordio
1131 1999 1400 2050 temporum,
1435 1992 1522 2035 sive
1560 1990 1605 2035 in
1638 1989 1786 2050 aliquo

386 2076 604 2125 tempore,
642 2065 764 2124 eujus
794 2062 971 2108 creandi
1005 2061 1136 2117 ratio,
1170 2061 1204 2105 si
1230 2071 1376 2105 tamen
1413 2062 1523 2106 ratio
1566 2070 1682 2106 reete
1722 2061 1786 2104 di-

385 2138 519 2192 eitur,
546 2153 636 2182 non
668 2136 714 2179 in
742 2136 820 2180 Dei
853 2135 999 2179 Verbo
1037 2134 1154 2178 Patri
1187 2142 1406 2178 coaeterno
1445 2142 1662 2178 coaeterna
1697 2133 1786 2178 vita

383 2210 548 2254 viveret
580 2229 591 2265 3
642 2217 872 2267 propterea
933 2206 1154 2265 Scriptura
1214 2206 1332 2265 prius
1395 2220 1528 2265 quam
1594 2203 1788 2248 insinuet

385 2295 743 2340 unamquamque
761 2288 1002 2323 ereaturam
1017 2313 1027 2331 ,
1054 2291 1105 2321 (rx
1127 2276 1279 2322 ordine
1301 2293 1390 2337 quo
1410 2275 1632 2321 conditam
1655 2275 1783 2330 dicit,

384 2351 557 2411 respicit
589 2350 643 2394 ad
680 2350 752 2393 Dei
772 2349 968 2393 Verbum
1001 2349 1119 2408 prius
1134 2363 1327 2408 ponens,
1357 2365 1374 2387 «
1412 2350 1468 2391 Et
1498 2346 1606 2390 dixit
1640 2349 1784 2390 Deus:

389 2443 409 2465 »
445 2424 595 2467 Fiat»
635 2421 760 2465 illud.
806 2424 904 2467 Non
952 2421 1067 2464 enim
1114 2420 1281 2465 invenit
1333 2418 1468 2463 ullam
1504 2433 1678 2462 causam
1722 2416 1786 2461 rei

384 2494 606 2548 creandae,
644 2508 776 2552 quam
814 2493 858 2535 in
892 2492 1037 2535 Verbo
1078 2491 1153 2534 Dei
1192 2506 1281 2535 non
1323 2490 1490 2534 invenit
1533 2488 1668 2534 creari
1703 2487 1783 2531 de—

392 2564 550 2608 buisse.
