1854 3219
346 237 399 262 DE
432 235 582 262 GENESI
616 233 670 260 AD
705 233 945 269 Li'r'rEuAM,
983 235 1064 259 nin.
1104 234 1168 258 ιιι.
1366 221 1448 258 239

60 300 128 344 vel
151 300 272 344 terris
290 299 508 353 oriuntur,
528 306 636 342 tune
657 305 801 341 creata
828 312 836 337 ι
864 296 910 339 in
931 296 1092 356 quibus
1115 296 1246 340 etiam
1264 294 1338 339 illa
1360 310 1452 339 non

58 369 247 415 absurde
279 368 606 427 intelliguntur,
640 383 739 428 quae
773 375 1014 411 nascuntur
1039 381 1095 423 *ex
1125 366 1177 410 iis
1209 381 1309 426 quae
1337 374 1452 411 terra

54 439 328 499 germinante
347 448 442 485 orta
459 447 589 498 sunt3
613 446 658 483 et
676 437 779 498 quia
797 445 1107 497 praecesserant
1128 435 1425 482 conditionem
1437 473 1448 493 ‚

52 526 145 556 non
175 510 318 556 solum
345 509 628 565 animalium,
662 509 740 554 sed
770 507 902 553 etiam
935 507 1241 566 luminarium3
1278 517 1322 552 et
1349 508 1452 569 quia

56 591 183 626 terrae
204 581 520 627 continuantur
539 595 619 641 per
647 577 846 624 radicum
866 579 1207 635 connexionem,
1229 578 1350 623 unde
1376 578 1453 624 illo

57 651 131 697 die
156 667 246 712 quo
267 651 471 712 apparuit
495 649 635 707 arida,
666 659 816 695 exorta
843 658 945 695 sunt
963 684 974 706 ‚
998 659 1045 695 ut
1073 651 1239 711 potius,
1263 648 1321 695 ad
1349 664 1454 710 sup-

57 723 329 784 plementum
350 723 632 770 habitationis
647 758 658 779 ,
678 737 813 784 quam
829 721 886 767 ad
899 737 1133 767 numerum
1153 721 1453 767 habitatorum

57 792 276 855 pertinere
302 794 622 855 intelligantur.
648 796 817 841 Caetera
845 809 950 839 vero
981 810 1082 855 quae
1109 794 1165 839 de
1201 793 1455 838 animalium

60 866 304 926 gignuntur
324 866 580 926 corporibus
595 901 606 922 ‚
630 875 675 911 et
695 866 879 911 maxime
901 875 1199 922 mortuorum,
1227 865 1454 910 absurdis-

58 937 219 982 simum
241 945 306 982 est
327 937 473 982 dicere
503 945 611 982 tune
645 946 810 993 creata,
841 952 943 981 cum
970 937 1172 982 animalia
1196 938 1286 997 ipsa
1313 945 1455 982 creata

58 1009 186 1052 sunt1
209 1026 219 1052 z
244 1007 326 1052 nisi
346 1007 450 1068 quia
472 1007 613 1052 inerat
638 1009 730 1069 jam
754 1008 958 1053 omnibus
981 1008 1179 1052 animatis
1201 1007 1456 1068 corporibus

60 1080 124 1124 vis
146 1079 350 1140 quaedam
375 1079 582 1124 naturalis
596 1115 607 1136 ‚
632 1089 675 1124 et
697 1080 821 1141 quasi
842 1080 1142 1140 praeseminata
1160 1115 1170 1135 ‚
1198 1089 1242 1124 et
1263 1079 1456 1141 quodam

62 1150 193 1195 modo
210 1149 353 1195 liciata
362 1152 427 1209 (4)
447 1149 684 1211 primordia
701 1149 953 1195 futurorum
975 1149 1231 1195 animalium
1247 1185 1258 1207 ,
1280 1167 1380 1211 quae
1402 1151 1456 1195 dc

61 1221 418 1281 corruptionibus
448 1221 603 1266 talium
627 1237 860 1282 corporum
887 1237 967 1282 pro
989 1236 1067 1267 suo
1089 1237 1278 1283 quaeque
1301 1237 1457 1282 genere

63 1308 113 1337 ac
130 1291 387 1337 differentiis
409 1302 534 1337 erant
549 1303 751 1338 exortura
768 1328 778 1344 ,
799 1308 877 1353 per
902 1293 1324 1339 administrationem
1344 1294 1458 1339 incf-

64 1364 243 1410 fabilem
265 1364 412 1410 omnia
431 1374 636 1411 movente
657 1364 1010 1411 incommutabili
1027 1367 1248 1412 Creatore.

65 1521 492 1540 MMMMMMMMMMM

779 1522 1456 1542 mmmmmmmmm

581 1645 800 1697 CAPUT
835 1648 945 1698 XV.

240 1789 318 1836 De
340 1791 587 1837 creatione
607 1790 897 1837 animalium
916 1802 1277 1840 venenatorum.

130 1925 291 1969 XXIV.
320 1927 384 1969 DE
422 1925 654 1984 generibus
683 1941 861 1987 quoque
890 1927 1142 1972 animalium
1169 1928 1395 1974 venenosis
1417 1938 1460 1973 ct

0 1988 3 2038 3.
44 1987 51 2064 ἶ
70 1994 318 2054 perniciosis
335 1996 474 2056 quaeri
495 1995 604 2041 solet
617 2032 628 2052 7
653 2006 805 2042 utrum
826 2008 923 2057 post
946 2009 1175 2058 peceatum
1196 2000 1384 2044 hominis
1405 2000 1460 2045 ad

1 2076 3 2130 ᾗ
55 2064 308 2110 ‘vindictam
333 2075 478 2111 creata
512 2067 625 2127 sint3
659 2083 714 2112 an
737 2068 881 2128 potius
908 2085 1009 2113 cum
1038 2070 1129 2130 jam
1158 2080 1299 2115 creata
1322 2081 1462 2116 essent

2 2145 5 2183 3
70 2136 273 2193 innoxia,
304 2137 478 2182 nonnisi
509 2147 658 2198 postea
695 2139 999 2199 peccatoribus
1033 2156 1191 2185 nocere
1228 2143 1457 2203 coeperint.

4 2212 7 2256 ζ»
71 2209 222 2267 Neque
251 2207 336 2253 hoc
359 2207 521 2253 mirum
548 2218 633 2266 est,
658 2209 1020 2272 quandoquidem
1042 2212 1172 2256 etiam
1196 2214 1462 2274 temporibus

72 2277 201 2338 hujus
220 2278 325 2324 vitae
344 2278 573 2325 laboriosae
587 2290 719 2341 atque
740 2297 1017 2340 aerumnosae,
1041 2299 1141 2328 eum
1160 2284 1219 2329 ita
1236 2285 1306 2341 sit,
1332 2301 1462 2331 nemo

6 2358 9 2408 ζ
69 2349 212 2410 justus
234 2359 288 2394 ut
320 2350 567 2411 perfectum
587 2368 633 2398 se
654 2352 813 2398 audeat
834 2353 1000 2410 dicere,
1025 2354 1212 2400 fideliter
1233 2365 1463 2402 attestante

8 2446 10 2463 ι
75 2421 284 2481 Apostolo
304 2431 350 2467 et
370 2421 571 2469 dicente:
601 2444 622 2468 «
643 2427 742 2470 Non
755 2426 856 2486 quia
870 2427 962 2488 jam
981 2427 1221 2487 acceperim
1239 2438 1313 2473 aut
1333 2430 1462 2475 etiam

80 2509 101 2534 »
135 2490 355 2552 perfectus
376 2494 513 2540 sim22:
544 2515 561 2538 »
596 2511 786 2557 eumque
808 2496 951 2542 adhuc
978 2499 1230 2544 exercendae
1260 2509 1390 2559 atque
1418 2500 1463 2544 in

128 2595 135 2610 ¹
160 2597 178 2620 2
198 2590 286 2621 Sent.
304 2599 358 2631 xv,
376 2599 448 2632 cap.
470 2591 522 2623 De
540 2590 750 2637 quibusdam.
775 2609 815 2616 -—-
833 2600 845 2616 ²
861 2594 974 2637 Philip.
994 2606 1049 2637 ιη,
1071 2604 1121 2627 12.
