1854 3219
390 179 466 215 152
811 192 843 217 s.
881 189 1109 219 ,1100511111
1144 191 1324 219 1111500111

380 254 611 313 imaginem
649 254 834 309 diceret,
856 256 1118 314 significaret
1145 257 1200 302 al)
1225 257 1316 317 ipso
1343 256 1523 317 quidem
1554 258 1766 317 genitam,

378 325 454 368 sed
472 341 558 368 non
578 324 906 382 significaretita
923 326 1127 383 similem,
1145 336 1296 372 utnon
1317 336 1486 372 tantum
1504 327 1674 384 similis,
1695 329 1770 373 scd

379 398 468 456 ipsa
490 396 729 440 similitudo
752 405 876 441 05501.
904 400 961 442 Ut
983 408 1129 443 autem
1147 398 1255 442 nihil
1271 399 1428 443 castius
1448 399 1537 458 ipsa
1555 399 1767 456 castitate,

377 477 421 511 et
454 466 562 511 1111111
584 467 818 527 sapientius
854 468 946 528 ipsa
967 469 1198 529 sapientia,
1225 478 1267 513 et
1293 469 1403 513 nihil
1430 469 1656 529 pulchrius
1679 470 1771 530 ipsa

377 539 728 600 pulchritudine:
754 539 812 583 ita
830 540 941 584 nihil
962 540 1142 586 similius
1157 542 1244 601 ipsa
1262 540 1547 585 similitudine
1566 540 1674 596 dici,
1696 551 1770 586 aut

379 611 578 670 cogitari,
605 620 681 655 aut
721 627 811 655 esse
844 613 1023 656 omnino
1058 622 1215 673 potest.
1255 611 1378 657 Unde
1420 611 1676 671 intelligitur
1712 613 1771 657 ita

377 684 493 728 Patri
517 699 606 727 esse
639 682 823 727 similem
852 683 1180 729 similitudinem
1215 699 1360 739 suam,
1385 692 1435 728 ut
1457 684 1548 744 ejus
1570 693 1771 728 naturam

375 754 621 815 plenissime
644 752 1041 816 perfectissimeque
1053 755 1247 815 impleati

435 828 551 870 le.
589 829 813 879 Quantum
835 836 981 871 autem
1003 826 1058 870 ad
1080 826 1267 886 speciem
1298 825 1428 869 rebus
1459 823 1770 885 imponendam

376 895 520 941 valeat
541 896 619 940 Dei
637 896 895 952 similitudo,
917 913 993 956 per
1015 912 1148 958 quam
1180 895 1293 940 facta
1321 905 1423 940 sunt
1440 897 1585 940 omnia
1599 931 1609 951 ,
1626 912 1771 956 quan-

376 983 508 1029 quam
521 968 734 1012 humanas
757 968 1041 1027 cogitationes
1063 966 1268 1012 altissime
1283 976 1458 1027 superet
1476 1002 1486 1021 ,
1507 966 1610 1011 licet
1624 977 1772 1012 tamen

375 1049 616 1099 utcumque
633 1039 831 1083 arbitrari
844 1059 854 1095 ·,
867 1038 901 1082 51
918 1038 1240 1083 consideremus
1254 1053 1427 1082 omnem
1441 1047 1642 1082 naturam
1656 1073 1667 1093 ‚
1684 1038 1772 1083 sive

376 1127 477 1171 quae
495 1110 783 1155 sentientibus
799 1146 809 1165 ,
829 1109 917 1154 sive
930 1126 1029 1170 quae
1048 1109 1406 1154 ratiocinantibus
1422 1109 1636 1164 occurrit,
1652 1109 1772 1154 simi-—

374 1181 490 1225 libus
518 1181 630 1225 inter
658 1197 701 1224 se
729 1181 926 1240 partibus
955 1195 1123 1224 servare
1145 1180 1323 1224 unitatis
1345 1181 1551 1239 effigiem.
1574 1182 1685 1226 Nam
1722 1196 1772 1224 ex

375 1251 586 1311 sapientia
609 1251 687 1295 Dei
709 1251 922 1310 sapientes
942 1260 1157 1295 vocantur
1178 1251 1333 1294 animae
1356 1249 1611 1305 rationales,
1637 1259 1681 1294 et
1702 1249 1773 1295 ul-

374 1323 508 1367 terius
530 1323 614 1366 hoc
628 1338 790 1366 nomen
812 1338 901 1367 non
923 1322 1184 1382 porrigitur:
1201 1337 1303 1366 nam
1325 1337 1469 1382 neque
1487 1320 1576 1366 ulla
1589 1337 1769 1382 pecora,

375 1404 419 1438 et
435 1393 575 1438 multo
593 1394 737 1438 minus
749 1393 945 1449 arbores,
964 1403 1039 1438 aut
1052 1393 1199 1453 ignem
1211 1428 1221 1448 ,
1241 1391 1311 1438 vel
1325 1396 1467 1436 aerem
1483 1427 1494 1448 ‚
1511 1391 1580 1436 vel
1593 1408 1769 1454 aquam,

374 1465 443 1509 vel
476 1475 635 1509 terram
671 1466 909 1525 sapientem
948 1480 1177 1524 possumus
1215 1464 1383 1520 dicere,
1409 1479 1664 1525 quanquam
1695 1480 1774 1525 per

378 1537 512 1596 ipsam
537 1537 613 1581 Dei
648 1536 905 1596 sapientiam
935 1536 1019 1580 sint
1046 1535 1177 1580 etiam
1201 1535 1346 1579 omnia
1377 1535 1471 1580 haec
1493 1535 1539 1579 in
1556 1545 1773 1597 quantum

375 1618 493 1653 sunt.
516 1612 573 1652 At
594 1623 697 1652 vero
720 1607 878 1652 similes
899 1607 1012 1651 inter
1035 1623 1078 1652 se
1107 1616 1150 1651 ct
1182 1606 1347 1667 lapides
1370 1606 1578 1662 dicimus,
1601 1617 1645 1652 et
1678 1608 1774 1652 ani-

376 1680 529 1734 malia,
546 1689 587 1723 ct
603 1679 822 1734 homines7
853 1688 895 1722 et
918 1677 1120 1736 Angelos.
1143 1681 1344 1723 Jamvero
1363 1679 1408 1722 in
1430 1677 1607 1737 singulis
1625 1678 1770 1734 rebus,

377 1761 420 1796 et
448 1761 633 1806 terram,
660 1766 711 1794 eo
746 1749 868 1811 quod
900 1750 1057 1794 similes
1085 1749 1198 1794 inter
1227 1765 1271 1794 se
1299 1750 1458 1794 habeat
1478 1759 1622 1810 partes
1645 1766 1768 1807 suas,

375 1823 468 1868 fieri
491 1832 542 1866 ut
562 1832 676 1866 terra
698 1822 752 1866 sit
769 1843 779 1878 3
794 1831 837 1866 et
858 1837 1014 1882 aquam
1037 1820 1426 1882 qualibetquoque
1448 1831 1570 1881 parte
1587 1822 1771 1867 similem

374 1910 463 1937 esse
485 1893 652 1937 caeteris
674 1892 891 1952 partibus,
917 1907 997 1936 nec
1028 1891 1152 1936 aliter
1186 1907 1344 1952 aquam
1368 1907 1457 1936 esse
1489 1892 1708 1952 potuisse3
1728 1901 1772 1940 et

373 1963 701 2026 qtiantumliliet
723 1965 852 2020 aeris,
879 1964 914 2008 si
941 1973 1098 2008 caetero
1122 1973 1233 2008 esset
1250 1962 1457 2008 dissimile
1471 2000 1482 2019 ,
1504 1963 1628 2010 nullo
1647 1974 1771 2022 pacto

373 2041 514 2080 aerem
527 2072 538 2091 ,
557 2052 646 2080 0550
663 2036 878 2096 potuisse3
899 2045 940 2079 et
957 2036 1066 2094 ignis
1083 2034 1266 2079 luscisve
1281 2035 1539 2095 particulam
1551 2071 1561 2091 ,
1579 2052 1631 2081 eo
1649 2036 1771 2098 quod

373 2124 463 2152 non
486 2109 539 2152 sit
561 2107 776 2152 dissimilis
800 2107 975 2167 reliquis
999 2107 1195 2167 partibus
1211 2142 1222 2162 ,
1247 2107 1362 2162 fleri,
1388 2117 1438 2151 ut
1459 2108 1512 2152 sit
1533 2107 1655 2169 quod
1677 2117 1765 2154 est:

374 2180 430 2223 ita
454 2179 508 2223 de
530 2195 800 2239 unoquoque
822 2177 1018 2238 lapidum
1030 2177 1099 2222 vel
1113 2178 1318 2222 arborum
1337 2178 1406 2223 vel
1424 2195 1606 2239 corpore
1622 2181 1769 2240 cujus-

370 2250 480 2294 libet
503 2250 733 2293 animantis
752 2249 937 2294 discerni
950 2248 1186 2308 etintelligi
1204 2258 1367 2309 potest,
1385 2249 1506 2311 quod
1520 2266 1610 2295 non
1627 2250 1766 2295 solum

371 2337 472 2365 eum
496 2320 586 2365 aliis
610 2321 674 2365 sui
693 2321 858 2378 generis
873 2320 1026 2374 1011115,
1052 2321 1127 2365 sed
1146 2321 1191 2365 in
1214 2335 1257 2364 se
1273 2321 1373 2380 ipsis
1396 2321 1575 2380 singulis
1590 2338 1679 2366 non
1701 2338 1769 2366 es-

369 2401 487 2446 50111,
522 2391 601 2435 nisi
634 2401 774 2451 partes
813 2391 990 2435 11110150
1011 2391 1168 2435 similes
1198 2391 1420 2435 haberent.
1454 2395 1512 2436 Et
1548 2402 1670 2437 tanto
1703 2402 1767 2437 est

366 2462 592 2523 pulchrius
604 2479 760 2523 corpus
774 2498 784 2518 ,
807 2472 972 2523 quanto
985 2462 1261 2508 similioribus
1279 2463 1391 2507 inter
1404 2479 1447 2507 se
1462 2464 1661 2523 partibus
1678 2465 1765 2508 suis

368 2542 549 2578 constat.
574 2536 667 2576 ,1.1111
701 2549 828 2593 porro
859 2533 1125 2588 animarum,
1153 2549 1241 2577 non
1276 2533 1415 2577 solum
1455 2533 1636 2578 aliarum
1660 2550 1761 2578 011111
