1854 3219
215 238 268 264 DE
300 237 450 265 GENEsi
483 236 538 262 AD
570 232 811 272 LlTTERAM,
848 236 1139 262 IMPERFECTUS
1170 236 1252 261 Lm.
1353 222 1429 261 141

53 321 73 345 »
93 302 154 347 las
170 305 200 347 1.
220 321 240 345 n
278 303 393 357 Quid
406 302 522 346 dicat
553 301 728 345 initium
750 299 835 344 diei
851 335 861 355 ,
887 311 930 344 et
951 301 1124 344 initium
1152 300 1312 355 noctis,
1336 315 1436 348 mox

49 374 290 434 apparebit.
324 393 344 416 «
369 376 427 417 Et
448 371 627 417 stellas»
652 387 778 427 vero,
804 370 926 431 quod
948 370 1142 426 addidit,
1167 380 1317 414 utrum
1342 386 1438 430 per-

48 446 217 490 tineant
233 444 289 489 ad
305 444 479 489 initium
491 444 629 489 noctis
641 479 652 499 ‚
669 459 725 487 an
742 458 847 498 non,
868 443 1126 501 ambiguum
1144 451 1222 486 est.
1249 442 1437 495 Quidam

46 525 192 560 autem
222 514 379 561 volunt
413 515 484 559 hic
514 513 745 574 significari
773 512 925 557 lunam
943 512 1117 572 plenam
1135 527 1224 556 esse
1238 512 1437 571 primitus

45 586 228 642 factam,
249 585 369 647 quod
380 585 509 646 plena
523 585 627 630 luna
639 585 765 629 initio
790 584 928 628 noctis
950 583 1155 642 assurgit,
1172 582 1218 626 id
1231 592 1309 638 est,
1334 598 1435 627 mox

45 668 143 719 post
153 658 252 703 solis
267 674 482 703 occasum.
503 657 587 703 Sed
597 656 709 702 illud
720 655 957 700 absurdum
974 664 1038 699 est
1050 690 1061 710 ,
1077 664 1227 699 utnon
1239 670 1262 698 a
1276 654 1430 714 prima,

44 728 121 773 sed
137 746 159 774 a
174 728 479 775 sexta—decima
498 728 568 772 vel
582 725 927 788 quinta-decima
941 725 1198 770 numerandi
1216 739 1435 769 sumamus

44 801 283 845 exordium.
307 803 396 846 Nec
417 798 529 843 illud
548 807 721 843 moveat
734 833 745 853 ,
764 797 884 858 quod
902 795 1145 857 perfectum
1162 795 1254 840 fieri
1270 795 1437 839 debue-

42 872 98 916 rit
128 871 363 926 lnminare,
400 870 521 931 quod
557 869 720 914 factum
744 878 821 913 est.
855 868 985 913 Omni
1012 869 1127 912 enim
1155 867 1226 912 die
1243 866 1435 927 perfecta

41 951 134 987 est:
168 941 245 987 sed
277 943 366 1002 ejus
402 940 611 1001 perfectio
644 940 700 985 ab
734 939 986 984 hominibus
1014 955 1104 983 non
1124 937 1321 992 videtur,
1352 937 1434 982 nisi

41 1029 139 1059 cum
174 1024 224 1058 ef(
256 1013 474 1058 contraria
508 1022 631 1073 parte
663 1011 742 1056 soli
775 1010 1141 1071 ‹2ppos''⁷··.fiie1·it.
1167 1013 1276 1055 Nam
1304 1009 1434 1053 etiam

40 1099 141 1129 cum
163 1083 239 1129 illo
261 1084 494 1129 constituta
513 1119 523 1139 ,
550 1083 759 1144 quoniam
781 1082 862 1126 sub
885 1081 961 1126 illo
983 1090 1071 1137 est,
1097 1080 1272 1125 videtur
1288 1080 1402 1123 finiri
1421 1099 1429 1124 ε

39 1155 114 1199 sed
142 1156 271 1200 etiam
303 1165 409 1200 tunc
445 1155 574 1215 plena
597 1164 660 1199 est
680 1175 690 1212 3
716 1154 818 1214 quia
839 1168 891 1197 ex
914 1151 995 1196 alia
1019 1161 1142 1212 parte
1164 1151 1428 1206 illustratur,

39 1241 120 1271 nec
139 1225 276 1271 videri
307 1235 451 1286 potest
473 1226 529 1270 ab
563 1226 612 1269 iis
641 1225 717 1285 qui
745 1224 895 1269 subter
925 1232 1052 1278 sunt,
1084 1221 1130 1265 id
1158 1231 1242 1277 est,
1271 1231 1431 1266 terram

38 1297 252 1342 incolunt.
271 1298 401 1351 Quod
421 1313 510 1342 non
528 1297 678 1357 paucis
700 1295 858 1350 verbis,
879 1294 953 1339 sed
976 1293 1208 1338 subtilibus
1230 1293 1433 1338 disserta-

37 1368 230 1413 tionibus
252 1378 295 1412 et
316 1367 605 1429 quarumdam
628 1368 866 1426 figurarum
889 1364 1125 1411 visibilium
1165 1363 1433 1409 demonstra-

37 1439 156 1484 tione
174 1439 322 1483 doceri
341 1447 498 1498 potest.

94 1512 212 1555 XLI.
243 1529 263 1553 «
285 1513 341 1555 Et
357 1509 503 1570 posuit
519 1508 592 1553 illa
614 1512 730 1554 Deus
750 1508 796 1552 in
818 1508 1092 1552 firmamento
1115 1506 1238 1562 coeli,
1275 1515 1326 1550 ut
1357 1506 1429 1551 lu-

39 1600 60 1624 »
79 1591 205 1627 ceant
222 1597 351 1642 super
365 1585 558 1625 terram2.
576 1599 595 1622 ³>
616 1579 848 1634 Quomodo
871 1579 982 1623 dixit
1000 1598 1007 1623 2
1024 1598 1043 1621 «
1065 1579 1194 1622 Fiant
1217 1579 1261 1621 in
1285 1579 1431 1622 firma-

40 1660 253 1710 »ment03
291 1670 311 1694 »
339 1661 383 1696 et
407 1650 629 1713 quomodo
655 1666 774 1695 nunc
805 1648 911 1694 dicit
939 1669 947 1693 :
978 1669 997 1691 «
1024 1648 1145 1692 Fecit
1173 1652 1286 1692 Deus
1304 1648 1433 1692 lumi-

40 1741 60 1765 »
78 1724 211 1778 naria,
228 1732 271 1767 et
283 1723 430 1782 posuit
443 1721 515 1766 illa
528 1721 574 1764 in
588 1722 862 1765 firmamento
879 1739 915 1765 :»
934 1720 1055 1780 quasi
1067 1729 1184 1763 extra
1197 1719 1282 1762 sint
1299 1718 1427 1774 facta,

36 1803 80 1839 et
113 1803 210 1854 post
231 1793 294 1838 ibi
320 1793 478 1853 posita,
504 1807 604 1837 cum
620 1793 712 1851 jam
734 1790 902 1834 dictum
920 1791 972 1834 sit
990 1799 1040 1834 ut
1060 1789 1122 1833 ibi
1144 1791 1328 1834 fierent?
1361 1793 1429 1834 An

34 1865 137 1910 hinc
154 1866 284 1910 etiarn
308 1874 439 1925 atque
460 1864 590 1908 etiam
613 1862 900 1921 significatur,
927 1878 1015 1906 non
1038 1862 1096 1905 ita
1118 1865 1257 1905 Deum
1281 1860 1430 1905 fecisse

35 1946 86 1980 ut
97 1936 292 1981 homines
312 1935 454 1981 solent
467 1971 478 1990 ,
499 1934 575 1979 sed
596 1934 654 1978 ita
678 1942 902 1978 narratum
920 1942 970 1976 ut
986 1932 1239 1976 bominibus
1257 1933 1424 1991 potuit:

34 2006 196 2052 scilicet
226 2016 277 2051 ut
310 2006 429 2067 apud
460 2005 660 2050 homines
682 2003 802 2049 aliud
833 2004 908 2058 sit,
930 2002 1059 2061 fecit,
1090 2002 1229 2057 aliud,
1257 2004 1425 2062 posuit:

35 2077 152 2138 apud
174 2081 314 2122 Deum
336 2086 483 2121 autem
505 2085 745 2136 utrumque
768 2074 882 2118 idem
912 2074 987 2130 sit,
1024 2073 1100 2134 qui
1122 2072 1322 2118 faciendo
1347 2089 1428 2134 po-

34 2149 122 2204 nit,
148 2157 192 2193 et
207 2148 414 2208 ponendo
436 2146 574 2191 facit?

92 2221 189 2263 LII.
229 2237 248 2261 «
270 2221 327 2263 Et
353 2217 532 2278 praesint
551 2216 636 2261 diei
660 2232 707 2260 ac
728 2216 868 2272 nocti,
895 2225 938 2261 et
964 2215 1161 2260 dividant
1181 2216 1294 2260 inter
1313 2215 1428 2259 diem

37 2306 58 2330 »
92 2297 136 2333 et
158 2297 347 2333 noctem.
385 2306 405 2330 »
431 2288 604 2333 Dictum
626 2296 717 2331 erat
732 2286 908 2330 initium
933 2286 1040 2342 diei,
1066 2296 1108 2330 et
1127 2287 1300 2330 initium
1323 2302 1429 2329 noc-

35 2359 108 2416 tis,
134 2360 255 2419 quod
280 2360 350 2404 hic
372 2359 569 2418 exponit,
587 2357 798 2402 dicendo:
829 2377 849 2401 «
876 2357 1058 2402 Praesint
1080 2357 1166 2401 diei
1184 2367 1227 2401 et
1254 2358 1424 2401 nocti.»

35 2433 149 2489 Ergo
188 2430 360 2475 initium
399 2429 533 2485 illud,
576 2429 868 2490 principatum
915 2427 1157 2487 intelligere
1192 2427 1424 2481 debemus,

36 2500 138 2561 quia
176 2509 219 2545 et
256 2501 302 2544 in
342 2500 412 2544 die
440 2499 550 2545 nihil
587 2509 652 2545 est
701 2499 814 2544 inter
861 2498 934 2543 illa
963 2514 1062 2560 quae
1096 2498 1298 2543 videntur
1339 2497 1428 2542 sole

86 2594 91 2609 ¹
110 2589 176 2619 Gen
195 2598 217 2629 1,
241 2586 291 2619 16.
310 2603 350 2610 —-
372 2593 384 2609 ²
403 2586 485 2619 Ibid.
512 2597 561 2628 15·
1136 2568 1169 2599 ρ
