1854 3219
343 199 396 225 DE
429 196 641 226 DOCTRINA
673 196 927 226 CHRISTIANA
961 198 1044 226 LIB.
1081 199 1142 225 1v.
1383 185 1436 224 57

48 264 160 308 bene
178 262 490 322 intelligendis,
511 272 554 307 et
580 262 811 322 diligenter
834 278 983 307 earum
1006 262 1201 307 sensibus
1223 261 1437 321 indagan-

47 332 127 377 dis.
169 335 278 378 Sunt
300 332 416 376 enim
437 333 512 393 qui
534 348 603 377 eas
631 333 809 392 legunt,
847 342 890 377 et
919 333 1149 392 negligunt
1175 352 1183 378 :
1215 331 1368 390 legunt
1389 341 1439 376 ut

47 412 246 459 teneant,
266 401 493 461 negligunt
509 419 565 447 ne
582 402 845 462 intelligant.
864 403 1033 456 Quibus
1047 402 1176 461 longe
1193 403 1284 447 sine
1302 402 1439 446 dubio

46 473 308 535 praeferendi
335 483 458 530 sunt,
495 475 572 535 qui
593 475 726 520 verba
751 490 900 519 earum
923 474 1067 518 minus
1094 483 1247 518 tenent
1262 509 1272 528 ,
1298 483 1342 517 et
1365 489 1440 518 cor

47 561 196 590 earum
219 545 286 590 sui
314 544 456 590 cordis
478 545 616 590 oculis
636 546 802 590 vident.
840 544 925 591 Sed
947 546 1144 606 utrisque
1171 544 1245 588 ille
1266 544 1436 600 melior,

46 617 123 677 qui
140 626 183 661 et
205 633 307 662 cum
326 616 445 662 volet
465 633 535 663 eas
558 617 664 663 dicit
677 653 688 674 ,
715 627 758 662 et
775 618 889 662 sicut
910 626 1083 677 oportet
1097 615 1317 674 intelligit.

104 690 228 732 VIII.
247 689 361 733 Huic
384 704 487 748 ergo
502 688 579 750 qui
600 689 818 749 sapienter
833 687 966 733 debet
982 687 1143 743 dicere,
1166 687 1298 734 etiam
1319 687 1440 747 quod

46 774 136 805 non
152 768 295 819 potest
308 759 582 821 eloquenter,
598 760 733 806 verba
753 760 1074 820 Scripturarum
1090 768 1239 803 tenere
1253 758 1441 802 maxime

45 829 336 874 necessarium
363 839 443 875 est.
474 833 652 884 Quanto
683 831 800 875 enim
833 845 877 874 se
908 829 1215 889 pauperiorem
1236 829 1374 873 cernit
1395 829 1441 872 in

45 899 159 955 suis,
183 908 306 945 tanto
335 914 437 945 eum
464 909 638 960 oportet
669 900 716 945 in
752 900 842 945 istis
866 914 956 944 esse
983 898 1210 957 ditiorem,
1242 907 1293 943 ut
1320 896 1442 959 quod

46 968 202 1015 dixerit
224 970 311 1015 suis
341 970 483 1016 verbis
498 1006 509 1026 ‚
532 971 692 1031 probet
716 986 767 1015 ex
788 970 895 1029 illis3
921 980 964 1016 et
983 971 1060 1032 qui
1088 969 1274 1031 propriis
1296 968 1440 1013 verbis

46 1043 189 1088 minor
209 1052 301 1088 erat
313 1078 326 1099 ,
345 1059 607 1104 magnorum
625 1043 872 1088 testimonio
894 1043 1088 1104 quodam
1103 1041 1237 1087 modo
1259 1049 1437 1086 crescat.

47 1114 282 1161 Probando
303 1116 422 1160 enim
443 1115 652 1171 delectat,
683 1116 760 1177 qui
781 1115 927 1160 minus
957 1123 1101 1175 potest
1122 1113 1341 1158 delectare
1373 1111 1442 1157 di-

47 1183 202 1230 cendo.
229 1189 364 1231 Porro
388 1186 465 1247 qui
484 1202 575 1231 non
601 1186 744 1231 solum
777 1186 1009 1246 sapienter,
1035 1185 1323 1230 verumetiam
1346 1183 1440 1227 elo-

47 1265 234 1317 quenter
253 1256 349 1302 vult
370 1256 513 1302 dicere
529 1293 540 1313 ‚
566 1258 774 1318 quoniam
798 1257 996 1317 profecto
1025 1257 1124 1317 plus
1155 1255 1379 1316 proderit,
1407 1254 1441 1298 si

46 1335 286 1387 utrumque
306 1328 522 1386 potuerit,
551 1327 607 1371 ad
627 1327 836 1386 legendos
858 1327 929 1372 vel
946 1326 1187 1371 audiendos
1211 1335 1255 1369 et
1277 1324 1442 1369 exerci-

47 1397 210 1442 tatione
230 1397 465 1442 imitandos
490 1396 746 1457 eloquentes
772 1412 873 1441 eum
894 1397 1022 1441 mitto
1045 1396 1256 1440 libentius
1272 1430 1282 1450 ,
1309 1410 1441 1455 quam

47 1467 259 1526 magistris
280 1469 382 1513 artis
406 1468 634 1513 rhetoricae
650 1483 804 1513 vacare
821 1467 1029 1528 praecipio
1052 1486 1061 1512 ι
1087 1467 1121 1511 si
1143 1476 1292 1511 tamen
1313 1466 1342 1509 ii
1366 1466 1442 1526 qui

48 1538 256 1598 leguntur
277 1548 321 1584 et
343 1538 598 1595 audiuntur,
628 1555 719 1584 non
741 1538 883 1583 solum
914 1539 1187 1598 eloquenter,
1213 1537 1290 1581 sed
1311 1537 1442 1581 etiam

49 1610 267 1669 sapienter
299 1609 456 1655 dixisse
485 1609 557 1654 vel
587 1609 732 1655 dicere
751 1609 895 1654 veraci
925 1607 1234 1669 praedicatione
1255 1606 1443 1651 laudan-
1502 1654 1509 1661 ι

48 1689 136 1724 tur.
161 1680 249 1734 Qui
270 1681 387 1725 enim
403 1680 661 1741 eloquenter
680 1679 857 1735 dicunt,
876 1679 1065 1724 suaviter
1082 1699 1092 1736 3
1112 1679 1189 1739 qui
1206 1677 1438 1737 sapienter,

50 1750 282 1796 salubriter
316 1750 571 1796 audiuntur.
608 1755 793 1810 Propter
825 1748 947 1811 quod
978 1765 1068 1794 non
1096 1750 1156 1794 ait
1191 1749 1437 1808 Scriptura:

54 1840 76 1864 «
109 1819 351 1867 Multitudo
366 1821 668 1883 eloquentium
683 1856 694 1876 ,
709 1838 729 1862 »
751 1821 828 1865 sed
845 1839 854 1865 ;
875 1818 1154 1865 «Multitudo
1177 1819 1442 1879 sapientium

55 1909 75 1932 »
110 1891 268 1937 sanitas
280 1900 344 1935 est
360 1891 475 1936 orbis
490 1893 748 1935 terrarum¹.
769 1907 789 1931 »
808 1890 929 1934 Sicut
939 1899 1081 1934 autem
1098 1905 1213 1949 saepe
1230 1888 1442 1934 sumenda

51 1971 154 2006 sunt
175 1971 218 2006 et
237 1977 382 2006 amara
398 1961 588 2006 salubria
604 1996 614 2011 ,
640 1962 699 2005 ita
727 1976 896 2020 semper
916 1960 1177 2005 vitanda‘est
1199 1960 1442 2019 perniciosa

50 2031 253 2078 dulcedo.
277 2031 362 2078 Sed
383 2031 547 2077 salubri
567 2031 778 2077 suavitate
800 2031 870 2076 vel
902 2030 1023 2076 suavi
1048 2030 1303 2074 salubritate
1334 2029 1443 2090 quid

52 2101 231 2146 melius?
252 2105 428 2155 Quanto
442 2102 557 2146 enim
577 2102 713 2161 magis
735 2101 823 2146 illic
845 2102 1065 2162 appetitur
1086 2101 1296 2157 suavitas,
1317 2109 1442 2145 tanto

51 2171 220 2218 facilius
254 2172 483 2218 salubritas
514 2172 706 2232 prodest.
751 2175 863 2218 Sunt
897 2189 999 2232 ergo
1031 2171 1305 2217 ecclesiastici
1334 2172 1438 2226 viri,

53 2244 130 2304 qui
151 2242 300 2288 divina
323 2243 510 2304 Eloquia
536 2260 626 2288 non
649 2243 789 2288 solum
818 2245 1050 2304 sapienter,
1081 2243 1157 2288 sed
1186 2242 1443 2303 eloquenter

54 2315 184 2359 etiam
212 2323 509 2360 tractaverunt
535 2335 544 2361 :
581 2316 740 2376 quibus
774 2315 966 2374 legendis
994 2315 1130 2374 magis
1162 2330 1252 2359 non
1281 2315 1442 2358 suffieit

54 2394 227 2445 tempus
243 2421 254 2441 ,
297 2402 431 2447 quam
475 2385 623 2431 deesse
666 2386 746 2446 ipsi
786 2386 1064 2431 studentibus
1103 2394 1147 2430 et
1185 2385 1440 2431 vacantibus

53 2464 251 2515 possimt.

104 2546 115 2563 ¹
135 2540 209 2583 Sap.
230 2551 277 2582 Vl,
295 2540 350 2573 26.
