1854 3219
386 185 470 226 240
817 199 850 223 s.
888 195 1118 224 Auousnm
1152 197 1333 226 Eriscom

384 262 638 307 infirmitate
661 259 939 321 perficiendae
967 262 1117 307 virtuti
1139 263 1388 308 necessariae
1411 263 1498 308 sint
1517 265 1775 310 tentationes

385 343 429 377 ct
450 332 659 377 molestiae
691 331 935 392 corporales
951 367 961 387 ,
987 332 1141 377 eodem
1168 349 1314 379 rursus
1337 333 1548 394 Apostolo
1570 334 1776 380 manifes-

386 413 504 449 tante
523 403 600 464 qui
626 403 707 458 ait,
738 403 784 447 in
805 403 1108 462 magnitudine
1130 405 1447 450 revelationum
1473 419 1528 449 ne
1550 405 1778 451 extollere-

386 485 472 532 tur,
498 475 651 520 datum
669 475 749 520 sibi
765 490 855 519 esse
871 475 1098 520 stimulum
1122 477 1286 533 carnis,
1313 476 1520 535 angelum
1538 478 1708 522 Satanae
1728 487 1779 523 ut

385 563 487 593 eum
509 547 828 608 colaphizaret,
858 556 1147 609 rogatumque
1169 565 1192 593 a
1219 564 1263 593 se
1286 548 1522 593 Dominum
1552 548 1702 604 tertio,
1727 558 1779 594 ut

384 619 626 664 discederet
657 617 712 662 ab
733 633 806 674 eo,
837 618 1107 678 respondisse
1132 618 1243 664 sibi:
1274 638 1295 662 «
1330 619 1499 664 Sussicit
1528 619 1609 663 tibi
1644 619 1779 678 gratia

386 708 407 732 »
442 705 538 734 mea
556 711 566 737 :
598 705 699 734 nam
720 689 857 734 virtus
874 689 920 734 in
943 691 1193 735 infirmitate
1215 690 1439 750 perficitur
1457 693 1486 734 ¹.
1506 708 1527 731 »
1551 693 1714 734 Tamen
1735 699 1780 735 et

384 771 558 807 sanctus
580 759 734 806 Daniel
751 761 864 806 inter
884 759 1031 806 leones
1053 761 1197 806 salvus
1221 770 1353 821 atque
1383 760 1628 821 intrepidus
1648 761 1774 818 vixit,

384 833 460 893 qui
484 848 574 877 non
607 832 761 892 utique
792 835 882 877 Deo
914 832 1128 876 mentiens
1161 832 1206 876 in
1235 832 1456 887 oratione,
1486 847 1577 876 non
1605 840 1779 876 tantum

385 913 561 964 peccata
583 902 736 964 populi
761 902 854 958 sui,
884 903 960 947 sed
989 904 1119 948 etiam
1153 919 1229 948 sua
1253 902 1471 948 fatetur‘2:
1496 912 1539 947 et
1570 903 1615 947 in
1644 903 1779 963 ipsius

383 974 581 1034 Apostoli
605 990 740 1019 manu
762 974 983 1019 mortifera
1008 975 1156 1034 vipera
1175 974 1349 1019 inhaesit
1365 1009 1375 1029 ,
1402 989 1482 1019 nec
1508 974 1664 1018 laesit3.
1691 977 1778 1018 Po-

387 1054 566 1090 tuerunt
587 1061 689 1104 ergo
715 1045 796 1089 ista
818 1045 947 1089 etiam
971 1054 1113 1089 creata
1136 1044 1245 1089 nihil
1268 1060 1424 1089 nocere
1441 1080 1452 1099 ,
1480 1045 1513 1089 si
1537 1060 1665 1090 causa
1688 1060 1778 1089 non

384 1117 619 1172 extitisset,
655 1116 725 1160 vel
754 1116 1058 1161 ter1·‹1=n‹.loruin
1099 1115 1514 1177 puniendorumque
1542 1117 1745 1161 vitiorum
1763 1151 1774 1172 ,

383 1188 447 1231 vel
479 1187 720 1248 probandze
745 1187 1111 1247 perliciendrcque
1140 1187 1339 1231 virtutis:
1367 1188 1469 1247 quia
1504 1196 1547 1230 et
1581 1187 1777 1247 exempla

382 1268 485 1302 sunt
509 1257 847 1302 demonstranda
870 1257 1117 1316 patientise,
1146 1257 1200 1300 ad
1218 1258 1465 1317 profectum
1489 1266 1774 1315 caeterorum,

382 1339 426 1373 ct
457 1329 547 1388 ipse
576 1328 657 1372 sibi
677 1329 809 1372 homo
839 1328 883 1371 in
912 1327 1226 1372 tentationibus
1258 1328 1416 1371 certius
1444 1328 1703 1386 innotescit,
1733 1337 1777 1373 et

376 1402 492 1460 juste
515 1399 628 1445 salus
651 1399 723 1444 illa
745 1409 978 1459 perpetua,
1005 1416 1103 1459 quae
1126 1399 1311 1459 turpiter
1340 1400 1491 1444 amissa
1515 1409 1579 1444 est
1604 1416 1681 1460 per
1701 1416 1776 1445 vo—

382 1471 619 1532 luptatem,
641 1471 810 1517 sortiter
833 1471 1039 1532 recipitur
1060 1486 1137 1531 per
1159 1469 1370 1515 dolorem.

384 1630 451 1645 ΜΙΛΑ
457 1630 522 1645 ww}
526 1629 593 1645 «AM
598 1629 664 1645 ἋΜ
669 1629 735 1645 ‘Em
742 1627 1094 1645 WVQVVUU'OEW1W'KOEMNS
1098 1627 1378 1644 mmmmm
1382 1628 1522 1644 MVVQWV!
1529 1628 1664 1644 wumvm
1668 1628 1776 1645 valw

881 1752 1100 1802 CAPUT
1142 1755 1279 1803 XVI.

595 1896 776 1943 Bestia?
800 1911 1000 1943 mvzeem
1021 1905 1245 1942 nocentes
1266 1911 1354 1941 cm*
1372 1905 1567 1942 ereatce.

439 2036 580 2079 XXV.
606 2037 739 2079 Diem
758 2033 933 2094 aliquis:
960 2036 1051 2079 Cur
1075 2048 1178 2092 ergo
1200 2032 1386 2077 invicem
1416 2032 1567 2077 bestiae
1590 2041 1773 2090 nocent,

379 2106 540 2167 quibus
574 2121 654 2150 nec
683 2114 860 2166 peccata
891 2104 981 2149 ulla
1013 2113 1135 2159 sunt,
1166 2112 1217 2148 ut
1246 2102 1439 2148 vindicta
1470 2104 1549 2148 ista
1587 2103 1774 2160 dicatur,

378 2193 458 2222 nec
481 2176 617 2222 ullam
641 2176 860 2236 recipiunt
883 2174 956 2220 tali
985 2174 1292 2219 exercitatione
1320 2174 1560 2218 virtutem?
1583 2173 1688 2218 Ideo
1709 2174 1778 2218 ni-

379 2248 563 2303 mirum,
595 2247 698 2308 quia
730 2247 892 2291 scilicet
920 2246 1017 2291 aliae
1044 2246 1134 2289 cibi
1169 2253 1273 2290 sunt
1304 2244 1503 2288 aliarum.
1539 2246 1628 2290 Nec
1660 2253 1777 2290 recte

374 2334 604 2379 possumus
622 2318 766 2363 dicere
784 2320 905 2364 :Non
918 2326 1061 2362 essent
1076 2315 1171 2361 aliae
1190 2315 1352 2377 quibus
1369 2315 1466 2359 aliae
1477 2324 1772 2361 vescerentur.

378 2392 553 2435 Habent
578 2390 695 2434 enim
716 2391 862 2434 omnia
883 2388 1081 2451 quandiu
1104 2398 1228 2443 sunt,
1259 2403 1505 2443 mensuras,
1535 2402 1765 2442 numeros,

375 2461 549 2507 ordines
571 2477 698 2516 suos,
724 2476 823 2519 quae
847 2469 1006 2505 cuncta
1033 2459 1189 2504 merito
1217 2457 1491 2504 considerata
1513 2456 1767 2513 laudantur,

423 2565 430 2582 ¹
456 2568 474 2591 2
493 2561 565 2592 Cor.
584 2569 639 2600 xu,
658 2568 691 2600 9.
709 2574 749 2580 --
771 2563 782 2580 ²
803 2559 882 2589 Dan.
903 2568 948 2599 vi,
969 2565 1026 2592 22:
1050 2560 1083 2589 et
1101 2567 1167 2598 xw,
1188 2555 1241 2589 38.
1259 2556 1385 2589 -Ach
1403 2565 1518 2597 xxvm,
1536 2553 1570 2587 5.
