1854 3219
396 196 448 235 *14
836 203 869 232 S·
908 205 1137 233 AUGUSTINI
1171 205 1352 231 EPISCOPI

398 294 416 313 »
454 275 638 332 positum
659 281 699 315 et
723 272 904 330 gratiani
923 307 933 326 ,
960 288 1058 331 quse
1081 271 1180 315 data
1198 280 1262 314 cst
1282 270 1404 313 nobis
1420 270 1463 313 in
1485 270 1657 314 Christo
1676 272 1778 313 Jesu

397 364 416 384 »
453 354 552 387 :inte
574 342 730 385 saecula
756 351 917 386 :eterna
935 378 945 398 ,
980 342 1249 386 manifestata
1278 350 1424 385 autem
1446 357 1564 385 nunc
1599 357 1676 400 per
1700 341 1780 386 ad-

397 434 415 454 »
452 423 630 456 ventum
672 412 901 456 Salvatoris
944 413 1078 456 nostri
1099 415 1126 455 ¹.
1168 430 1187 452 »
1229 415 1382 455 Datam
1424 411 1531 456 dixit
1572 412 1750 470 gratiam
1767 447 1777 466 ,

392 484 570 543 qnando
600 500 678 527 nec
716 492 837 526 erant:
875 482 1018 527 adhuc
1057 483 1215 542 quibus
1250 481 1454 529 daretur:
1494 483 1781 542 quoniam.in

392 555 673 614 dispositione
710 570 756 596 ac
795 553 1175 612 praedestinatione
1210 553 1287 596 Dei
1320 554 1411 612 jam
1456 553 1621 597 sactum
1658 562 1777 608 erat,

391 625 512 685 quod
529 641 607 668 suo
631 634 825 682 tempore
839 623 1039 667 futurum
1053 632 1158 675 erat,
1175 623 1294 683 quod
1307 624 1397 683 ipse
1412 622 1517 668 dicit
1530 622 1780 668 manifesta-

395 707 501 740 tuin.
531 696 737 748 Quamvis
755 695 847 738 liaec
871 695 1038 754 possint
1056 694 1239 754 intelligi
1265 694 1382 739 etde
1405 705 1512 739 terra
1535 694 1674 739 futuri
1702 710 1782 739 330-

390 768 475 811 culi
494 803 504 821 ‚
539 766 718 826 quando
751 767 832 810 erit
854 767 1018 810 eoelum
1042 782 1208 811 novum
1234 776 1276 810 et
1307 776 1419 811 terra
1437 771 1598 821 nova‘2‚
1626 767 1672 810 in
1694 783 1780 826 qua

390 838 536 897 injusti
557 838 752 881 habitare
777 853 866 881 non
890 847 1112 897 poterunt.
1135 841 1192 882 Et
1214 837 1314 883 ideo
1345 847 1460 882 recte
1493 837 1651 882 dicitur
1673 838 1778 896 piis,

389 908 510 967 quod
535 909 625 967 ipsa
647 909 701 952 sit
734 917 845 952 terra
879 923 1030 952 eorum
1049 944 1060 961 ‚
1093 924 1193 968 quae
1222 907 1312 952 ulla
1342 924 1392 952 ex
1424 917 1547 968 parte
1577 924 1666 953 non
1701 908 1782 951 erit

389 979 625 1037 impiorum
647 998 656 1023 :
678 978 780 1039 quia
798 987 842 1023 ct
862 978 955 1038 ipsa
982 977 1179 1023 similiter
1200 977 1300 1024 data
1323 988 1412 1035 est,
1436 977 1614 1039 quando
1636 977 1780 1022 danda

390 1051 557 1095 firmata
580 1059 658 1094 est.

391 1197 639 1213 nzmfflmwn
644 1197 920 1214 mmmmm
926 1197 1139 1214 ΜΜΜΛΛΜ
1144 1197 1780 1214 ὉΝΜΜΝΨἏΜΜΜἋΝἉΛΛΜνἋἏὶ

839 1318 1058 1369 CAPUT
1114 1320 1320 1367 XXXV.

753 1461 944 1524 Regula
966 1463 1135 1522 quinta
1167 1462 1405 1508 Ticlzom‘i.

446 1603 495 1644 L.
517 1602 725 1653 QUINTAM
753 1590 987 1644 Tichonius
1001 1598 1195 1658 regulam
1214 1599 1356 1660 ponit,
1372 1614 1505 1660 quam
1525 1597 1585 1644 cle
1604 1608 1779 1660 tempo-

387 1670 517 1716 ribus
532 1671 722 1732 appellat
744 1690 752 1716 :
778 1687 864 1732 qua
882 1671 1032 1731 regula
1049 1671 1311 1732 plerumque
1328 1671 1513 1716 inveniri
1528 1671 1600 1716 vel
1621 1672 1779 1733 conjici

385 1744 519 1803 possit
551 1743 689 1788 latens
716 1743 760 1786 in
796 1743 1028 1803 Scripturis
1055 1743 1212 1788 sanctis
1250 1744 1471 1803 quantitas
1510 1753 1774 1804 temporum.
1814 1794 1820 1799 ,

386 1814 567 1858 Duobus
590 1823 737 1858 autem
755 1814 895 1858 modis
913 1813 1059 1873 vigere
1082 1812 1184 1858 dicit
1204 1814 1318 1858 hanc
1331 1812 1542 1873 regulam,
1559 1823 1634 1858 aut
1650 1823 1778 1875 tropo

385 1884 659 1943 synecdoche
683 1920 693 1939 ‚
740 1894 816 1929 aut
852 1883 1053 1943 legitimis
1095 1885 1302 1929 numeris.
1349 1888 1517 1945 Tropus
1560 1887 1778 1944 synecdo-

384 1957 490 2011 che,
527 1965 603 2000 aut
639 1972 663 2000 a
696 1965 818 2016 parte
848 1964 1019 2011 totum,
1056 1965 1132 2000 aut
1162 1972 1186 2000 a
1224 1965 1317 2001 toto
1349 1965 1519 2017 partem
1559 1956 1664 2001 facit
1705 1958 1776 2002 in-

387 2026 522 2085 telligi
568 2045 576 2070 :
625 2026 737 2070 sicut
779 2041 893 2070 unus
927 2026 1199 2086 Evangelista
1234 2036 1332 2087 post
1354 2027 1444 2072 dies
1482 2036 1581 2072 octo
1610 2027 1776 2072 factum

384 2095 541 2151 dit-iffi,
567 2095 687 2156 quod
709 2096 818 2141 alius
841 2106 939 2156 post
957 2097 1048 2141 dies
1076 2112 1169 2153 sex,
1196 2098 1375 2158 quando
1397 2098 1443 2141 in
1465 2107 1615 2143 monte
1638 2099 1775 2144 Disci-

384 2166 498 2226 pulis
524 2176 692 2211 tantum
726 2167 865 2211 tribus
897 2168 1184 2227 praesentilms
1216 2167 1346 2213 facies
1368 2168 1542 2213 Domini
1571 2167 1693 2213 fulsit
1726 2179 1776 2215 ut

383 2239 443 2282 sol
462 2274 472 2293 ‚
494 2248 536 2282 et
557 2239 811 2283 vestimenta
834 2240 926 2300 ejus
945 2240 1055 2284 sicut
1073 2240 1145 2283 nix
1159 2241 1190 2284 ⁴.
1216 2242 1459 2301 Utrumque
1481 2241 1597 2284 enim
1621 2257 1774 2286 verum

384 2324 473 2352 csse
496 2324 583 2352 non
600 2318 743 2368 posset
759 2344 769 2363 ‚
795 2309 913 2369 quod
937 2310 991 2354 de
1010 2326 1192 2355 numero
1209 2309 1379 2354 dierum
1402 2311 1567 2355 dietum
1587 2321 1666 2366 est,
1692 2312 1772 2357 nisi

385 2378 457 2423 ille
479 2379 554 2439 qui
577 2379 685 2424 dixit
701 2414 712 2435 ‚
743 2399 762 2422 «
784 2384 885 2425 Post
908 2380 1000 2425 dies
1022 2390 1146 2438 octo,
1170 2399 1190 2423 »
1217 2381 1484 2441 intelligatur
1507 2392 1674 2442 partem
1698 2399 1772 2428 no-

432 2482 439 2498 ¹
463 2486 481 2507 2
506 2477 630 2517 Tium,
651 2487 685 2519 9,
708 2488 759 2509 10.
794 2495 836 2501 —
861 2485 873 2499 ²
900 2480 1000 2519 Apoc.
1028 2487 1144 2518 xx1,1.
1165 2494 1208 2502 -κ
1239 2475 1253 2500 3
1272 2479 1350 2510 Luc.
1375 2489 1424 2519 ix,
1447 2477 1501 2509 28.
1537 2495 1577 2500 ——
1609 2477 1626 2507 4
1651 2480 1769 2512 matth.

384 2544 461 2573 xvii,
484 2544 512 2574 ις
530 2537 562 2565 et
579 2535 676 2565 Marc.
694 2544 736 2566 ix.
763 2545 790 2565 ι.
