1854 3219
391 190 472 226 210
831 201 863 225 s.
901 199 1125 227 Auous‘rim
1162 200 1338 227 ωηο-(01η

384 264 621 309 collocatus
654 273 719 308 est
747 262 935 308 mundus
951 299 962 319 ,
1005 279 1276 324 consequens
1311 271 1403 307 erat
1440 272 1488 306 ut
1522 263 1776 322 impleretur

382 335 580 395 partibus
596 334 710 380 intra
732 335 982 379 universum
999 370 1010 390 ,
1029 351 1129 396 quae
1145 334 1200 379 de
1222 334 1321 379 loco
1345 333 1550 378 inlocum
1573 334 1776 393 congruis

382 406 574 451 motibus
609 408 870 465 agerentur?
899 408 1034 468 Cujus
1062 407 1231 466 generis
1253 406 1402 451 herbae
1430 415 1562 467 atque
1600 406 1776 451 arbores

383 492 474 522 non
490 486 607 522 sunt.
625 476 862 522 Radicibus
879 477 1042 538 quippe
1056 478 1136 523 ista
1154 478 1236 523 fixa
1259 487 1361 523 sunt
1378 487 1504 522 terrae
1532 496 1540 523 ι
1566 486 1611 522 ct
1625 493 1778 538 quam-

383 549 447 594 vis
469 549 662 594 habeant
681 557 826 594 motus
858 549 1228 595 incrementorum
1256 565 1461 605 suorum,
1496 547 1551 594 de
1574 547 1678 594 locis
1711 558 1777 595 ta-

380 634 481 665 men
496 620 679 681 propriis
692 636 784 666 non
801 630 1033 667 moventur
1046 621 1213 666 nisibus
1231 620 1341 678 suis,
1360 619 1438 680 sed
1458 619 1538 665 ubi
1555 620 1638 665 fixa
1652 629 1772 678 sunt,

377 691 438 736 ibi
461 691 640 738 aluntur
653 701 696 737 et
717 702 919 738 crescunt
944 712 952 739 ι
976 703 1206 754 propterea
1223 692 1357 751 magis
1370 692 1595 753 pertinent
1613 690 1671 736 ad
1691 701 1776 737 ter-

379 778 472 808 ram
486 798 497 820 ,
518 779 652 824 quam
674 762 730 808 ad
752 779 910 823 genera
932 780 1078 809 rerum
1094 799 1106 820 ,
1130 779 1230 825 quae
1253 763 1299 808 in
1321 763 1444 824 aquis
1464 773 1509 808 et
1526 763 1653 809 terris
1675 778 1774 809 mo-

381 844 554 880 ventur.
582 835 694 890 Quia
715 851 819 895 ergo
840 835 1000 882 visibili
1032 835 1200 880 mundo
1223 834 1532 880 constituendo
1547 870 1558 891 ,
1581 835 1664 880 hoc
1693 844 1772 892 est,

378 905 491 951 coelo
514 916 557 952 et
588 916 736 963 terrae,
762 907 852 953 duo
873 916 976 951 sunt
997 906 1199 952 attributi
1222 906 1336 963 dies,
1362 915 1494 952 restat
1515 915 1566 951 ut
1588 906 1654 950 his
1677 921 1774 952 mo-

376 978 541 1024 bilibus
560 989 606 1024 et
621 978 866 1025 visibilibus
888 979 1085 1040 partibus
1100 1014 1112 1036 ,
1137 995 1239 1041 quae
1262 988 1468 1024 creantur
1489 979 1606 1023 intra
1626 977 1771 1036 illum,

379 1058 462 1095 tres
490 1049 587 1096 dies
609 1050 766 1112 reliqui
795 1051 1079 1111 deputentur.
1121 1054 1178 1096 Et
1192 1051 1295 1113 quia
1324 1051 1436 1097 sicut
1459 1051 1578 1111 prius
1607 1049 1771 1096 coelum

377 1119 543 1166 factum
566 1130 654 1178 est,
686 1122 745 1166 ita
776 1123 896 1182 prius
922 1132 990 1167 est
1017 1123 1266 1168 ornandum
1294 1122 1555 1184 hujusmodi
1577 1121 1775 1182 partibus

375 1194 490 1252 suis,
514 1202 671 1254 quarto
693 1192 764 1238 die
785 1194 899 1238 fiunt
910 1193 1072 1250 sidera,
1104 1194 1266 1255 quibus
1288 1209 1417 1253 super
1442 1203 1602 1238 terram
1614 1192 1774 1238 lucen-

378 1264 496 1309 tibus
518 1265 729 1311 habitatio
747 1280 926 1327 quoque
948 1264 1189 1310 illustretur
1208 1264 1412 1321 inferior,
1436 1280 1491 1309 ne
1504 1263 1773 1310 habitatores

377 1337 471 1396 ejus
494 1336 540 1381 in
554 1337 870 1382 habitationem
886 1337 1162 1382 tenebrosam
1176 1335 1458 1382 inducantur.
1479 1339 1537 1382 Et
1552 1335 1652 1381 ideo
1669 1335 1773 1396 quia
1831 1368 1837 1370 a

377 1408 551 1453 infirma
573 1424 755 1469 corpora
777 1406 1036 1454 inferiorum
1057 1408 1375 1464 habitatorum,
1396 1407 1660 1453 succedente
1673 1422 1771 1453 mo·
1820 1433 1823 1436 ·

380 1479 497 1525 tibus
519 1481 666 1541 quiete
688 1489 967 1541 reparantur,
991 1479 1159 1525 factum
1180 1489 1245 1525 est
1263 1489 1314 1525 ut
1332 1480 1635 1525 circumeunte
1656 1478 1769 1536 sole,

378 1550 466 1596 diei
484 1553 712 1613 noctisque
738 1551 1034 1597 vicissitudine
1050 1587 1061 1609 ,
1097 1561 1276 1613 propter
1299 1549 1643 1597 vicissitudinem
1669 1549 1773 1595 dor-

378 1621 545 1667 miendi
563 1632 606 1667 et
623 1622 831 1681 vigilandi
844 1624 1091 1684 potirentur
1116 1642 1125 1669 ε
1147 1639 1233 1669 nox
1250 1638 1353 1669 vero
1370 1622 1445 1668 illa
1459 1639 1550 1668 non
1568 1621 1774 1668 indecora

378 1703 642 1750 remaneret,
663 1693 738 1739 sed
756 1694 875 1739 lunae
898 1711 947 1740 ac
973 1695 1166 1741 siderum
1183 1695 1281 1740 luce
1298 1731 1309 1751 ,
1331 1705 1377 1740 et
1392 1695 1505 1755 ipsos
1527 1692 1774 1740 consolare-

379 1774 452 1810 tur
473 1766 694 1825 homines,
719 1766 880 1827 quibus
900 1766 1160 1827 plerumque
1183 1765 1394 1827 operandi
1417 1775 1481 1811 est
1508 1766 1642 1811 etiam
1663 1781 1772 1811 noc-

382 1846 510 1882 turna
533 1837 788 1897 necessitas,
816 1847 860 1883 et
891 1837 1155 1899 quibusdam
1184 1837 1445 1883 animalibus
1463 1873 1474 1894 ,
1500 1853 1602 1898 quae
1627 1836 1774 1886 lucem
1805 1847 1807 1849 “
1849 1862 1852 1887 ;

382 1908 481 1955 solis
502 1907 615 1957 ferre
634 1925 724 1956 non
745 1918 948 1970 possunt,
972 1908 1029 1954 ad
1045 1909 1352 1957 sufficientiam
1370 1917 1700 1970 temperaretur.
