1854 3219
353 256 408 283 DE
440 256 591 285 ozuzsr
623 253 678 284 An
710 254 951 296 Lim-reum,
987 258 1070 285 Lm.
1106 259 1147 285 v.
1184 257 1187 260 ·
1361 247 1445 287 315

58 320 188 366 facies
223 328 365 364 terrae.
413 319 620 364 Fortassis
657 335 761 379 ergo
798 330 1028 380 peccatum
1059 321 1289 366 hominum
1330 322 1445 367 hanc

57 392 190 439 etiam
210 406 390 452 poenam
425 391 708 447 commeruit,
733 400 784 435 ut
809 400 928 436 tanta
949 391 1064 436 illius
1087 391 1219 437 fontis
1252 409 1445 454 repressa

55 463 233 522 largitas
248 461 502 507 facillimam
524 463 648 509 terris
670 461 860 508 auferret
880 463 1231 519 foecunditatem,
1249 474 1300 509 ut
1320 468 1445 510 inco-

54 533 242 579 lentium
278 541 509 591 augeretur
539 531 680 577 labor.
712 536 859 581 Posset
891 534 975 578 hoc
1006 534 1202 594 quamvis
1238 534 1363 579 nulla
1400 534 1447 580 id

58 605 279 665 Scriptura
300 605 538 650 narraverit
548 641 564 661 ¹,
593 605 807 650 affirmare
827 606 1020 650 humana
1052 605 1241 665 suspicio
1257 641 1268 661 ,
1293 607 1375 650 nisi
1397 606 1445 651 il-

53 675 133 720 lud
156 685 403 721 occurreret
423 695 431 721 :
464 675 585 737 quod
605 685 834 736 peccatum
855 676 1084 721 hominum
1099 713 1109 732 ,
1130 677 1202 721 cui
1223 692 1356 736 poena
1378 675 1445 721 la-

53 747 171 791 boris
194 747 395 806 imposita
412 756 491 802 est,
515 756 614 807 post
632 747 821 807 paradisi
842 746 1016 791 delicias
1040 747 1203 792 extitit:
1221 747 1445 808 paradisus

53 826 200 861 autem
220 817 412 861 habebat
447 818 751 877 praegrandem
781 816 950 862 sontem
977 834 1105 862 suum
1122 853 1133 873 ,
1159 817 1214 862 de
1234 834 1323 879 quo
1344 827 1446 878 post

52 888 303 947 diligentius
325 903 404 932 suo
427 888 526 933 1000
550 888 826 949 loquendum
848 898 939 933 est:
969 904 1023 932 ex
1044 890 1169 949 cujus
1190 905 1280 934 uno
1302 890 1444 950 capite

51 968 241 1019 quatuor
262 974 420 1017 magna
445 959 627 1003 flumina
649 969 693 1004 et
714 969 817 1004 nota
841 959 1044 1018 gentibus
1065 975 1241 1004 manare
1258 976 1443 1005 narran-

16 1081 21 1087 .
51 1040 138 1076 tur.
173 1029 258 1075 Ubi
279 1045 381 1089 ergo
405 1039 497 1074 erat
519 1028 616 1075 fons
634 1032 713 1075 iste
736 1041 812 1075 aut
831 1031 909 1076 ista
933 1031 1115 1076 flumina
1131 1067 1142 1087 ,
1167 1032 1346 1092 quando
1370 1031 1445 1077 ille

51 1118 166 1147 unus
188 1102 399 1146 maximus
438 1102 701 1147 ascendebat
722 1103 776 1147 de
799 1112 913 1147 terra
929 1139 940 1158 ,
972 1112 1015 1147 et·
1041 1103 1246 1161 irrigabat
1267 1117 1444 1148 omnem

50 1173 207 1219 faciem
224 1175 381 1218 terrae?
398 1176 526 1218 Certe
544 1174 661 1217 enim
681 1183 786 1219 tuuc
809 1190 898 1219 non
921 1176 1065 1230 Geon,
1093 1175 1169 1234 qui
1188 1174 1350 1219 dicitur
1366 1175 1444 1219 Ni-

49 1243 134 1300 lus,
149 1260 264 1288 unus
286 1259 337 1288 ex
357 1243 443 1288 illis
466 1253 670 1306 quatuor,
688 1245 857 1303 rigabat
873 1248 1134 1304 AEgyptum,
1147 1244 1326 1305 quando
1345 1243 1443 1289 fons

51 1315 312 1360 ascendebat
334 1314 389 1359 de
410 1323 545 1370 terra,
571 1325 615 1359 et
635 1331 725 1360 non
747 1319 991 1376 AEgyptum
1013 1325 1186 1360 tantum
1202 1351 1213 1371 ,
1244 1316 1320 1360 sed
1342 1331 1441 1361 om·-

49 1401 151 1430 nem
169 1385 325 1430 faciem
342 1394 469 1429 terrae
490 1385 689 1430 satiabat.
1427 1401 1430 1402 ⁷

106 1459 255 1501 XXII.
289 1459 360 1501 An
382 1456 524 1516 primo
546 1459 686 1500 Deum
721 1456 910 1501 voluisse
943 1456 1215 1501 credendum
1237 1467 1301 1502 est
1317 1493 1328 1513 ,
1352 1473 1443 1503 uno

48 1526 167 1572 fonte
196 1526 384 1572 maximo
406 1527 582 1585 irrigare
604 1542 780 1571 omnem
813 1536 970 1570 terram
988 1562 999 1582 ,
1031 1536 1081 1571 ut
1103 1527 1175 1572 illa
1199 1544 1299 1588 quae
1322 1529 1368 1572 in
1391 1544 1442 1574 ea

46 1599 345 1660 principaliter
366 1598 645 1654 condiderat,
672 1608 851 1659 accepto
874 1599 1069 1643 humoris
1093 1599 1335 1660 adjutorio,
1350 1602 1442 1661 jam

48 1670 178 1714 etiam
196 1685 274 1730 per
293 1668 549 1730 temporalia
571 1671 708 1729 spatia
737 1670 1035 1729 gignerentur,
1061 1686 1139 1730 pro
1163 1687 1343 1716 suorum
1363 1687 1440 1731 ge-

48 1755 202 1786 nerum
222 1739 470 1784 diversitate
483 1740 614 1784 etiam
629 1740 804 1785 diversis
820 1741 1009 1784 numeris
1028 1740 1222 1799 dierum,
1238 1751 1281 1786 et
1293 1751 1441 1803 postea

47 1810 244 1872 plantato
258 1810 456 1870 paradiso
470 1811 718 1870 repressisse
739 1810 865 1856 illum
885 1809 1068 1867 fontem,
1086 1812 1324 1873 multisque
1341 1812 1441 1857 fon-

3 1931 5 1933 ,
46 1883 164 1928 tibus
179 1919 190 1939 ,
214 1883 329 1927 sicut
339 1883 430 1943 jam
452 1898 572 1933 nunc
590 1882 811 1937 videmus,
828 1882 1071 1942 implevisse
1089 1893 1272 1942 terram,
1291 1884 1346 1928 de
1366 1900 1442 1944 pa-

46 1953 178 1999 radisi
199 1963 346 1998 autem
360 1970 451 1998 uno
464 1953 587 1999 fonte
605 1963 794 2014 quatuor
810 1950 1002 2012 ingentia
1017 1955 1200 1999 flumina
1220 1954 1410 2000 divisisse
1426 1977 1437 2014 3

46 2034 97 2070 ut
126 2034 170 2070 et
186 2034 301 2070 terra
325 2034 482 2070 caetera
503 2034 801 2069 creaturarum
824 2040 998 2068 suarum
1028 2025 1158 2085 plena
1182 2026 1435 2085 generibus,

46 2112 262 2156 congruos
297 2111 501 2141 numeros
523 2112 701 2141 suorum
727 2105 976 2156 temporum
1015 2097 1241 2155 agentibus
1258 2133 1269 2153 ,
1294 2097 1438 2142 fontes

46 2168 180 2213 etiam
210 2183 309 2212 suos
331 2167 514 2212 haberet
535 2183 583 2211 ac
604 2168 786 2225 fluvios,
811 2177 855 2212 et
872 2166 1096 2227 paradisus
1116 2167 1215 2212 loco
1236 2168 1438 2213 electiore

45 2238 287 2300 plantatus,
313 2247 502 2299 quatuor
523 2235 594 2282 illa
618 2238 801 2282 flumina
822 2254 873 2282 ex
895 2238 1036 2298 capite
1064 2239 1130 2282 sui
1151 2239 1285 2284 fontis
1309 2241 1437 2285 emit—

44 2319 180 2354 teret:
207 2318 283 2353 aut
305 2325 354 2353 ex
375 2309 468 2369 ipso
486 2325 575 2353 uno
597 2307 718 2353 fonte
741 2308 926 2369 paradisi
950 2309 1088 2354 multo
1111 2309 1272 2368 largius
1297 2326 1437 2355 exun-

45 2381 198 2436 dante,
229 2381 347 2440 prius
379 2389 515 2424 totam
536 2379 732 2437 irrigasse
753 2389 938 2435 terram,
971 2390 1104 2441 atque
1136 2380 1192 2425 ad
1229 2382 1461 2441 parienda

44 2466 122 2511 per
143 2459 389 2510 temporum
406 2466 610 2495 numeros
629 2465 786 2509 genera
800 2486 811 2506 ,
837 2451 997 2511 quaein
1018 2467 1067 2495 ea
1085 2452 1175 2496 sine
1198 2452 1436 2496 intervallis

41 2530 288 2581 temporum
311 2531 545 2577 creaverat,
563 2521 862 2580 toacuudasse3
880 2539 929 2567 ac
948 2532 1097 2582 postea
1119 2524 1366 2584 repressisse
1388 2524 1436 2567 in

46 2606 96 2636 eo
119 2591 213 2637 loco
231 2608 444 2652 aquarum
467 2593 742 2651 eruptionem
765 2593 1072 2647 vastissimam,
1105 2603 1155 2638 ut
1177 2593 1231 2637 de
1254 2593 1433 2638 diversis
