1854 3219
345 267 400 294 DE
431 265 582 294 οΕΝΕεῐ
613 260 669 291 An
701 261 940 302 LITTERAM,
967 265 1049 292 ΜΒ.
1072 266 1114 293 v.
1358 253 1437 292 331

61 329 207 375 dentia
227 328 460 389 gubernari
487 348 496 374 :
521 330 635 373 hanc
657 336 802 373 autem
821 328 952 373 imam
973 336 1141 389 partem
1163 337 1379 373 terrenam
1403 339 1446 374 et

58 401 289 447 humidam
305 436 316 456 ‚
334 400 530 460 aerisque
552 399 680 460 hujus
697 399 914 443 vicinioris
932 400 1007 460 qui
1024 409 1238 444 terrarum
1255 407 1297 443 et
1315 415 1446 460 aqua-

61 487 161 517 rum
197 469 547 516 exhalationibus
578 470 812 525 humescit,
852 469 898 513 in
934 486 1022 530 quo
1058 469 1178 514 venti
1218 469 1446 530 nubesque

59 550 351 602 consurgunt,
395 540 563 585 casibus
592 540 736 600 potius
758 547 801 584 et
830 538 1018 584 fortuitis
1049 539 1241 584 motibus
1274 540 1442 598 agitari.

61 616 226 660 Contra
245 613 326 657 hos
359 611 476 657 enim
501 610 697 672 loquitur
718 610 914 655 Psalmus
930 646 941 667 ‚
971 611 1048 671 qui
1068 625 1170 656 cum
1199 609 1449 670 explicasset

62 682 241 730 laudem
261 682 503 728 coelestium
518 717 529 738 ,
550 696 594 726 se
614 681 745 726 etiam
778 680 835 726 ad
855 681 934 726 ista
967 680 1173 726 inferiora
1204 681 1445 736 convertit,

62 754 236 800 dicens:
266 773 287 798 «
307 752 501 799 Laudate
520 753 756 798 Dominum
771 751 826 796 de
842 761 956 797 terra
969 788 980 808 ,
1005 752 1214 797 dracones
1236 760 1280 796 et
1300 766 1449 796 omnes

66 843 88 868 »
114 826 259 885 abyssi
283 844 296 871 ε
332 825 470 884 ignis,
510 822 675 883 grando
690 859 701 880 ,
725 823 821 879 nix,
848 823 1004 882 glacies
1020 859 1030 879 ,
1065 824 1238 884 spiritus
1258 832 1449 883 tempes-

0 939 1 942 ,
66 914 88 940 »
112 897 212 942 tatis
229 931 240 953 ‚
265 912 366 958 quae
390 894 558 940 faciunt
584 895 768 941 verbum
790 895 925 955 ejus1.
953 911 975 936 »
999 894 1117 940 Nihil
1139 894 1255 939 enim
1274 903 1364 938 tam
1385 893 1451 938 vi-

65 969 194 1014 detur
214 967 386 1013 casibus
405 967 549 1022 volvi,
574 981 707 1027 quam
724 981 873 1011 omnes
889 966 982 1010 istae
1002 965 1255 1026 procellosae
1284 981 1333 1010 ac
1353 973 1452 1009 tur-

64 1039 259 1084 bulentae
292 1036 521 1099 qualitates
537 1072 548 1092 ‚
588 1037 748 1098 quibus
780 1035 881 1081 coeli
901 1037 1030 1097 hujus
1061 1036 1294 1091 inferioris,
1329 1033 1451 1097 quod

66 1126 157 1156 non
178 1109 395 1154 immerito
417 1109 548 1153 etiam
570 1117 697 1153 terrae
715 1108 892 1153 nomine
922 1107 1182 1168 deputatum
1204 1116 1289 1162 est,
1322 1105 1453 1151 facies

65 1182 258 1228 variatur
278 1190 322 1225 et
337 1180 536 1226 vertitur.
558 1179 642 1225 Sed
663 1195 764 1225 cum
781 1178 950 1224 addidit
967 1199 977 1224 ε
1002 1198 1022 1222 t(
1042 1182 1151 1233 Quae
1165 1177 1335 1223 faciunt
1355 1193 1453 1222 ver-

69 1269 91 1295 »
116 1253 225 1296 bum
236 1253 349 1312 ejus3
378 1268 398 1292 »
416 1251 515 1295 satis
533 1250 722 1296 ostendit
739 1265 887 1294 earum
905 1265 1081 1310 quoque
1095 1265 1241 1294 rerum
1255 1250 1453 1294 ordinem

67 1322 216 1368 divino
239 1321 463 1366 subditum
484 1321 687 1380 imperio,
713 1320 851 1379 latere*
867 1336 945 1365 nos
958 1320 1102 1380 potius
1119 1336 1253 1381 quam
1274 1320 1453 1364 univer·-

68 1393 204 1438 sitatis
226 1391 373 1436 deesse
393 1400 579 1435 naturae.
607 1390 726 1444 Quid
746 1402 890 1434 autem
913 1406 986 1435 ore
1007 1405 1085 1435 suo
1110 1389 1331 1446 Salvator,
1352 1405 1454 1434 cum

70 1463 178 1508 dicit
208 1476 349 1506 unum
369 1474 585 1521 passerem
609 1476 700 1505 non
727 1461 882 1505 cadere
904 1461 949 1504 in
972 1469 1130 1505 terram
1152 1461 1242 1505 sine
1269 1461 1348 1505 Dei
1373 1475 1454 1505 vo-

70 1535 271 1579 luntate2
284 1567 296 1589 ‚
322 1542 367 1577 et
382 1533 504 1594 quod
524 1531 695 1577 foenum
712 1532 804 1592 agri
826 1541 923 1592 post
937 1531 1167 1592 paululum
1188 1530 1457 1576 mittendum

70 1605 118 1649 in
138 1603 359 1649 clibanum
377 1604 415 1659 ³,
440 1603 532 1663 ipse
562 1612 711 1647 tamen
738 1602 912 1658 vestiat,
943 1617 1090 1647 nonne
1118 1603 1347 1647 confirmat
1367 1617 1458 1646 non

73 1674 215 1722 solum
229 1683 368 1719 totam
380 1674 507 1718 istam
527 1672 683 1718 mundi
698 1681 867 1733 partem
883 1672 1013 1717 rebus
1026 1672 1284 1717 mortalibus
1302 1680 1344 1716 et
1366 1688 1458 1717 cor-

73 1744 355 1806 ruptibilibus
372 1744 625 1804 deputatam
637 1778 648 1799 ,
669 1743 954 1789 verumetiam
970 1742 1196 1788 vilissimas
1214 1744 1304 1804 ejus
1321 1741 1458 1803 adjec-

75 1816 345 1877 tissimasque
366 1814 599 1875 particulas
611 1814 759 1860 divina
779 1812 1054 1874 providentia
1075 1813 1195 1872 regi?

77 1933 711 1979 M'bssmmmztmmmm

924 1957 1461 1975 ΜΝΝΙΜΝΜΝΜΜΜΜΜΝῚΜΜ

1020 1988 1026 1996 s

567 2080 785 2130 CAPUT
821 2082 987 2129 XXII.

342 2228 648 2290 Argumenta
669 2223 840 2272 divinae
867 2223 1194 2286 providentioe.

139 2365 303 2407 XLIII.
329 2366 394 2407 ΕΤ
420 2371 535 2407 certe
555 2362 625 2406 isti
652 2362 728 2422 qui
749 2362 832 2406 hoc
855 2371 1017 2421 negant
1035 2397 1046 2417 ,
1073 2377 1153 2406 nec
1175 2361 1332 2406 sanctis
1354 2360 1462 2405 Elo-

82 2435 192 2495 quiis
214 2442 347 2478 tantae
362 2433 629 2478 auctoritatis
643 2432 936 2492 acquiescunt,
954 2432 988 2476 si
1000 2433 1045 2475 in
1062 2433 1143 2476 hac
1155 2433 1310 2476 mundi
1322 2441 1460 2491 parte,

86 2520 217 2565 quam
239 2513 394 2564 putant
430 2503 616 2549 fortuitis
638 2503 828 2547 motibus
850 2503 1121 2563 perturbari,
1160 2503 1305 2562 potius
1333 2516 1464 2561 quam

135 2608 144 2623 ¹
164 2601 240 2634 Psal.
264 2611 392 2643 chvm,
413 2611 445 2643 7,
463 2604 496 2633 8.
517 2618 558 2623 --
576 2608 587 2623 ²
607 2600 720 2633 Matth.
742 2610 775 2641 x,
790 2609 843 2642 29.
865 2617 907 2623 -
922 2598 994 2632 31d.
1014 2611 1063 2640 w,
1084 2601 1136 2632 50.
