1854 3219
335 251 389 278 nn
419 249 571 278 GENEsx
603 248 657 281 An
690 248 932 289 er‘rERAM,
969 251 1050 279 mn.
1086 252 1166 280 xn.
1361 241 1444 280 617

63 413 196 431 wwww
202 410 691 434 txumwm¹m>wvm
696 412 1256 431 wummmvuwmwmnww
1262 413 1398 431 vmwu
1404 413 1449 429 W

503 537 720 589 CAPUT
757 538 1002 616 XXXIII,

62 675 140 722 De
170 676 341 739 inseris
368 679 584 738 qaeestio.
611 704 672 715 —-
704 680 938 725 Animam
970 695 1070 726 esse
1092 681 1442 741 incorpoream.

521 777 582 788 --
595 749 632 798 S
634 751 738 796 inus
750 752 799 796 A
805 749 986 797 bralzoe.

121 886 261 930 LXII.
285 888 374 932 Nnc
397 885 605 931 audiendi
626 895 750 942 sunt,
775 886 852 947 qui
874 887 1094 930 affirmant
1114 884 1273 931 inferos
1294 885 1341 929 in
1367 885 1449 929 hac

60 955 149 1000 vita
167 955 387 1016 explicari,
403 972 483 1001 nec
496 972 585 1001 esse
602 966 701 1017 post
716 965 917 1002 mortem.
946 956 1145 1001 Viderint
1165 957 1281 1001 enim
1295 970 1450 1016 quem-

60 1025 302 1071 admodum
321 1027 492 1087 poetica
513 1027 720 1086 figmenta
751 1029 1120 1089 interpretentur,
1149 1043 1227 1072 nos
1265 1027 1319 1070 ab
1342 1041 1449 1070 auc-

58 1097 234 1141 toritate
254 1095 502 1142 divinarum
532 1098 855 1158 Scripturarum
870 1134 881 1153 ‚
907 1099 1067 1160 quibus
1090 1097 1190 1142 solis
1215 1096 1269 1141 de
1290 1097 1372 1140 hac
1404 1111 1449 1140 rc

57 1166 166 1212 fides
193 1167 396 1212 habenda
424 1177 511 1224 est,
551 1167 751 1213 recedere
793 1184 883 1213 non
919 1169 1145 1213 debemus.
1186 1170 1449 1229 Quanquam

58 1238 271 1299 possimus
293 1238 521 1284 ostendere
554 1238 731 1284 illorum
754 1255 932 1300 quoque
959 1239 1171 1299 sapientes
1201 1238 1256 1283 de
1284 1236 1449 1282 infero-

58 1325 157 1353 rum
178 1309 419 1355 substantia
450 1309 629 1355 minime
663 1310 906 1366 dubitasse,
928 1327 1027 1371 quae
1059 1319 1158 1371 post
1183 1311 1297 1354 hanc
1318 1309 1450 1354 vitam

57 1380 216 1440 excipit
234 1381 398 1425 animas
429 1390 720 1426 mortuorum.
748 1381 874 1427 Unde
902 1391 1047 1426 autem
1084 1381 1166 1426 sub
1201 1380 1325 1425 terris
1362 1394 1450 1424 esse

56 1450 260 1495 dicantur
277 1450 404 1495 inferi
420 1486 430 1506 ,
456 1453 488 1496 si
506 1452 748 1512 corporalia
767 1453 862 1497 loca
885 1469 974 1497 non
1003 1462 1126 1507 sunt,
1152 1461 1228 1496 aut
1249 1451 1352 1495 inde
1378 1451 1449 1494 in-

56 1518 137 1564 feri
151 1520 426 1580 appellentur
443 1524 476 1576 ¹,
501 1522 536 1565 si
552 1523 634 1566 sub
653 1523 776 1566 terris
792 1538 882 1566 non
904 1531 1021 1576 sunt,
1043 1521 1200 1565 merito
1217 1521 1445 1581 quaeritur.

55 1589 259 1635 Animam
298 1604 404 1635 vero
440 1604 532 1634 non
564 1606 655 1635 esse
685 1606 941 1651 corpoream
964 1607 1054 1635 non
1074 1606 1145 1634 me
1165 1600 1320 1650 putare
1336 1625 1346 1645 ‚
1373 1590 1450 1634 sed

55 1659 186 1720 plane
207 1660 315 1705 scire
330 1695 341 1715 ‚
367 1659 510 1704 audeo
530 1661 724 1719 profiteri
739 1665 756 1688 ²
783 1681 792 1706 :
813 1670 962 1706 tamen
978 1661 1141 1705 habere
1158 1676 1282 1721 posse
1300 1658 1451 1704 simili-

56 1729 256 1775 tudinem
297 1729 489 1789 corporis
521 1738 565 1774 et
603 1731 895 1786 corporalium
935 1731 1115 1776 omnino
1150 1731 1450 1775 membrorum

55 1801 250 1862 quisquis
266 1809 411 1859 negat,
432 1808 574 1859 potest
596 1814 750 1857 negare
764 1800 952 1846 animam
974 1816 1080 1856 esse,
1101 1817 1200 1861 quae
1221 1801 1267 1844 in
1289 1801 1450 1845 somnis

54 1871 174 1917 videt
195 1871 266 1917 vel
278 1887 322 1916 se
335 1870 578 1926 ambulare,
593 1870 665 1916 vel
675 1869 840 1926 sedere,
857 1870 928 1915 vel
947 1873 1027 1914 hac
1045 1881 1177 1932 atque
1189 1871 1288 1916 illac
1302 1887 1449 1930 gressu

55 1951 132 1986 aut
144 1941 274 1986 etiam
285 1940 436 1986 volatu
448 1939 552 1984 ferri
566 1957 614 1985 ae
629 1939 795 1995 referri,
811 1939 931 2000 quod
942 1941 1034 1984 sine
1045 1942 1232 2001 quadam
1252 1941 1450 1986 similitu-

55 2012 157 2058 dine
173 2013 368 2072 corporis
382 2027 472 2057 non
494 2013 559 2057 fit.
584 2012 772 2057 Proinde
791 2012 825 2056 si
843 2013 954 2057 hanc
972 2012 1301 2057 similitudinem
1318 2014 1446 2057 etiam

54 2082 174 2143 apud
184 2081 344 2127 inferos
357 2083 481 2140 gerit,
496 2098 588 2127 non
600 2082 871 2143 corporalem
881 2083 958 2127 sed
972 2083 1143 2142 corpori
1161 2083 1370 2142 similem3
1389 2084 1443 2128 ita

54 2153 185 2198 etiam
200 2153 247 2197 in
267 2151 373 2197 locis
387 2151 564 2197 videtur
585 2168 673 2197 esse
695 2169 785 2197 non
800 2152 1099 2212 corporalibus
1112 2189 1122 2208 ,
1144 2152 1217 2198 sed
1239 2169 1444 2215 corpora-

52 2222 163 2268 lium
183 2223 416 2279 similibus,
442 2223 530 2268 sive
551 2223 598 2267 in
625 2224 798 2284 requie,
819 2224 906 2268 sive
923 2223 969 2266 in
991 2222 1233 2269 doloribus.

114 2295 278 2338 LXIII.
307 2296 571 2354 Quanquam
593 2303 637 2338 et
657 2293 768 2338 illud
792 2310 861 2338 me
883 2293 1083 2338 nondum
1099 2294 1313 2339 invenisse
1335 2311 1444 2341 con-

53 2364 200 2420 fiteor,
236 2364 399 2410 inferos
431 2363 692 2425 appellatos,
719 2365 798 2409 ubi
816 2366 1035 2426 justorum
1063 2365 1220 2410 animae
1250 2367 1442 2427 requies-

54 2443 176 2478 cunt.
213 2436 272 2479 Et
298 2434 460 2480 Christi
493 2435 672 2495 quidem
704 2435 895 2479 animam
925 2435 1093 2480 venisse
1127 2451 1267 2496 usque
1300 2438 1356 2481 ad
1391 2453 1439 2482 ea

54 2503 165 2560 loca,
186 2504 234 2548 in
265 2504 426 2565 quibus
448 2514 697 2564 peccatores
719 2505 996 2561 cruciantur,
1023 2515 1074 2551 ut
1105 2521 1177 2551 eos
1207 2506 1392 2552 solveret
1415 2524 1438 2551 a

105 2609 114 2625 ¹
135 2611 154 2634 2
169 2604 311 2637 Retract.
331 2613 421 2645 xxiv,
440 2614 471 2637 n.
492 2611 524 2638 2.
545 2619 586 2629 —·
603 2611 616 2628 ²
642 2602 658 2646 4
675 2605 765 2639 sent.
779 2604 851 2638 dist.
874 2615 958 2646 μιν,
977 2615 1048 2647 cap.
1071 2605 1293 2638 Carnuntem.
