1854 3219
694 145 842 172 INDEX.

630 273 805 317 LIBER
835 274 912 317 lv.

1370 131 1451 171 631

75 409 275 450 Hactenus
291 408 341 445 de
363 405 628 452 investigando
645 405 850 453 Scripturae
870 416 986 443 sensu
998 431 1008 447 ‚
1027 416 1130 443 nunc
1149 405 1306 445 demum
1332 406 1455 453 agitur

123 474 174 508 de
197 466 442 506 disserendo.
466 465 515 500 Et
534 464 691 510 quidem
719 464 920 502 rhetoricae
941 464 1033 501 artis
1056 471 1247 513 praecepta
1267 466 1315 502 ad
1342 465 1458 512 huJus

123 529 215 567 libri
245 525 463 563 institutum
488 523 685 569 pertinere
714 534 791 559 non
824 524 907 560 vult
931 523 1193 570 Augustinus;
1229 524 1297 560 sed
1331 526 1460 560 tamen

123 597 275 627 summa
294 583 490 630 diligentia
503 582 876 627 christianifflratoris
893 587 1019 629 partes
1034 583 1278 630 persequitur
1293 596 1302 618 :
1323 583 1387 620 cui
1404 593 1459 620 sa-

123 657 276 685 crarum
293 644 524 680 Litterarum
547 644 719 676 auctores
744 643 783 677 et
809 642 981 677 doctores
999 641 1276 678 ecclesiasticos
1305 641 1458 677 dicendi

123 704 329 753 sapientia,
354 703 431 738 imo
462 703 500 736 et
523 699 742 745 eloquentia
766 700 877 746 longe
906 700 1236 746 praestantissimos
1255 699 1459 736 imitandos

121 763 321 813 proponit,
336 772 384 797 ex
398 770 528 796 eorum
544 759 695 805 scriptis
707 758 933 795 elocutionis
948 760 1125 806 exempla
1136 759 1175 794 in
1187 759 1292 797 vario
1304 759 1460 795 dicendi

121 834 262 872 genere
294 818 518 868 subjiciens.
547 818 745 854 Postremo
771 817 898 863 ipsum
921 817 1180 854 Ecclesiasten
1202 817 1389 860 hortatur,
1420 821 1463 855 ut

122 882 314 929 imprimis
339 877 500 916 orationi
526 877 591 913 det
613 886 790 922 operam3
817 878 856 912 et
878 877 979 922 quod
1003 876 1132 916 verbis
1157 877 1267 917 docet
1288 877 1407 918 alios,
1423 877 1462 913 id

73 950 75 953 '
124 941 282 978 omnino
301 940 380 977 vita
396 940 437 974 et
459 936 629 973 moribus
645 937 816 982 praestet.
832 952 835 954 —

76 1029 252 1061 Pnotocus.
268 1026 336 1063 Qua
345 1023 386 1055 de
402 1032 439 1054 re
455 1020 612 1063 agendum
628 1019 662 1051 in
672 1019 735 1052 hoc
755 1018 848 1051 libro.

95 1085 170 1119 CAP.
197 1094 220 1115 1.

186 1151 224 1172 Π.

176 1205 222 1226 111.

178 1260 226 1281 tv.

190 1316 223 1336 V.

177 1427 223 1449 Vl.

169 1483 225 1505 vu.

146 1650 220 1672 Vl11.

177 1761 219 1782 11.

188 1817 219 1838 X.

177 1874 221 1896 xt.

167 1990 222 2013 xll-

156 2102 222 2124 xm.

154 2158 206 2180 xlv
211 2173 218 2179 .

163 2216 219 2238 XV.

157 2273 223 2295 xw.

136 2384 213 2407 xvnt
219 2398 228 2406 .

138 2495 229 2518 xvln.

247 1077 432 1113 Rhetoricae
449 1080 613 1119 praecepta
630 1075 757 1107 tradere
775 1085 837 1106 noa
855 1079 903 1106 est
915 1073 1008 1116 hujus
1025 1074 1172 1108 instituti.

250 1134 425 1170 Rhetorica
444 1132 601 1165 facultate
619 1130 824 1163 christianum
841 1131 1008 1163 doctorem
1026 1130 1072 1163 uti
1088 1130 1251 1164 convenit.

249 1190 430 1224 Rhetoricae
445 1192 606 1232 praecepta
617 1198 678 1230 qua
695 1191 793 1219 aetate
802 1211 816 1226 ,
830 1196 936 1230 quave
950 1186 1076 1219 ratione
1091 1186 1171 1220 disci
1186 1191 1328 1230 possunt.

252 1246 408 1279 Officium
427 1243 566 1276 doctoris
577 1243 751 1275 christiani.

250 1306 392 1336 Interest
408 1300 504 1341 magis
528 1304 563 1331 ut
579 1299 740 1341 sapienter
755 1299 843 1331 dicat
859 1298 1048 1331 christianus
1065 1301 1192 1340 orator,
1207 1308 1302 1340 quam
1317 1301 1355 1330 ut

297 1357 499 1399 eloquenter.
521 1355 610 1386 Unde
623 1355 773 1396 consequi
790 1355 822 1386 id
839 1354 956 1386 valeat.

250 1412 410 1456 Sapientia
423 1411 540 1452 juncta
555 1420 628 1442 cum
648 1409 827 1452 eloquentia
843 1409 876 1440 in
888 1409 984 1441 sacris
1000 1407 1206 1442 Auctoribus.
1232 1408 1243 1427 ⁶

251 1468 388 1502 Pulchre
404 1467 501 1499 docet
514 1465 658 1498 adductis
675 1464 828 1508 exemplis
845 1465 878 1497 in
898 1465 995 1497 sacris
1014 1465 1143 1497 Litteris
1163 1465 1269 1497 inesse
1286 1475 1356 1508 ger-

294 1533 421 1558 manam
438 1521 672 1565 eloquentiam,
697 1531 767 1562 quae
781 1520 944 1564 sapientiae
957 1520 1101 1554 adhaeret
1117 1520 1207 1553 velut
1222 1521 1350 1564 insepa-

294 1579 400 1612 rabilis
412 1590 533 1611 comes.

247 1635 431 1670 Obscuritas
447 1644 608 1666 sacrorum
627 1635 801 1665 Auctorum
815 1631 894 1665 lieet
907 1630 1074 1675 eloquens,
1085 1641 1149 1664 non
1164 1631 1318 1665 imitanda
1332 1641 1352 1664 a

294 1689 478 1724 doctoribus
491 1687 682 1720 christianis.

246 1745 394 1781 Difficilia
409 1744 577 1777 intellectu
587 1732 672 1786 apud
688 1753 766 1787 quos
783 1749 817 1777 et
833 1756 897 1788 quo
909 1744 1004 1778 modo
1017 1744 1196 1777 tractanda.

246 1803 458 1848 perspicuitas
474 1802 507 1834 in
522 1801 660 1833 dicendo
681 1800 831 1834 studium.

248 1863 324 1900 Quae
344 1858 474 1892 conanti
495 1859 615 1892 docere
631 1859 801 1893 dicendum
818 1861 1010 1904 perspicue,
1035 1871 1097 1894 nec
1118 1864 1229 1893 tamen
1245 1860 1350 1893 insua-

295 1921 393 1956 viter.

249 1979 392 2013 Oratoris
412 1982 461 2010 est
477 1977 596 2010 docere
610 2001 621 2020 ,
638 1975 801 2011 delectare
814 2000 824 2018 ‚
843 1976 991 2010 flectere.
1016 1974 1182 2014 Quomodo
1195 1975 1265 2008 haee-
1285 1974 1347 2008 tria

295 2038 448 2078 praestare
464 2033 575 2066 debet.

249 2090 391 2123 Dicendo
406 2091 535 2122 demum
551 2087 708 2122 flectendi
723 2088 831 2123 animi.

245 2146 398 2179 Dictionis
409 2146 547 2179 suavitas
559 2156 617 2189 pro
626 2145 752 2178 ratione
767 2143 946 2187 argumenti
959 2143 1159 2187 procuranda
1174 2148 1234 2178 est.

248 2204 389 2238 Orandus
405 2205 488 2235 Deus
505 2201 631 2234 doctori
643 2200 861 2234 ecclesiastico
878 2205 954 2236 ante
966 2201 1169 2234 concionem.

248 2260 391 2294 Docendi
410 2263 573 2302 praecepta
591 2269 654 2290 non
672 2258 837 2301 superfluo
858 2258 973 2290 dantur
989 2257 1031 2289 ab
1055 2257 1184 2290 homine
1195 2282 1205 2300 ‚
1221 2256 1351 2295 tametsi

299 2318 449 2350 doctores
462 2315 581 2348 efficiat
592 2318 687 2347 Deus.

252 2374 301 2406 Ad
316 2373 510 2413 docendum,
523 2370 747 2404 delectandum
760 2374 794 2403 et
805 2369 1006 2404 flectendum
1019 2368 1162 2413 pertinet
1175 2367 1294 2412 triplex
1311 2368 1355 2401 di-

301 2427 397 2461 cendi
410 2437 518 2470 genus

255 2482 498 2517 Ecclesiasticus
513 2485 622 2515 orator
637 2481 669 2514 in
689 2481 822 2514 materia
836 2480 944 2524 grandi
959 2491 1085 2524 semper
1097 2484 1251 2514 versatur.

1419 1023 1460 1053 51

1420 1078 1463 1109 52

1374 1130 1463 1164 Ibid.

1420 1189 1463 1220 53

1421 1245 1463 1275 55

1420 1356 1463 1388 56

1423 1411 1466 1443 58

1422 1578 1464 1610 59

1420 2424 1465 2455 80

1365 2476 1455 2512 Ibz‘d.
