1854 3219
337 175 420 213 232
751 191 782 215 s.
820 188 1047 217 AUGUSTINI
1083 192 1262 219 Eriscox‘l

336 263 494 312 putant
530 254 726 298 crelestcs
765 255 832 298 vel
861 256 1187 316 superest-lestcs
1220 259 1395 317 angelos
1432 259 1618 318 i'uissez)
1641 276 1727 305 non

337 326 494 368 mirum
527 325 559 368 si
583 336 679 384 post
704 337 928 385 peecatum
950 330 994 373 in
1020 330 1140 374 istam
1161 340 1261 375 sunt
1277 330 1440 374 detrusi
1464 331 1694 390 caliginem
1716 353 1727 388 3

338 396 415 439 ubi
453 405 597 439 [amen
634 406 676 441 ct
710 402 781 441 abr
809 400 882 453 sit,
916 411 959 445 ct
988 402 1170 446 humore
1204 403 1323 446 tenui
1342 412 1627 458 contexatur,
1654 404 1729 463 qui

338 477 581 511 commotus
600 478 753 513 ventos
771 505 781 524 ,
807 480 850 514 ct
869 473 1169 517 vehementius
1193 474 1434 518 concitatus
1457 474 1587 517 etiam
1610 474 1730 533 ignes

336 548 378 581 et
396 539 609 594 tonitrua,
632 550 673 583 ct
691 550 938 587 contractus
953 543 1126 599 nubila,
1149 554 1191 588 ct
1208 544 1727 605 conspissatuspluviam,

337 619 379 653 ct
402 611 733 669 congelantibus
756 612 915 657 nubilis
933 615 1099 669 nivem,
1127 625 1169 659 ct
1192 615 1485 661 turbulentius
1503 616 1735 675 congelan-

340 682 457 726 tibus
479 682 751 728 densioribus
770 685 930 729 nubilis
945 686 1198 745 grandinem
1214 722 1224 742 ‚
1241 696 1285 730 et
1299 686 1513 732 distentus
1531 704 1733 732 screnum

337 752 463 808 facit,
486 753 666 798 occultis
696 755 886 815 imperiis
909 765 951 800 ct
974 773 1104 817 opere
1128 758 1230 813 Dei,
1258 774 1280 801 a
1303 759 1482 802 summis
1505 758 1561 803 ad
1583 759 1735 802 infima

336 825 537 869 universa
565 841 664 886 quae
691 827 852 871 creavit
874 828 1229 873 administrantis.
1263 828 1388 873 Unde
1410 827 1455 873 in
1469 828 1544 874 illo
1563 828 1735 874 Psalmo

337 910 439 938 eum
456 907 794 942 commemorata
817 908 980 954 essent,
1006 918 1026 941 ι(
1048 899 1165 958 Ignis
1180 935 1190 954 ,
1217 899 1404 958 grando,
1432 900 1503 943 nix
1518 936 1528 955 ⁷
1555 899 1732 958 glacies,

339 983 360 1008 »
397 968 570 1028 spiritus
589 970 883 1029 tempestatis1
903 992 913 1029 3
942 989 962 1011 »
984 986 1039 1015 ne
1061 970 1165 1015 talia
1181 971 1273 1015 sine
1295 970 1440 1016 divina
1462 971 1736 1031 providentia

336 1038 430 1082 fieri
460 1040 713 1101 moverique
752 1051 1035 1102 putarentur,
1075 1042 1285 1087 continuo
1322 1042 1532 1104 subjecit,
1574 1063 1594 1086 «
1629 1045 1738 1097 Quae

340 1127 361 1151 »
396 1110 566 1156 faciunt
590 1113 772 1157 verbum
794 1115 899 1174 ejus.
924 1132 944 1155 »

395 1185 494 1228 XV.
531 1184 574 1228 Si
594 1193 740 1228 autem
756 1193 1088 1244 transgressores
1109 1220 1120 1240 ‚
1133 1183 1198 1229 illi
1213 1194 1449 1246 antequam
1466 1184 1741 1245 transgrede-

336 1263 490 1298 rentur
505 1290 516 1310 ,
542 1254 736 1300 coelestia
759 1271 941 1316 corpora
959 1255 1190 1313 gerebant,
1216 1271 1360 1317 neque
1380 1256 1465 1302 hoc
1481 1256 1642 1300 mirum
1656 1265 1735 1313 est,

337 1324 370 1369 si
383 1340 590 1371 conversa
604 1336 707 1371 sunt
720 1342 771 1371 ex
784 1342 917 1387 poena
932 1327 978 1370 in
994 1327 1151 1370 aeriam
1165 1326 1421 1387 qualitatem
1433 1362 1444 1384 ‚
1470 1336 1520 1371 ut
1529 1327 1620 1387 jam
1637 1342 1740 1388 pos-

336 1397 424 1442 sint
443 1397 499 1442 ab
516 1398 616 1458 igne
632 1433 642 1453 ‚
667 1397 713 1442 id
726 1407 812 1456 est,
829 1398 885 1442 ab
907 1397 1125 1445 elemento
1143 1407 1312 1443 naturae
1326 1398 1557 1458 superioris
1569 1397 1740 1459 aliquid

335 1469 426 1528 pati
446 1489 453 1514 :
481 1485 561 1515 nec
591 1469 699 1514 aeris
721 1469 874 1514 saltem
889 1470 1025 1530 spatia
1043 1470 1266 1530 superiora
1288 1479 1421 1530 atque
1441 1470 1617 1530 puriora
1631 1505 1642 1525 ‚
1663 1469 1741 1514 sed

336 1540 417 1585 ista
439 1540 673 1600 caliginosa
693 1550 841 1586 tenere
863 1540 1058 1602 permissi
1080 1551 1204 1597 sunt,
1227 1542 1303 1603 qui
1316 1541 1375 1586 eis
1395 1558 1472 1602 pro
1488 1557 1569 1586 suo
1585 1556 1743 1600 genere

338 1612 520 1673 quidam
550 1613 675 1673 quasi
708 1628 854 1657 carcer
888 1623 976 1668 est,
1004 1629 1144 1673 usque
1167 1611 1223 1657 ad
1246 1622 1420 1673 tempus
1439 1612 1608 1674 judicii.
1630 1615 1687 1657 Et
1709 1613 1743 1657 si

338 1683 446 1744 quid
468 1685 522 1728 de
544 1685 611 1729 his
639 1684 1030 1744 transgressoribus
1055 1683 1221 1743 angelis
1243 1683 1493 1742 diligentius
1514 1684 1742 1744 requiren-

338 1754 445 1799 dum
460 1765 538 1811 est,
553 1756 660 1800 alius
673 1757 754 1800 erit
769 1755 1137 1801 accommodatior
1153 1755 1387 1815 Scripturae
1404 1754 1540 1800 locus.
1554 1755 1744 1800 Proinde

335 1826 456 1887 quod
478 1843 596 1871 nunc
619 1827 719 1871 satis
739 1836 824 1881 est,
851 1827 885 1870 si
906 1827 998 1870 liaec
1028 1826 1165 1886 spatia
1189 1826 1364 1870 turbida
1400 1836 1443 1871 et
1472 1825 1710 1887 procellosa
1726 1859 1739 1881 ‚

336 1907 515 1957 propter
543 1898 649 1941 a'e'ris
681 1907 883 1941 naturam
917 1913 1055 1957 usque
1080 1895 1135 1940 ad
1154 1895 1293 1941 undas
1323 1906 1548 1957 terrasque
1572 1912 1747 1957 porrec-

338 1979 448 2024 tam,
474 1979 657 2029 possunt
691 1969 803 2013 aeria
827 1984 1006 2028 corpora
1039 1968 1279 2026 sustinere3
1315 1978 1499 2028 possunt
1531 1978 1574 2013 et
1596 1969 1741 2013 avium

337 2057 436 2100 quse
459 2041 672 2100 producta
695 2050 798 2084 sunt
816 2057 865 2084 ex
888 2040 1032 2100 aquis⁷
1060 2049 1237 2099 propter
1255 2056 1469 2100 aquarum
1488 2050 1642 2084 tenues
1661 2040 1742 2083 ha-

337 2111 435 2155 litus
456 2132 463 2156 :
489 2112 565 2172 qui
584 2112 748 2157 scilicet
770 2111 911 2155 cidem
934 2111 1019 2154 aeri
1035 2112 1159 2171 juxta
1176 2110 1315 2155 undas
1331 2121 1374 2155 et
1388 2121 1522 2155 terras
1545 2111 1740 2154 circum-

337 2183 456 2239 fuso7
478 2194 610 2244 atque
633 2184 689 2228 ob
708 2185 792 2228 hoc
816 2184 975 2227 infimae
994 2199 1042 2226 ac
1063 2192 1243 2226 teri-onze
1265 2183 1379 2242 parti
1402 2183 1637 2242 deputato,
1664 2198 1742 2226 va-

337 2254 542 2315 poraliter
577 2256 851 2310 inseruntur,
895 2264 936 2298 ct
967 2270 1090 2298 auras
1120 2255 1341 2306 intexunt,
1377 2269 1476 2314 qure
1512 2254 1739 2297 nocturnis

336 2327 552 2386 rigoribus
574 2335 817 2385 aggravata}
839 2341 989 2369 screno
1009 2326 1138 2369 etiam
1158 2341 1251 2369 rore
1273 2324 1509 2369 distillant:
1536 2325 1569 2368 si
1592 2334 1738 2368 autem

335 2397 634 2442 vehementius
654 2396 788 2456 frigus
804 2405 888 2450 cst,
915 2397 1044 2440 etiam
1069 2395 1167 2455 gelu
1185 2395 1412 2441 candidius
1433 2395 1734 2441 inalbescunt.

396 2503 401 2518 ¹
427 2497 512 2528 psai.
533 2506 658 2537 C'x'LVln,
679 2495 709 2526 ὃ.
