1854 3219
345 228 399 255 DE
431 226 581 254 GENESI
614 224 668 252 Λι)
701 224 943 261 mmmm«,
981 224 1061 250 Lm.
1099 224 1159 250 vt.
1346 211 1432 248 357

51 385 688 408 mmmmmnwummwumm
901 382 1424 402 wmmnmwswmmswnw

579 495 795 546 CAPUT
827 496 937 545 XV.

57 645 253 692 Primus
275 643 417 691 homo
443 660 541 690 non
567 641 714 690 aliter
737 658 886 704 quam
913 639 1255 703 primordiales
1279 654 1442 687 causa?

424 713 680 772 haberent,
690 714 1068 778 formatasficz'c.

115 855 278 898 XXVI.
305 854 620 898 VERUMTAMEN
652 853 711 897 sic
729 850 870 898 factus
893 860 958 896 est
978 852 1134 907 homo,
1156 848 1447 912 quemadmo-

57 925 164 970 dum
189 923 276 968 illae
294 924 446 985 primae
469 940 609 969 causae
632 923 857 969 habebant
878 931 928 968 ut
949 923 1071 967 fieret
1096 922 1262 982 primus
1284 922 1419 966 homo
1433 956 1444 976 ‚

56 1012 189 1058 quem
203 1012 294 1041 non
316 1011 366 1040 ex
388 996 644 1056 parentibus
662 996 795 1050 nasci,
814 995 891 1056 qui
907 993 1016 1039 nulli
1031 1002 1357 1055 praecesserant,
1374 992 1450 1037 sed

56 1066 112 1110 de
141 1065 246 1111 limo
277 1064 459 1119 formari
498 1066 758 1126 oportebat,
795 1064 1038 1110 secundum
1070 1062 1287 1109 causalem
1318 1064 1452 1107 ratio-

56 1153 173 1193 nem,
209 1138 256 1182 in
286 1153 374 1198 qua
405 1138 606 1198 primitus
637 1136 778 1182 faetus
800 1147 906 1181 erat.
943 1139 1053 1182 Nam
1086 1136 1120 1181 si
1153 1135 1278 1180 aliter
1311 1133 1452 1179 sactus

56 1217 136 1263 est,
171 1224 261 1253 non
293 1223 394 1252 eum
425 1211 540 1253 Deus
566 1208 613 1252 in
642 1208 818 1253 illorum
847 1223 918 1252 sex
950 1207 1121 1252 dierum
1153 1206 1359 1266 operibus
1388 1204 1454 1249 fe-

55 1274 174 1323 cerat
200 1298 209 1323 z
234 1279 280 1323 in
301 1279 464 1339 quibus
488 1294 589 1323 cum
620 1278 781 1323 dicitur
808 1278 966 1333 factus,
1002 1278 1140 1338 ipsam
1164 1292 1340 1321 causam
1363 1276 1452 1320 uti-

54 1364 140 1409 que
154 1347 316 1393 fecerat
332 1352 462 1405 Deus,
487 1365 574 1409 qua
593 1359 684 1394 erat
706 1365 784 1394 suo
820 1359 1015 1409 tempore
1033 1349 1165 1393 homo
1188 1348 1380 1402 futurus,
1407 1357 1452 1392 et

54 1418 297 1463 secundum
329 1435 462 1480 quam
487 1419 630 1464 fuerat
658 1421 712 1464 ab
742 1419 818 1464 illo
852 1419 1078 1464 faciendus
1097 1455 1108 1475 ‚
1143 1420 1219 1480 qui
1250 1418 1380 1463 simul
1407 1427 1451 1462 et

55 1500 436 1536 consummaverat
451 1491 654 1535 inchoata
671 1501 851 1552 propter
874 1491 1190 1551 perfectionem
1213 1490 1452 1535 causalium

55 1563 304 1617 rationum,
340 1571 384 1606 et
424 1561 706 1606 inchoaverat
741 1561 1083 1607 consummanda
1115 1571 1296 1622 propter
1335 1561 1456 1607 ordi-

56 1647 158 1676 nem
198 1641 464 1692 temporum.
502 1632 546 1677 Si
586 1647 691 1691 ergo
722 1632 768 1676 in
799 1631 884 1677 illis
915 1632 1065 1692 primis
1103 1648 1251 1677 rerum
1285 1633 1451 1689 causis,

56 1718 164 1764 quas
192 1695 586 1762 mundo-primitus
611 1705 791 1748 Creator
820 1704 1026 1759 inseruit,
1059 1719 1150 1750 non
1181 1713 1355 1749 tantum
1376 1720 1458 1764 po-

57 1773 145 1818 suit
166 1773 288 1833 quod
316 1772 371 1817 de
397 1772 504 1818 limo
532 1772 801 1817 formaturus
830 1783 925 1818 erat
945 1774 1170 1818 hominem
1188 1810 1199 1830 ,
1227 1774 1304 1819 sed
1326 1775 1458 1819 etiam

56 1843 432 1905 quemadmodum
450 1842 733 1899 formaturus,
753 1853 904 1888 utrum
927 1845 1040 1889 sieut
1061 1845 1210 1889 matris
1229 1855 1372 1901 utero,
1398 1861 1457 1890 an

54 1916 102 1960 in
120 1915 260 1960 forma
277 1915 484 1976 juvenili,
509 1915 665 1975 procul
685 1915 823 1960 dubio
841 1917 900 1960 sic
923 1915 1042 1972 fecit,
1068 1926 1118 1961 ut
1140 1916 1232 1962 illie
1254 1918 1456 1977 praefixe-

56 1995 154 2044 rat3
190 2001 334 2046 neque
366 1985 485 2031 enim
517 1995 671 2031 eontra
702 1985 1034 2046 dispositionem
1061 2003 1184 2032 suam
1208 1986 1386 2033 faceret.
1413 1988 1458 2033 Si

57 2065 204 2101 autem
233 2056 322 2101 vim
359 2065 531 2101 tantum
571 2057 634 2100 ibi
665 2056 813 2117 posuit
842 2057 1137 2117 possibilitatis
1166 2060 1206 2113 ¹,
1241 2068 1292 2102 ut
1322 2059 1458 2104 homo

55 2129 180 2172 fieret
197 2143 378 2188 quoquo
396 2126 529 2173 modo
545 2129 684 2183 fieret,
700 2137 750 2172 ut
771 2138 815 2173 et
832 2128 892 2173 sic
909 2138 953 2174 et
974 2129 1033 2174 sie
1056 2139 1202 2189 posset
1216 2165 1227 2185 ‚
1247 2129 1308 2186 id,
1327 2140 1392 2175 est
1407 2142 1458 2176 ut

56 2198 102 2243 id
115 2214 294 2260 quoque
314 2199 374 2243 ibi
391 2207 516 2254 esset,
542 2199 646 2260 quia
669 2210 712 2244 et
731 2200 789 2244 sie
808 2209 851 2244 et
868 2200 927 2245 sic
948 2210 1119 2260 posset3
1143 2217 1284 2245 unum
1306 2211 1454 2247 autem

57 2268 201 2329 ipsum
227 2268 410 2314 modum
432 2285 521 2330 quo
548 2278 640 2314 erat
667 2269 863 2316 facturus
885 2272 931 2314 in
959 2287 1035 2316 sua
1058 2271 1284 2316 voluntate
1307 2288 1456 2317 serva-

57 2340 136 2394 vit,
161 2355 252 2384 non
281 2339 437 2384 mundi
462 2340 764 2386 constitutioni
795 2342 1046 2401 contexuit3
1075 2342 1359 2387 manifestum
1389 2352 1454 2387 est

60 2409 188 2455 etiam
214 2410 273 2454 sic
301 2426 391 2455 non
411 2410 578 2455 factum
600 2427 690 2455 esse
718 2411 944 2456 hominem
967 2423 1119 2458 contra
1142 2430 1276 2474 quam
1294 2423 1387 2458 erat
1410 2414 1456 2456 in

59 2479 132 2540 illa
159 2481 298 2540 prima
334 2482 585 2527 conditione
616 2498 845 2528 causarum
865 2505 876 2541 3
900 2485 1002 2543 quia
1024 2484 1084 2528 ibi
1108 2495 1199 2530 erat
1229 2485 1360 2529 otiam
1393 2484 1447 2527 sic·

107 2583 115 2598 ¹
138 2588 148 2607 1
164 2578 253 2608 Seut.
266 2576 327 2607 dist
344 2587 424 2618 xvir,
443 2587 516 2620 cap.
534 2577 638 2609 Soloe.
