1854 3219
0 0 8 213 Ι

0 213 6 347 Ι

365 217 420 244 DE
450 215 601 244 omum
632 212 687 242 AD
719 212 959 253 LITTERAM,
986 215 1152 243 LIB.1x.
1371 203 1452 243 457

73 299 95 323 »
120 280 178 325 de
198 280 285 326 hoc
307 281 480 326 mortali
499 280 706 339 corpore?
726 297 746 320 »
765 278 856 334 sed,
886 298 906 321 «
947 282 1009 323 De
1043 293 1246 339 corpore,
1285 278 1452 339 inquit,

71 352 264 396 »mortis
293 352 436 412 hujus.
465 369 486 392 »
516 350 636 396 Sicut
657 350 787 393 etiam
809 348 921 394 illud
947 369 955 394 ;
988 369 1008 392 «
1034 351 1204 409 Corpus
1246 349 1450 409 quidem,

70 438 92 463 »
123 422 288 482 inquit,
312 430 536 466 mortuum
557 429 621 464 est
649 429 826 480 propter
855 422 1127 479 peccatum1.
1157 437 1178 460 >›
1204 422 1292 465 Nec
1314 420 1376 464 ibi
1399 421 1455 464 ait

67 491 251 536 mortale
265 527 276 548 ‚
292 493 368 537 sed
387 501 611 537 mortuum
628 527 639 549 ,
659 491 855 551 quamvis
876 491 1030 551 utique
1053 500 1096 534 et
1115 490 1300 534 mortale
1315 526 1325 546 ‚
1351 491 1454 551 quia

0 567 2 578 '
65 564 342 607 moriturum,
376 566 474 609 Non
496 563 556 607 ita
584 561 853 607 credendum
889 572 952 607 est
980 560 1111 605 fuisse
1147 560 1222 604 illa
1244 576 1450 620 corpora,

0 666 2 674 .
63 632 140 677 sed
159 632 262 678 licet
273 633 488 688 animalia,
512 631 709 678 nondum
732 631 953 692 spiritalia,
979 648 1070 677 non
1089 641 1238 677 tamen
1250 640 1422 675 mortua
1438 666 1450 686 ‚

62 703 111 747 id
131 713 210 759 est,
236 720 336 765 quae
356 720 529 749 necesse
551 713 660 749 esset
684 713 734 748 ut
751 713 1025 747 morerentur
1047 723 1054 748 :
1077 703 1198 764 quod
1210 718 1261 747 eo
1279 701 1348 747 die
1364 700 1455 747 fac—

62 782 158 818 tum
181 783 244 819 est
258 810 270 830 ,
291 790 381 835 quo
395 774 566 834 lignum
583 783 734 820 contra
755 774 941 818 vetitum
961 774 1212 832 tetigerunt.

119 846 265 889 XVII.
294 845 416 890 Sicut
431 846 478 889 in
497 845 598 905 ipsis
615 845 771 890 nostris
786 844 1041 905 corporibus
1056 844 1256 905 quaedam
1269 859 1350 904 pro
1373 859 1454 889 suo

0 914 2 943 l
60 914 195 960 modo
222 915 380 960 sanitas
414 916 596 974 dieitur,
631 932 731 976 quae
757 916 791 960 si
819 915 1074 975 perturbata
1111 915 1170 959 sic
1203 914 1362 970 fuerit,
1403 924 1454 959 ut

0 998 1 1015 ³
61 985 199 1031 letalis
244 987 424 1032 morbus
449 988 542 1048 jam
582 988 745 1032 viscera
782 987 1062 1047 depascatur,
1103 1003 1192 1047 quo
1230 987 1422 1046 inspecto
1439 1021 1451 1042 ,

0 1091 1 1095 ,
61 1056 220 1101 medici
253 1066 441 1102 mortem
473 1058 701 1102 imminere
732 1058 1046 1118 pronuntient,
1079 1057 1263 1102 mortale
1300 1058 1454 1117 utique

0 2627 26 2648 ἱ

61 1142 219 1187 corpus
243 1128 374 1172 etiam
396 1137 503 1173 tunc
522 1127 703 1184 dicitur,
729 1129 805 1174 sed
827 1129 950 1174 aliter
971 1144 1105 1189 quam
1126 1144 1229 1173 cum
1250 1138 1362 1173 esset
1383 1145 1453 1173 sa-

61 1213 192 1253 num,
217 1199 413 1258 quamvis
433 1198 701 1259 quandoque
723 1199 813 1243 sine
830 1198 968 1243 dubio
986 1199 1250 1243 moriturum
1277 1217 1284 1242 :
1311 1198 1370 1242 ita
1389 1197 1452 1241 illi

59 1267 257 1311 homines
272 1266 472 1312 animalia
493 1268 673 1329 quidem
695 1284 876 1329 corpora
891 1278 1088 1327 gerentes
1106 1305 1117 1324 ‚
1144 1268 1220 1313 sed
1245 1283 1335 1313 non
1355 1283 1452 1312 mo-

59 1339 194 1383 ritura
207 1339 288 1384 nisi
301 1349 567 1399 peccassent,
588 1350 818 1400 acceptura
830 1351 978 1385 autem
995 1340 1232 1400 angelicam
1245 1338 1448 1394 formam,

59 1409 368 1471 coelestemque
387 1410 641 1471 qualitatem
654 1447 664 1466 ,
694 1428 796 1456 mox
812 1412 886 1456 ubi
903 1420 1176 1471 praeceptum
1197 1410 1452 1469 transgressi

58 1489 177 1537 sunt,
198 1496 350 1526 eorum
367 1482 574 1526 membris
596 1482 718 1526 velut
740 1482 884 1542 aliqua
915 1482 1131 1541 aegritudo
1156 1481 1318 1537 letalis,
1334 1496 1451 1526 mors

58 1551 150 1612 ipsa
190 1561 400 1612 concepta
432 1561 522 1609 est3
557 1553 831 1613 mutavitque
871 1552 991 1596 illam
1023 1551 1278 1612 qualitatem
1318 1572 1327 1596 :
1363 1568 1450 1612 qua

59 1624 232 1683 corpori
247 1624 306 1668 sic
321 1622 680 1679 dominabantur,
700 1633 751 1668 ut
768 1639 857 1668 non
871 1622 1066 1667 dicerent
1090 1642 1097 1667 :
1119 1642 1139 1665 «
1161 1622 1299 1667 Video
1322 1622 1449 1667 aliam

57 1693 199 1752 legem
218 1695 264 1738 in
276 1694 482 1738 membris
494 1694 600 1738 meis
622 1694 939 1754 repugnantem
952 1693 1037 1751 legi
1049 1693 1207 1738 mentis
1228 1697 1362 1737 meae'2
1390 1713 1398 1738 :
1425 1712 1446 1735 n

57 1764 160 1824 quia
176 1765 255 1808 etsi
275 1763 475 1808 nondum
491 1764 681 1823 spiritale
695 1800 706 1820 ,
730 1763 806 1808 sed
828 1762 1013 1807 animale
1031 1779 1188 1823 corpus
1211 1773 1318 1819 erat,
1344 1780 1450 1809 non·

58 1833 166 1879 dum
189 1843 335 1878 tamen
367 1843 460 1878 erat
481 1835 631 1879 mortis
654 1835 808 1894 hujus,
850 1832 905 1877 de
936 1849 1023 1894 qua
1051 1842 1095 1878 et
1117 1849 1219 1878 cum
1242 1850 1329 1894 qua
1360 1835 1450 1878 nati

57 1921 222 1951 sumus.
247 1905 366 1959 Quid
386 1906 504 1950 enim
538 1904 684 1961 aliud,
721 1921 811 1950 non
843 1904 983 1949 dicam
1011 1906 1129 1960 nati,
1166 1904 1243 1949 sed
1271 1906 1450 1951 omnino

57 1976 283 2036 concepti,
309 1975 389 2020 nisi
417 1976 723 2035 aegritudinem
741 1975 978 2036 quamdam
1012 1976 1336 2031 inchoavimus,
1362 1993 1448 2037 qua

56 2062 204 2091 sumus
233 2047 471 2090 necessario
504 2047 705 2091 morituri
729 2066 737 2091 :
768 2062 911 2106 neque
934 2047 1050 2090 enim
1083 2056 1172 2090 tam
1196 2062 1368 2091 necesse
1385 2056 1449 2091 est

56 2133 156 2162 eum
174 2118 268 2177 ipso
289 2117 445 2162 morbo
462 2117 590 2172 mori,
608 2118 684 2178 qui
704 2117 916 2178 hydrops,
941 2118 1011 2162 vel
1032 2117 1353 2176 dysentericus,
1378 2118 1448 2163 vel

57 2189 380 2249 elephantiosus
400 2188 541 2234 factus
557 2188 704 2245 fuerit,
729 2206 862 2250 quam
877 2205 977 2233 eum
1000 2190 1076 2250 qui
1092 2191 1177 2234 hoc
1192 2206 1347 2250 corpus
1369 2191 1448 2235 ha—

55 2259 160 2303 bere
180 2259 380 2319 coeperit,
405 2259 452 2302 in
473 2275 563 2320 quo
581 2275 730 2304 omnes
748 2260 946 2304 homines
965 2269 1121 2305 natura
1133 2270 1235 2306 sunt
1251 2260 1329 2305 filii
1352 2262 1443 2317 irae,

56 2329 158 2388 quia
173 2329 258 2373 hoc
278 2344 370 2374 non
388 2327 491 2374 fecit
512 2330 592 2374 nisi
613 2345 746 2389 poena
771 2331 939 2390 peccati
953 2332 985 2374 ³.

115 2401 283 2443 XVIII.
308 2402 417 2453 Quae
448 2415 550 2444 cum
575 2401 635 2444 ita
657 2401 743 2444 sint
758 2436 768 2456 ,
790 2417 868 2445 cur
893 2416 984 2446 non
1005 2401 1231 2447 credamus
1244 2402 1341 2447 illos
1363 2403 1445 2446 ho-

54 2469 192 2514 mines
204 2479 302 2514 ante
312 2480 539 2530 peccatum
555 2471 613 2516 ita
633 2471 893 2530 genitalibus
911 2473 1118 2519 membris
1135 2473 1190 2520 ad
1207 2489 1444 2535 procrean-

74 2566 78 2567 ’
105 2560 115 2577 ¹
132 2556 223 2588 Rom.
243 2565 312 2598 viu,
335 2566 392 2599 ¹02
409 2573 448 2580 -
470 2563 484 2581 ²
502 2556 550 2592 Id.
572 2567 632 2597 vn,
651 2556 707 2590 23.
726 2574 768 2581 —-
789 2555 803 2582 3
826 2557 940 2601 Ephes.
957 2569 992 2599 11,
1017 2558 1047 2592 3.
