1854 3219
332 265 386 292 DE
418 263 570 292 onnam
605 261 659 288 An
691 259 934 298 LITTERAM,
970 259 1052 286 nn.
1089 259 1137 286 11.
1351 245 1434 284 213

48 329 169 389 quod
188 329 357 375 dictum
379 338 468 374 est:
500 347 519 370 «
547 327 642 373 Sint
653 327 698 370 in
719 326 861 384 signa,
887 334 930 368 ct
952 333 1146 384 tempora
1164 358 1174 378 ,
1197 332 1241 367 ct
1256 323 1302 366 in
1316 321 1406 366 dics
1421 356 1432 375 ,

50 419 70 442 n
97 410 139 444 ct
160 401 205 444 in
227 415 361 445 annos
377 435 388 455 ,
418 420 435 441 »
459 414 515 442 an
531 398 652 457 signa
664 406 708 441 et
728 405 922 455 tempora
941 394 1000 440 ad
1016 403 1171 440 caetera
1187 429 1198 450 ,
1220 392 1310 438 dies
1331 407 1434 438 vero

46 479 90 516 ct
110 471 212 515 anni
237 470 293 515 ad
315 470 449 516 solem
462 466 783 515 tantummodo.

54 624 901 645 WMMMWMMMMWWMW
1251 622 1425 639 WUSMMW

576 735 791 786 CAPUT
824 736 934 784 XV.

399 882 539 928 Luna
562 881 721 941 qualis
742 881 1096 944 creatccfzcerz’t.

108 1021 251 1064 XXX.
278 1022 440 1073 QUALrs
457 1020 586 1064 etiam
608 1019 714 1064 luna
735 1018 850 1064 facta
880 1020 961 1074 sit,
985 1017 1113 1062 multi
1138 1016 1443 1078 loquacissime

50 1090 303 1151 inquirunt,
336 1100 467 1151 atque
492 1091 661 1134 utinam
691 1089 960 1151 inquirentes
992 1088 1252 1149 loquantur,
1282 1104 1330 1133 ac
1354 1103 1444 1132 non

50 1162 196 1222 potius
210 1161 366 1206 docere
384 1171 604 1207 conantes.
626 1162 790 1207 Dicunt
811 1161 926 1205 enim
949 1159 1047 1205 ideo
1064 1160 1241 1220 plenam
1263 1158 1440 1215 factam,

50 1232 152 1292 quia
171 1248 261 1276 non
289 1232 473 1281 decebat
489 1268 500 1288 ,
531 1241 582 1276 ut
605 1235 721 1277 Deus
742 1230 1050 1292 imperfectum
1072 1230 1240 1291 aliquid
1276 1230 1352 1275 illo
1375 1230 1445 1275 die

50 1302 213 1347 faceret
243 1303 288 1347 in
316 1303 550 1358 sideribus,
583 1319 672 1364 quo
707 1304 916 1363 scriptum
944 1313 1034 1358 cst,
1061 1301 1183 1363 quod
1204 1302 1318 1347 facta
1358 1303 1445 1346 sint

49 1372 206 1420 sidera.
231 1373 317 1426 Qui
349 1383 496 1418 autem
518 1373 747 1428 resistunt,
779 1373 932 1418 dicunt
958 1393 965 1418 :
1014 1377 1110 1433 Ipsa
1148 1388 1250 1432 ergo
1288 1372 1444 1417 debuit

48 1442 186 1503 prima
210 1442 315 1487 luna
338 1442 438 1499 dici,
466 1459 555 1487 non
570 1442 941 1504 quarta-decima,
963 1444 1059 1504 quis
1073 1443 1192 1502 enim
1214 1443 1366 1502 incipit
1383 1442 1442 1487 ita

48 1516 332 1558 enumerare?
362 1517 455 1572 Ego
487 1523 634 1559 autem
660 1514 829 1559 medius
862 1514 976 1558 inter
1007 1515 1110 1559 istos
1138 1514 1198 1558 ita
1236 1529 1353 1569 sum,
1392 1524 1442 1558 ut

50 1595 256 1630 neutrum
285 1601 494 1643 asseram3
529 1587 605 1631 sed
637 1585 768 1646 plane
797 1585 935 1631 dicam
955 1622 966 1642 ,
1007 1586 1095 1630 sive
1131 1585 1316 1646 primam
1353 1586 1441 1629 sivc

46 1656 221 1717 plenam
245 1655 397 1701 lunam
418 1660 531 1702 Deus
565 1656 741 1712 fecerit,
777 1656 925 1702 fecisse
958 1656 1211 1717 perfectam.
1240 1660 1438 1717 Ipsarum

47 1727 163 1771 enim
181 1737 436 1782 naturarum
449 1737 512 1772 est
528 1731 643 1772 Deus
658 1737 808 1772 auctor
825 1737 867 1772 et
885 1727 1099 1773 conditor.
1121 1728 1275 1772 Omnis
1293 1737 1439 1772 autem

47 1814 114 1843 res
151 1797 369 1859 quidquid
410 1814 638 1858 progressu
668 1799 856 1843 naturali
893 1815 970 1858 per
1008 1809 1205 1859 tempora
1245 1815 1440 1858 congrua

46 1871 239 1931 quodam
253 1868 385 1913 modo
407 1869 554 1929 prodit
578 1879 709 1930 atque
732 1870 1089 1930 explicat„·etian1
1114 1881 1215 1915 ante
1237 1871 1439 1915 continc-

46 1941 123 1985 bat
142 1939 383 1995 occultum,
399 1941 478 1984 etsi
495 1956 585 1985 non
607 1941 747 2000 specie
763 1941 830 1984 vel
847 1941 961 1985 mole
980 1941 1171 2001 corporis
1193 1942 1274 1996 sui,
1292 1951 1441 1985 tamen

47 2011 212 2055 ratione
234 2020 416 2054 naturae.
443 2011 531 2056 Nisi
558 2009 672 2055 forte
695 2010 824 2054 arbor
846 2027 946 2071 quae
970 2027 1046 2071 per
1070 2012 1275 2069 hyemem
1297 2011 1439 2071 pomis

45 2098 181 2126 vacua
197 2080 399 2141 foliisque
423 2080 586 2125 nudata
616 2090 700 2136 est,
730 2090 834 2126 tunc
857 2081 1112 2142 imperfecta
1131 2081 1318 2126 dicenda
1340 2091 1404 2126 est
1427 2101 1435 2127 :

46 2162 122 2196 aut
137 2151 298 2196 veroin
317 2151 562 2211 primordiis
581 2152 710 2196 etiam
726 2152 812 2196 suis
825 2188 835 2207 ,
855 2168 956 2196 cum
975 2152 1119 2197 adhuc
1133 2152 1306 2197 nullum
1325 2152 1441 2198 fruc-

45 2233 139 2267 tum
163 2222 350 2267 dedisset
365 2258 376 2278 ,
400 2221 655 2282 imperfecta
673 2232 764 2267 erat
784 2222 858 2267 illa
880 2233 1051 2268 natura.
1080 2223 1210 2278 Quod
1232 2240 1322 2268 non
1344 2233 1442 2269 tan-

46 2303 140 2336 turn
155 2292 209 2336 de
224 2293 393 2348 arbore,
413 2292 487 2337 sed
501 2309 581 2344 nec
595 2292 649 2337 de
665 2293 758 2353 ipso
774 2295 864 2355 ejus
883 2294 1047 2338 semine
1066 2304 1181 2339 recte
1201 2294 1434 2351 diceretur,

46 2364 124 2408 ubi
146 2363 290 2409 omnia
321 2380 420 2425 quae
440 2379 669 2424 progressu
694 2367 899 2425 temporis
921 2366 1113 2426 quodam
1135 2366 1265 2412 modo
1280 2382 1435 2427 proce-

47 2434 181 2489 dunt,
222 2435 358 2479 modis
396 2435 687 2480 invisibilibus
731 2435 884 2480 latent.
911 2440 1175 2497 Quanquam
1197 2438 1230 2482 si
1270 2437 1438 2497 aliquid

45 2508 160 2550 Deus
180 2504 482 2564 imperfectum
501 2505 650 2550 fecisse
668 2505 900 2563 diceretur,
918 2508 1038 2568 quod
1055 2507 1215 2552 deinde
1232 2509 1323 2567 ipse
1340 2522 1437 2566 per-

46 2575 194 2619 ficeret
210 2610 220 2629 ‚
253 2574 359 2635 quid
387 2576 732 2635 reprehensionis
754 2577 936 2622 haberet
964 2579 1043 2623 ista
1066 2579 1303 2622 sententia?
1329 2579 1434 2621 Jure
