1854 3219
363 189 418 226 30
810 195 844 223 s.
880 193 1109 224 Aueustrmt
1142 195 1323 223 Emscom

362 263 564 310 omnibus
587 261 750 317 modis,
776 260 915 307 (101100
947 262 1248 322 perveniamus
1272 261 1328 305 ad
1349 259 1607 304 sententiam
1634 257 1746 302 veri-

364 336 485 389 tatis,
521 333 760 394 przesertim
798 348 899 377 eum
945 349 1047 378 usus
1081 333 1304 377 accesserit
1334 329 1505 391 pietatis
1537 328 1745 372 exercita-

364 408 477 451 tione
500 406 741 450 roboratus.
776 405 1025 450 Invenimus
1049 414 1194 449 autem
1217 413 1367 448 utrum
1383 401 1557 462 propria
1583 401 1657 455 sit,
1692 415 1748 443 an

360 479 542 537 figurata
565 477 744 531 locutio,
766 474 839 520 illa
860 475 1078 520 intuentes
1092 491 1190 536 quse
1209 490 1338 535 supra
1352 473 1595 518 dictasunt.
1617 469 1749 525 Quod

359 564 459 593 cum
483 547 756 608 apparuerit,
781 547 913 591 verba
941 547 1102 606 quibus
1124 545 1374 590 continetur
1390 579 1401 600 ,
1427 553 1501 588 aut
1539 559 1563 587 a
1593 539 1747 585 simili-

362 620 443 665 bus
477 620 606 664 rebus
647 619 779 665 ducta
810 618 1115 674 invenientur,
1146 626 1224 662 aut
1256 617 1311 661 ab
1353 615 1497 675 aquiia
1529 612 1749 658 vicinitate

361 690 689 750 attingentibus.

366 839 1750 865 mimmmmMWQRMWWOEQSMMUWSWVWMNAMNQMNWW'UMWWUMWW

832 958 1046 1007 CAPUT
1083 958 1217 1006 'XXV
1230 954 1262 1002 ¹0.

508 1090 650 1137 Idem
671 1089 868 1137 verbum
889 1106 986 1136 non
1008 1087 1136 1134 idem
1154 1088 1394 1150 signifieat
1412 1084 1598 1144 ubique.

421 1230 602 1272 XXXV.
640 1230 722 1273 SED
750 1227 959 1287 quoniam
989 1224 1139 1270 multis
1167 1223 1308 1269 modis
1342 1239 1407 1267 res
1433 1222 1592 1268 similes
1622 1222 1754 1267 rebus

361 1308 597 1358 apparent,
636 1314 727 1343 11011
760 1306 964 1356 putemus
996 1311 1084 1341 esse
1120 1295 1446 1355 praescriptum,
1486 1302 1538 1338 ut
1564 1293 1687 1354 quod
1708 1293 1754 1340 in

360 1369 506 1430 aliquo
527 1368 624 1413 loco
644 1384 709 1412 res
732 1366 877 1428 aliqua
889 1382 966 1426 per
979 1365 1309 1411 similitudinem
1331 1365 1651 1424 significaverit,
1666 1364 1754 1409 hoc

361 1455 455 1484 eam
478 1454 646 1499 semper
672 1438 912 1497 significare
929 1437 1171 1481 credamus.
1188 1439 1298 1482 Nam
1313 1445 1356 1480 et
1375 1435 1421 1480 in
1431 1435 1754 1495 vituperatione

360 1512 626 1557 fermentum
644 1510 788 1571 posuit
807 1510 1041 1564 Dominus,
1067 1524 1169 1553 cum
1191 1507 1376 1553 diceret:
1400 1527 1420 1550 «
1441 1509 1602 1554 Cavete
1624 1523 1648 1551 a
1669 1505 1754 1551 fer-

366 1604 383 1626 »
419 1592 568 1628 mento
602 1582 919 1627 Pharisaeorum
941 1583 958 1606 ‘2
977 1600 989 1637 3
1018 1598 1038 1621 »
1080 1588 1123 1623 et·
1163 1579 1211 1622 111
1245 1577 1376 1623 laude
1417 1593 1518 1623 cum
1561 1577 1749 1622 diceret:

364 1672 385 1695 »
423 1652 567 1699 Simile
590 1661 654 1698 est
675 1667 827 1711 regum
849 1650 1062 1696 coelorum
1080 1648 1266 1704 mulieri,
1287 1664 1387 1710 quae
1409 1648 1640 1694 abscondit
1662 1647 1752 1693 ser·-

364 1742 385 1766 »
420 1733 619 1768 mentum
645 1724 691 1767 in
720 1723 860 1767 tribus
887 1720 1100 1766 mensuris
1132 1719 1284 1764 farinae
1300 1755 1311 1777 ,
1351 1719 1491 1765 donec
1512 1719 1752 1765 fermenta-

365 1814 385 1838 »
420 1805 540 1840 retur
556 1797 740 1840 totumss.
769 1813 790 1836 »

420 1870 626 1911 XXXVI.
662 1866 827 1927 Hujus⁴
850 1865 982 1924 igitur
1001 1863 1217 1909 varietatis
1235 1862 1479 1908 observatio
1497 1861 1604 1907 duas
1619 1862 1755 1907 habet

361 1937 537 1983 formas.
557 1938 625 1983 Sic
647 1937 763 1981 enim
781 1934 901 1980 aliud
922 1944 1054 1995 atque
1068 1933 1188 1978 aliud
1205 1949 1269 1977 res
1287 1948 1474 1994 quaeque
1487 1933 1750 1992 significant,

361 2019 411 2054 ut
431 2019 506 2054 aut
522 2009 753 2064 contraria,
766 2017 840 2053 aut
858 2005 1163 2052 tantummodo
1182 2005 1348 2050 diversa
1362 2005 1618 2063 significent.
1639 2007 1754 2051 Con-

361 2082 490 2127 traria
506 2081 684 2137 scilieet,
701 2096 801 2126 eum
818 2079 920 2124 alias
934 2078 1122 2134 inbono,
1133 2076 1234 2122 alias
1247 2076 1416 2122 inmalo
1425 2092 1491 2122 res
1506 2078 1658 2122 eadem
1676 2093 1754 2138 per

360 2151 689 2197 similitudinem
701 2151 894 2211 ponitur,
910 2149 1020 2194 sicut
1034 2149 1117 2193 1100
1138 2157 1201 2192 est
1222 2147 1342 2208 quod
1356 2147 1410 2191 de
1432 2147 1651 2193 fermento
1673 2164 1752 2193 su-

361 2238 439 2283 pra
462 2222 662 2267 diximus.
692 2221 794 2267 Tale
817 2231 881 2266 est
902 2220 1034 2265 etiam
1053 2220 1174 2280 quod
1190 2217 1259 2264 leo
1274 2218 1485 2277 significat
1498 2219 1723 2265 Christum
1737 2253 1749 2276 ,

410 2326 418 2343 ¹
444 2321 544 2363 Caput
561 2330 623 2352 xxv
641 2319 672 2352 in
690 2318 783 2351 editis
802 2317 916 2362 incipit
932 2317 972 2350 ad
994 2317 1063 2350 haec
1081 2316 1181 2350 verba
1196 2329 1202 2350 :
1230 2314 1333 2359 Quod
1353 2327 1430 2350 cum
1444 2317 1667 2361 apparuerit,
1685 2321 1749 2350 etc.

360 2376 448 2409 sicut
462 2380 496 2409 et
507 2386 641 2419 sequens
658 2376 697 2408 ad
710 2375 793 2409 hanc
810 2375 1005 2408 sententiam
1024 2386 1055 2406 n.
1076 2384 1199 2406 xxxvu:
1223 2372 1292 2406 Ubi
1306 2379 1418 2405 autem
1427 2396 1441 2413 ,
1455 2379 1521 2405 etc.
1540 2389 1583 2396 —
1602 2379 1615 2396 2
1634 2372 1750 2405 Matth.

362 2445 432 2477 xvi,
458 2446 507 2467 11.
535 2451 578 2458 —-
603 2432 615 2457 3
642 2435 720 2467 Luc.
739 2444 807 2476 xm,
829 2443 884 2465 21.
912 2449 949 2455 —
967 2430 983 2456 Δ
1007 2431 1172 2475 Reliquum
1197 2429 1291 2472 hujus
1310 2429 1386 2462 libri
1405 2455 1413 2471 ,
1433 2433 1604 2472 totumque
1633 2429 1751 2463 librum

360 2495 507 2534 quartum
529 2490 651 2533 adjecit
679 2489 889 2532 Augustinus,
908 2488 1037 2532 quando
1064 2487 1127 2522 hoc
1144 2497 1224 2531 opus
1240 2497 1299 2521 suo
1315 2485 1435 2521 ordine
1453 2486 1645 2529 recognovit
1670 2497 1713 2520 ex
1729 2494 1750 2520 2

363 2549 505 2580 nen-act.
526 2557 556 2580 c.
573 2556 613 2579 iv.
