1854 3219
379 175 461 214 534
813 191 844 217 s.
883 189 1111 219 Anousnm
1144 193 1324 220 Eplscol’l

378 254 543 311 peceati
582 268 759 311 poenam
795 253 992 298 nondum
1024 256 1216 301 babebat
1238 258 1282 300 in
1309 256 1538 313 membris,
1564 261 1767 319 quando-

380 323 560 383 quidem
582 333 626 368 et
646 324 737 384 ipsa
769 339 791 367 a
814 326 971 370 sanctis
1004 327 1104 372 viris
1128 330 1218 373 Deo
1241 327 1426 374 subditis
1450 344 1526 389 per
1551 331 1640 391 ejus
1665 346 1764 391 gra-

378 395 483 438 tiam
504 394 664 454 pietate
689 405 932 455 superatur.

375 539 478 555 numm*
484 539 552 556 MV!
558 540 831 556 mmswumm
837 541 1258 559 §uwmwismmmmm
1264 543 1757 564 mmmmmmm

845 659 1067 707 CAPUT
1103 661 1277 707 XVIII:

459 812 624 858 Homo
645 821 760 858 ante
776 823 1032 873 peecatum
1054 812 1293 874 quomodo
1316 814 1666 878 beatasfaerit.

429 951 598 992 XXIII.
636 952 781 994 Pomm
808 949 888 993 ista
912 950 1096 1010 quaestio
1119 948 1174 994 de
1194 950 1321 995 beata
1343 950 1432 996 vita
1448 986 1458 1006 ‚
1486 960 1636 995 utrum
1664 967 1760 997 eam

369 1021 602 1081 quisquam
619 1022 709 1081 jam
724 1020 885 1065 habere
899 1022 1109 1066 dicendus
1125 1022 1194 1076 sit‚
1209 1023 1280 1066 eui
1297 1022 1514 1067 incertum
1531 1033 1595 1068 est
1609 1032 1760 1068 utrum

367 1107 516 1137 seeum
539 1108 820 1152 permansura
841 1093 910 1148 sit,
936 1109 993 1136 an
1015 1093 1053 1136 ei
1071 1092 1240 1137 miseria
1258 1094 1523 1154 quandoque
1536 1093 1756 1151 succedat,

367 1172 511 1223 potest
547 1172 589 1206 et
622 1162 676 1206 de
698 1163 790 1222 ipso
812 1163 952 1223 primo
974 1163 1152 1207 homine
1175 1163 1291 1208 oriri.
1331 1166 1441 1209 Nam
1479 1164 1514 1208 si
1536 1163 1673 1209 futuri
1694 1165 1760 1208 sui

366 1233 535 1293 peccati
572 1233 775 1293 praescius
807 1243 898 1277 erat
931 1233 1180 1295 divinaeque
1213 1234 1448 1289 vindictae,
1484 1235 1637 1279 beatus
1669 1250 1760 1280 esse

367 1305 485 1350 unde
498 1307 699 1365 poterat?
716 1308 834 1365 Ergo
854 1315 945 1350 erat
966 1306 1012 1350 in
1034 1306 1232 1365 paradiso
1250 1322 1340 1350 non
1362 1306 1529 1350 beatus.
1545 1306 1629 1351 Sed
1643 1307 1759 1351 enim

365 1393 455 1421 non
478 1385 570 1420 erat
592 1374 729 1419 futuri
752 1376 919 1435 peceati
935 1376 1000 1419 sui
1019 1376 1222 1436 praescius
1237 1378 1255 1421 Ρ
1270 1380 1384 1435 Ergo
1404 1392 1480 1437 per
1502 1378 1615 1422 hane
1632 1378 1758 1437 igno-

364 1449 549 1493 rantiam
583 1456 659 1491 aut
680 1446 877 1507 ejusdem
901 1446 1183 1492 beatitudinis
1209 1448 1428 1506 ineertu53
1462 1457 1504 1492 et
1532 1449 1758 1509 quomodo

357 1520 447 1580 jam
470 1535 571 1563 vere
595 1519 779 1562 heatus?
818 1521 906 1562 Aut
937 1516 1043 1562 falsa
1064 1533 1139 1578 spe
1164 1527 1307 1562 certus
1324 1554 1335 1573 ‚
1368 1534 1455 1564 non
1487 1519 1689 1578 scientia;
1713 1530 1756 1565 et

363 1590 588 1653 quomodo
611 1607 701 1635 non
723 1589 910 1634 stultus?

423 1665 586 1706 XXIV.
626 1660 709 1705 Sed
732 1671 877 1705 tamen
914 1660 1102 1705 hominis
1129 1661 1276 1705 adhue
1304 1660 1350 1703 in
1371 1676 1553 1720 corpore
1581 1661 1757 1706 animali

362 1732 604 1787 constituti,
620 1732 689 1776 cui
702 1732 959 1776 obedienter
972 1731 1138 1776 viventi
1155 1730 1352 1775 dandum
1375 1731 1519 1776 adhuc
1537 1741 1647 1776 esset
1663 1736 1755 1776 An—

361 1805 559 1864 gelorum
593 1804 884 1858 consortium,
922 1813 965 1847 et
994 1803 1180 1847 mutatio
1218 1804 1408 1863 eorporis
1438 1819 1489 1847 ex
1511 1803 1687 1848 animali
1707 1805 1754 1850 in

359 1876 573 1937 spiritale,
614 1890 843 1935 possumus
876 1874 1118 1933 intelligere
1142 1875 1316 1918 beatam
1353 1875 1488 1919 vitam
1510 1876 1753 1921 seeundum

358 1946 596 2009 quemdam
631 1945 810 1990 modum
828 1981 838 1999 ,
869 1945 1032 1988 etiamsi
1067 1961 1157 1989 non
1186 1955 1278 1988 erat
1299 1946 1502 2005 praescius
1523 1945 1662 1990 futuri
1685 1947 1752 1991 sui

356 2018 538 2079 peceati.
564 2020 716 2077 Neque
735 2016 852 2061 enim
868 2024 911 2059 et
932 2014 995 2058 illi
1017 2015 1182 2074 prfeseii
1204 2015 1410 2071 fuerunt,
1437 2016 1597 2076 quibus
1615 2020 1751 2078 Apos-

357 2090 470 2135 tolus
495 2088 598 2132 dicit
622 2108 631 2133 ς
652 2091 774 2132 «Vos
797 2088 873 2148 qui
895 2087 1106 2147 spiritales
1128 2088 1248 2143 estis,
1275 2087 1475 2132 instruite
1496 2088 1749 2149 hujusmodi

358 2181 378 2203 »
414 2162 459 2204 iu
482 2161 635 2220 spiritu
664 2159 876 2214 lenitatis,
901 2157 1133 2202 intendens
1161 2167 1203 2202 te
1226 2158 1368 2217 ipsum
1386 2194 1396 2214 ,
1430 2163 1484 2202 ne
1506 2168 1549 2203 et
1576 2169 1624 2203 tu
1651 2169 1749 2204 ten-

357 2252 377 2274 »
415 2223 541 2276 teris1
570 2251 577 2275 :
614 2250 632 2272 »
666 2233 764 2275 Non
799 2229 986 2274 absurde
1010 2239 1185 2284 tamen,
1212 2245 1291 2273 nee
1323 2230 1523 2289 improbe
1562 2229 1747 2277 dicimus

351 2305 501 2348 beatos
524 2304 615 2363 jam
648 2302 779 2345 fuisse
812 2302 896 2345 boe
924 2302 1039 2360 ipso,
1066 2302 1187 2361 quod
1215 2300 1427 2361 spiritales
1463 2311 1629 2358 essent,
1655 2319 1746 2348 non

351 2389 554 2433 corpore,
576 2372 651 2416 sed
669 2372 834 2432 justitia
853 2371 976 2426 fidei,
1000 2387 1074 2431 spe
1098 2371 1338 2431 gaudentes
1355 2408 1365 2428 ,
1392 2373 1436 2416 in
1459 2371 1745 2418 tribulatione

351 2446 564 2505 patientes
580 2447 611 2486 Ἰ.
639 2446 813 2496 Quanto
839 2442 971 2500 magis
991 2458 1109 2501 ergo,
1136 2452 1180 2487 et
1201 2442 1410 2503 ampliore
1434 2442 1566 2488 modo
1589 2444 1743 2489 beatus

402 2549 408 2564 ¹
430 2541 496 2573 (2:11.
523 2553 566 2583 vs,
590 2552 617 2572 1.
635 2557 675 2561 -—
695 2546 707 2562 ²
732 2542 820 2571 Itoni.
843 2550 897 2580 xn,
920 2547 969 2570 12.
