1854 3219
364 216 417 243 DE
448 213 600 243 GENESI
631 211 686 239 An
719 210 959 249 mmmmm,
994 212 1078 238 Lus.
1113 211 1175 237 ix.
1388 195 1467 235 451

84 282 286 341 jumento
321 280 558 339 indigeret,
584 286 627 321 et
654 277 688 322 si
710 292 819 337 opus
855 285 964 321 esset
977 311 988 332 ,
1026 275 1180 319 melius
1212 272 1476 334 adjutorium

89 350 309 396 masculus
326 352 450 395 fieret
473 368 483 395 :
506 349 591 393 hoc
603 357 646 392 et
659 347 714 391 de
727 346 878 392 solatio
898 347 983 392 dici
1000 355 1163 407 potest,
1183 345 1217 390 si
1231 342 1477 390 solitudinis

89 421 269 468 fortasse
290 422 495 467 taedebat.
521 423 696 474 Quanto
717 419 834 463 enim
855 419 1164 477 congruentius
1176 416 1231 461 ad
1247 415 1478 461 conviven-

89 493 199 538 dum
211 503 253 539 et
265 490 608 554 colloquendum
620 490 710 535 duo
724 490 848 535 amici
864 490 1025 551 pariter
1038 503 1171 551 quam
1181 489 1248 533 vir
1265 497 1308 532 et
1320 485 1477 531 mulier

89 566 364 611 habitarent?
384 564 515 620 Quod
536 564 570 609 si
590 563 820 624 oportebat
844 561 977 607 alium
992 560 1214 623 jubendo,
1240 559 1374 604 alium
1396 557 1476 603 ob-

88 637 313 699 sequendo
333 636 494 697 pariter
519 635 665 681 vivere
682 669 693 690 ,
718 649 773 679 ne
795 633 1022 679 contrariae
1054 632 1300 678 voluntates
1321 643 1476 690 pacem

90 708 434 753 cohabitantium
447 706 777 767 perturbarent3
792 719 873 749 nec
890 704 946 748 ad
963 705 1048 749 hoc
1069 701 1349 747 retinendum
1369 698 1478 744 ordo

91 777 316 835 defuisset,
340 794 429 839 quo
445 778 563 838 prior
584 792 724 832 unus,
750 775 858 820 alter
873 775 1098 835 posterior,
1121 773 1307 818 maxime
1325 771 1361 815 si
1377 785 1480 830 pos-

90 850 224 894 terior
260 865 312 894 ex
331 850 476 910 priore
508 857 753 904 crearetur,
785 847 896 891 sicut
917 844 1098 890 foemina
1127 842 1270 890 creata
1297 851 1376 887 est.
1412 844 1481 886 An

93 920 249 982 aliquis
268 919 424 965 dixerit
439 918 495 964 de
523 928 641 965 costa
660 918 850 963 hominis
872 921 1011 962 Deum
1034 915 1261 960 foeminam
1282 921 1477 968 tantum,

92 1007 184 1038 non
202 992 333 1037 etiam
353 989 597 1036 masculum
609 1025 620 1046 ‚
645 991 679 1034 si
695 991 779 1035 hoc
791 988 946 1045 vellet,
967 987 1108 1033 facere
1121 987 1344 1048 potuisse?
1364 987 1485 1038 Qua-

92 1073 272 1125 propter
300 1078 390 1108 non
409 1062 586 1107 invenio
607 1061 663 1105 ad
685 1061 807 1122 quod
826 1059 1093 1121 adjutorium
1115 1057 1230 1104 facta
1252 1058 1306 1103 sit
1327 1054 1484 1100 mulier

93 1134 210 1191 viro,
234 1134 270 1179 si
289 1131 487 1194 pariendi
508 1148 636 1179 causa
656 1131 943 1177 subtrahitur.

97 1290 131 1307 Ἃ

1131 1283 1485 1303 ΜΜΙΜΝΜΝ

642 1408 860 1459 CAPUT
898 1410 984 1459 VI.

130 1552 369 1601 Filiorum
389 1556 628 1601 successio
648 1553 807 1614 qualis
827 1556 872 1600 si
890 1553 1058 1601 Adam
1074 1570 1170 1600 non
1188 1565 1452 1615 peccasset.

159 1691 215 1733 X.
234 1691 337 1735 ΝΛΜ
359 1689 394 1735 si
406 1698 608 1750 parentes
626 1688 725 1734 filiis
747 1689 832 1734 suis
848 1688 1002 1734 cedere
1026 1691 1180 1735 ex'hac
1198 1691 1286 1735 vita
1308 1699 1485 1750 oporte-

100 1760 198 1816 bat,
218 1769 270 1804 ut
283 1760 344 1804 ita
359 1775 488 1805 omne
505 1760 751 1804 humanum
773 1775 908 1819 genus
930 1775 1007 1820 per
1033 1760 1299 1806 decessiones
1322 1772 1366 1806 et
1386 1779 1488 1809 suc-

102 1830 313 1875 cessiones
333 1839 451 1875 certa
465 1830 773 1875 numerositate
791 1829 1047 1890 impleretur
1061 1866 1072 1886 ‚
1096 1841 1336 1890 potuerunt
1357 1835 1489 1879 etiam

102 1901 300 1946 homines
317 1901 472 1961 genitis
488 1900 607 1957 filiis,
628 1899 909 1961 perfectaque
940 1901 1122 1945 humani
1146 1902 1277 1946 officii
1292 1904 1458 1963 justitia
1473 1941 1486 1962 ,

101 1972 206 2017 hinc
228 1971 285 2017 ad
299 1972 477 2018 meliora
498 1970 741 2026 transferri,
767 1987 856 2016 non
884 1987 962 2032 per
984 1981 1193 2027 mortem,
1219 1975 1295 2018 sed
1313 1990 1391 2034 per
1412 1975 1491 2020 ali-

103 2058 238 2102 quam
260 2043 672 2097 commutationem‚
698 2051 774 2086 aut
789 2041 909 2086 illam
931 2058 1166 2097 summam,
1198 2059 1286 2104 qua
1308 2047 1490 2106 receptis

105 2113 362 2173 corporibus
379 2114 488 2158 fient
508 2114 646 2158 sancti
669 2113 780 2157 sicut
795 2113 950 2172 Angeli
967 2113 1013 2157 in
1034 2113 1182 2171 coelis3
1214 2124 1289 2159 aut
1311 2117 1345 2161 si
1371 2117 1490 2163 illam

106 2184 202 2230 dari
218 2200 309 2229 non
331 2194 526 2245 oportet,
559 2184 642 2229 nisi
661 2184 866 2229 omnibus
887 2184 1016 2229 simul
1032 2185 1078 2228 in
1099 2186 1247 2230 saeculi
1269 2187 1356 2232 fine
1371 2224 1382 2245 ‚
1414 2190 1493 2234 ali-

108 2271 243 2316 quam
263 2254 514 2300 inferiorem
535 2271 667 2316 quam
684 2254 757 2299 illa
775 2255 855 2300 erit
881 2275 890 2300 ε
915 2272 1015 2316 quae
1037 2265 1183 2300 tamen
1201 2258 1382 2304 haberet
1398 2277 1493 2306 me-

108 2324 263 2369 liorem
287 2334 464 2382 statum,
485 2341 618 2386 quam
630 2324 701 2370 vel
720 2326 804 2370 hoc
828 2342 984 2386 corpus
1002 2327 1158 2383 habet,
1176 2327 1245 2372 vel
1269 2329 1342 2374 illa
1363 2332 1493 2376 etiam

110 2414 210 2459 quae
232 2398 432 2457 primitus
465 2397 581 2443 facta
603 2407 728 2454 sunt,
749 2398 828 2444 viri
851 2415 902 2443 ex
923 2399 1027 2445 limo
1056 2409 1203 2457 terrae,
1230 2403 1419 2448 mulieris
1441 2420 1494 2450 ex

110 2484 192 2514 viri
211 2484 355 2513 carne.

170 2541 251 2583 XI.
286 2541 438 2599 Neque
470 2539 587 2584 enim
615 2539 916 2584 arbitrandum
948 2549 1011 2584 est
1044 2540 1184 2585 Eiiam
1213 2542 1282 2586 vel
1315 2543 1374 2588 sic
1405 2561 1494 2592 esse

1219 2613 1286 2654 29.
