1854 3219
375 230 429 265 :30
815 242 848 265 s.
887 239 1111 265 artensium
1150 240 1323 266 i-:mscori

372 304 566 348 clavibus
604 302 849 347 divinarum
895 303 1216 363 Scripturarum
1257 304 1529 363 aperirentur
1573 302 1761 346 occulta.

369 380 567 428 Quarum
602 374 783 433 primam
817 374 964 433 ponit,
999 373 1058 418 (le
1088 374 1298 419 Domino
1330 384 1374 418 et
1410 374 1512 435 ejus
1540 388 1764 433 corpore,

369 443 607 489 secundam
648 443 707 488 <le
744 442 946 488 Domini
981 460 1181 504 corpore
1217 444 1468 505 bipartito,
1502 444 1677 488 tertiam
1707 441 1768 487 de

365 514 615 574 promissis
657 523 702 558 et
743 513 898 576 Lege,
944 525 1144 575 quartam
1186 514 1246 560 (le
1289 516 1447 576 specie
1489 524 1534 559 et
1562 529 1738 576 genere
1749 549 1765 570 ,

367 586 570 645 quintam
602 583 662 628 (le
697 583 1009 644 temporibus,
1041 596 1205 631 sextam
1241 584 1302 630 <le
1340 584 1765 645 recapitulatione,

367 657 595 717 septimam
618 654 676 699 cle
699 654 896 701 diabolo
919 666 964 701 et
982 657 1083 716 esus
1101 673 1316 717 corpore.
1339 660 1448 710 Quae
1465 655 1646 717 quidem
1661 671 1768 700 con-

366 727 588 782 sideratae,
623 728 735 772 sicut
757 728 812 772 ab
843 727 919 773 illo
953 728 1226 788 aperiuntur,
1248 744 1337 773 non
1370 743 1525 787 parum
1554 725 1766 787 adjuvant

365 798 421 843 ad
449 799 717 859 penetranda
732 834 742 854 ‚
777 815 877 859 quae
907 809 1022 844 tecta
1044 809 1147 844 sunt
1166 800 1420 844 divinorum
1442 798 1735 860 Eloquiorum
1754 817 1763 843 :

364 884 446 914 nec
465 879 612 914 tamen
634 869 805 925 omnia,
830 885 931 931 quac
949 870 1008 914 ita
1022 870 1181 930 scripta
1203 879 1306 914 sunt
1334 889 1343 914 :
1369 878 1420 913 ut
1442 885 1532 914 non
1550 868 1676 913 facile
1694 868 1765 912 in-

367 937 635 999 telligantur,
669 949 850 1000 possunt
882 940 948 985 his
974 940 1136 1000 regulis
1158 940 1370 995 inveniri,
1403 938 1480 984 sed
1509 938 1602 984 aliis
1624 938 1766 984 modis

365 1010 589 1071 pluribus,
620 1027 730 1072 quos
762 1013 846 1056 hoc
875 1028 1059 1057 numero
1089 1012 1337 1072 septenario
1367 1027 1508 1072 usque
1537 1010 1646 1056 adeo
1674 1026 1765 1055 non

365 1092 429 1127 cst
457 1083 535 1127 iste
557 1084 831 1143 complexus,
857 1093 907 1128 ut
928 1083 1045 1128 idem
1067 1084 1157 1144 ipse
1182 1082 1321 1127 multa
1342 1092 1531 1143 exponat
1551 1082 1761 1138 obscura,

366 1154 411 1198 in
424 1155 588 1215 quibus
603 1156 761 1200 harum
781 1155 1030 1214 regularum
1049 1154 1229 1199 adhibet
1247 1153 1413 1198 nullam
1426 1189 1436 1208 ‚
1457 1154 1666 1215 quoniam
1683 1169 1765 1198 nec

365 1239 474 1283 opus
498 1235 576 1269 est.
602 1228 753 1286 Neque
776 1227 892 1269 enim
913 1225 1080 1286 aliquid
1102 1225 1190 1269 illic
1211 1224 1297 1269 tale
1318 1235 1513 1269 versatur
1537 1234 1612 1268 aut
1635 1239 1761 1284 qute-

366 1296 491 1350 ritur‚
515 1297 626 1340 sicut
644 1296 689 1339 in
702 1297 965 1356 Apocalypsi
981 1296 1162 1340 ,Ioannis
1185 1296 1363 1356 quaerit‚
1386 1294 1764 1356 quemadmodum

366 1365 640 1425 intelligendi
661 1366 747 1409 sint
767 1366 924 1425 Angeli
942 1365 1236 1411 Ecclesiarum
1259 1375 1425 1425 septem
1440 1401 1450 1421 7
1475 1365 1634 1426 quibus
1658 1365 1764 1410 scri-

363 1436 467 1480 bere
499 1436 730 1495 jubetur2‚
761 1445 804 1480 ct
840 1437 1121 1480 ratiocinatur
1154 1435 1472 1496 multipliciter,
1509 1445 1552 1480 et
1585 1435 1643 1480 ad
1678 1436 1763 1480 hoc

363 1507 562 1567 pervenit
590 1515 640 1551 ut
667 1507 779 1567 ipsos
803 1507 989 1565 Angelos
1019 1506 1311 1566 intelligamus
1334 1506 1562 1552 Ecclesias.
1600 1509 1652 1551 In
1674 1523 1762 1568 qua

366 1577 661 1638 copiosissima
683 1577 979 1638 disputatione
1006 1578 1116 1623 nibil
1138 1579 1317 1623 istarum
1339 1588 1403 1623 est
1425 1578 1697 1638 regularum,
1718 1588 1763 1623 et

369 1648 518 1709 utique
532 1665 596 1693 res
611 1648 698 1693 illic
713 1649 1015 1694 obscurissima
1030 1649 1264 1711 quaeritur3
1281 1650 1401 1710 quod
1419 1649 1604 1710 exempli
1624 1650 1762 1709 gratia

364 1720 462 1765 satis
488 1719 657 1764 dictum
678 1720 731 1764 sit
758 1739 766 1764 :
793 1735 893 1764 nam
924 1719 1127 1779 colligere
1149 1720 1296 1765 omnia
1312 1755 1322 1775 ,
1359 1720 1485 1765 nimis
1513 1720 1695 1779 longum
1716 1730 1760 1765 ct

364 1790 492 1835 nimis
515 1804 747 1850 operosum
779 1799 866 1846 est,
900 1806 999 1852 quae
1027 1791 1086 1835 ita
1119 1791 1304 1836 obscura
1326 1799 1430 1835 sunt
1451 1791 1496 1835 in
1526 1791 1758 1851 Scripturis

362 1861 580 1907 canonicis
594 1897 605 1917 ,
631 1870 680 1906 ut
702 1860 811 1905 nihil
829 1861 1008 1906 istarum
1031 1871 1194 1922 septem
1219 1862 1280 1906 ibi
1301 1861 1613 1923 requirendum
1635 1863 1703 1907 sit.

421 1935 583 1976 XLIII.
605 1935 690 1976 Iste
704 1940 851 1976 autem
870 1948 970 1977 cum
990 1932 1067 1977 has
1084 1931 1207 1978 velut
1224 1932 1393 1991 regulas
1410 1932 1752 1990 commendaret,

361 2012 534 2047 tantum
556 2003 614 2047 eis
636 2002 817 2058 tribuit,
848 2003 970 2063 quasi
994 2003 1139 2047 omnia
1172 2019 1272 2064 quoe
1305 2003 1350 2046 111
1379 2006 1520 2063 Lege,
1551 2003 1596 2048 id
1623 2014 1687 2049 est
1711 2005 1756 2050 in

361 2073 518 2119 divinis
533 2073 672 2118 Libris
687 2073 870 2118 obscure
885 2073 1024 2134 posita
1042 2074 1432 2130 invenerimus,J·1is
1447 2074 1558 2118 bene
1572 2077 1755 2134 cognitis

360 2155 491 2206 atque
505 2143 709 2188 adhibitis
723 2143 965 2204 intelligere
979 2144 1214 2189 valeamus.
1235 2147 1300 2190 Ita
1318 2145 1482 2205 quippe
1496 2161 1670 2190 exorsus
1692 2157 1755 2192 est

360 2215 562 2260 cumdem
577 2215 737 2259 librum
751 2224 800 2259 ut
813 2214 990 2259 diceret.
1017 2216 1343 2261 «Necessarium
1359 2215 1462 2259 duxi
1475 2226 1574 2261 ante
1589 2218 1750 2274 omnia⁷

362 2307 383 2330 »
417 2303 517 2348 quae
546 2287 653 2331 mihi
680 2287 903 2342 videntur,
931 2286 1132 2331 libellum
1161 2286 1441 2350 regularum
1469 2289 1684 2346 scribere,
1711 2300 1754 2335 et

361 2378 383 2401 »
419 2367 682 2403 secretorum
715 2358 839 2417 Legis
863 2357 1001 2403 veluti
1031 2357 1172 2404 claves
1199 2369 1242 2403 et
1262 2358 1492 2404 luminaria
1520 2359 1747 2406 fabricare.

362 2448 382 2471 »
421 2433 533 2475 Sunt
569 2430 686 2473 enim
721 2429 923 2490 quaedam
959 2429 1120 2488 regulae
1158 2430 1374 2488 mysticae,
1411 2446 1512 2491 quae
1538 2431 1752 2477 universae

360 2522 380 2543 »
418 2503 541 2561 Legis
565 2518 753 2547 recessus
771 2502 993 2557 obtinent,
1020 2511 1062 2546 ct
1081 2502 1269 2548 veritatis
1291 2503 1512 2548 thesauros
1530 2502 1751 2564 aliquibus

408 2585 413 2599 ¹
466 2589 492 2620 μ
507 2590 538 2610 c.
560 2589 582 2616 i,
597 2588 651 2609 τί).
