1854 3219
303 260 357 287 DE
389 259 540 287 οΕΝΕςῐ
575 255 629 283 Ao
662 255 897 293 LITTERAM,
924 256 1005 283 Lm.
1033 256 1098 283 111.
1312 242 1395 282 245

9 327 174 373 dictum
194 315 274 372 sit:
302 346 322 369 «
348 327 418 371 Ad
438 324 671 383 imaginem
700 332 917 380 nostram3
945 341 965 364 »
987 322 1253 381 significatur
1274 321 1396 383 quod

7 415 96 444 non
111 399 157 443 id
175 407 271 457 agat
287 397 360 442 illa
380 395 605 457 pluralitas
622 409 905 455 personarum
924 429 934 450 ‚
959 403 1008 439 ut
1025 393 1171 454 plures
1194 393 1297 438 deos
1324 392 1395 438 vel

7 471 224 525 dieamus,
243 468 314 514 vel
340 467 565 513 credamus
582 502 593 522 ‚
618 465 689 511 vel
714 464 1030 524 intelligamus3
1060 464 1135 510 secl
1159 468 1331 509 Patrem
1354 473 1398 509 et

7 540 192 596 Filium,
219 548 262 583 et
292 538 502 599 Spiritum
526 546 724 582 sanetum
741 571 752 591 ,
777 545 956 596 propter
983 551 1117 597 quam
1144 535 1397 580 Trinitatem

6 609 171 655 dietum
190 619 254 655 est
281 629 290 655 ;
320 629 340 652 «
360 608 431 654 Ad
451 608 686 667 imaginem
704 616 922 663 nostram,
947 625 966 648 »
995 622 1135 652 unum
1157 609 1298 651 Deum
1321 621 1395 650 ae-

6 681 237 740 cipiamus,
282 689 462 741 propter
502 677 623 741 quod
654 677 822 723 dietum
855 687 919 723 est
951 697 958 723 :
1005 677 1121 723 «Ad
1163 676 1398 737 imaginem

8 770 29 794 )›
65 752 156 797 Dei.
187 770 207 794 ³)

4 904 1355 925 mmmmmmmwuwummmmmmmmmmmmmmmm
1360 905 1394 923 Μ

514 1025 730 1077 CAPUT
769 1028 880 1075 XX.

1 1170 66 1218 In
87 1186 180 1231 quo
203 1171 345 1217 homo
360 1171 539 1235 factas
559 1172 621 1217 sit
648 1170 720 1217 ad
741 1172 1004 1233 imaginem
1023 1170 1134 1217 Dei.
1168 1171 1321 1217 Curae
1339 1170 1400 1217 cle

73 1243 279 1290 hominis
299 1244 545 1290 creatione
567 1259 665 1290 non
680 1241 879 1290 dieitur:
901 1247 959 1289 Et
976 1244 1035 1289 sic
1056 1253 1120 1289 est
1142 1243 1324 1290 factum.

58 1381 201 1424 XXX.
236 1382 314 1424 Hic
352 1381 483 1425 etiam
513 1379 627 1425 illud
661 1395 752 1425 non
789 1389 853 1425 est
881 1380 1260 1441 praetereundum,
1295 1382 1400 1443 quia

0 1466 101 1496 cum
118 1450 315 1496 dixisset:
341 1469 362 1494 «
377 1450 448 1496 Ad
459 1451 694 1510 imaginem
708 1460 924 1511 nostram3
944 1471 963 1494 »
985 1453 1129 1497 statim
1147 1453 1396 1514 subjunxit:

3 1541 26 1566 «
58 1525 115 1566 Et
129 1521 290 1566 habeat
307 1530 567 1582 potestatem
580 1522 765 1582 piscium
779 1523 907 1567 maris
926 1532 969 1568 et
986 1522 1229 1568 volatilium
1242 1524 1358 1580 coeli,
1373 1543 1394 1566 »

0 1602 43 1638 et
63 1602 323 1638 caeterorum
346 1592 599 1638 animalium
622 1593 800 1639 rationis
826 1596 1093 1655 expertium:
1120 1604 1171 1639 ut
1191 1594 1398 1640 videlieet

0 1664 291 1724 intelligamus
313 1665 359 1709 in
380 1680 432 1710 eo
453 1665 622 1710 factum
638 1666 862 1711 hominem
887 1666 942 1712 ad
964 1667 1197 1727 imaginem
1218 1667 1324 1723 Dei,
1352 1669 1397 1712 in

0 1750 87 1796 quo
118 1734 442 1779 irrationalibus
476 1735 770 1781 animantibus
799 1737 1034 1782 antecellit.
1069 1737 1121 1782 Id
1157 1747 1305 1782 autem
1333 1748 1398 1783 est

0 1807 88 1867 ipsa
109 1807 242 1862 ratio,
266 1805 337 1851 vel
355 1822 499 1863 mens,
524 1807 595 1851 vel
617 1807 907 1867 intelligentia
923 1844 933 1864 ‚
954 1808 1025 1854 vel
1048 1810 1081 1854 si
1104 1825 1193 1870 quo
1211 1809 1296 1854 alio
1316 1826 1396 1856 vo-

0 1875 157 1922 cabulo
179 1876 449 1922 commodius
476 1877 734 1938 appellatur.
768 1878 895 1923 Unde
926 1889 969 1924 et
991 1879 1225 1939 Apostolus
1259 1879 1391 1926 dicit:

2 1967 24 1991 «
57 1947 344 1993 Renovamini
359 1948 405 1991 in
421 1948 577 2008 spiritu
590 1949 747 2003 mentis
764 1959 918 1994 vestrae
934 1952 963 2005 ¹,
982 1959 1025 1994 et
1041 1950 1213 1995 induite
1228 1967 1394 1997 novum

1 2035 22 2060 n
55 2019 278 2063 hominem
296 2053 307 2075 ‚
333 2018 410 2079 qui
434 2028 668 2065 renovatur
690 2020 736 2064 in
758 2020 1024 2079 agnitionem
1054 2021 1131 2065 Dei
1150 2023 1395 2067 seeundum

4 2107 22 2131 »
56 2088 289 2148 imaginem
311 2091 402 2150 ejus
424 2090 501 2151 qui
523 2091 686 2135 creavit
708 2094 863 2137 eum2:
892 2109 912 2133 »
939 2092 1039 2136 satis
1062 2092 1298 2137 ostendens
1316 2095 1394 2138 ubi

0 2159 54 2205 sit
73 2160 205 2205 homo
230 2170 400 2206 creatus
431 2161 487 2205 ad
515 2162 751 2221 imaginem
784 2163 861 2207 Dei
884 2183 892 2208 :
919 2164 1021 2224 quia
1055 2179 1145 2209 non
1177 2167 1394 2225 corporeis

0 2229 269 2276 lineamentis
285 2267 297 2288 ,
333 2231 408 2276 sed
435 2231 626 2293 quadam
649 2232 790 2278 forma
813 2233 1076 2293 intelligibili
1097 2235 1257 2280 mentis
1285 2236 1391 2280 illu—

0 2310 192 2345 minatae.

58 2373 224 2416 XXXI.
249 2374 313 2416 Ae
334 2388 411 2432 per
427 2373 511 2417 hoc
529 2373 640 2417 sieut
657 2374 703 2417 in
720 2373 794 2419 illa
806 2376 947 2435 prima
960 2376 1074 2432 luce,
1092 2377 1126 2420 si
1144 2392 1195 2422 eo
1213 2377 1390 2422 nomine

1 2451 114 2486 recte
140 2440 400 2501 intelligitur
422 2443 537 2489 faeta
553 2444 629 2488 lux
651 2444 955 2490 intellectualis
977 2447 1192 2507 particeps
1214 2457 1388 2492 aeternae

3 2520 131 2573 atque
147 2513 513 2559 incommutabilis
533 2515 763 2575 Sapientiae
781 2517 873 2572 Dei,
895 2533 984 2563 non
1004 2518 1171 2564 dictum
1186 2529 1274 2565 est:
1295 2538 1314 2561 «
1332 2521 1390 2564 Et

38 2615 58 2638 ¹¹
76 2609 156 2652 Eph.
183 2622 229 2651 iv,
248 2611 303 2644 23.
320 2628 362 2635 ·--
382 2618 395 2636 ²
415 2610 482 2645 Col.
503 2624 556 2654 ιιι,
589 2624 639 2645 ιο.
