1854 3219
422 177 476 205 DE
508 174 718 204 DOCTRINA
749 173 1005 204 CHRISTIANA
1038 175 1118 205 LIB.
1155 176 1222 203 111.
1485 164 1512 203 9

127 328 522 347 mmmmm

877 327 1513 346 mmmmmmumvwwww

649 438 867 489 CAPUT
904 441 991 488 IV.

210 573 522 639 Ambiguitas
542 572 766 622 dictionis
795 590 895 634 qua
917 575 1104 621 ratione
1126 571 1433 635 expediatur.

186 715 310 759 VIII.
325 715 423 760 Non
443 712 586 759 solum
605 722 753 759 autem
770 713 879 770 istae,
895 712 970 758 sed
988 714 1118 758 etiam
1135 711 1221 757 illae
1243 712 1509 772 ambiguita-

127 791 206 842 tes,
219 801 319 846 quae
330 800 421 829 non
432 783 488 829 ad
499 783 822 830 distinctionem
837 783 908 829 vel
927 783 981 829 ad
991 783 1394 846 pronuntiationem
1413 799 1515 843 per-

127 857 285 913 tinent,
296 854 495 901 similiter
512 854 839 901 considerandae
857 866 980 901 sunt:
997 855 1137 916 qualis
1150 854 1224 899 illa
1235 863 1298 899 est
1311 854 1367 899 ad
1383 855 1519 899 Thes-

125 927 441 973 salonicences:
467 929 739 987 »Propterea
757 926 967 972 consolati
987 942 1158 982 sumus,
1178 925 1356 982 fratres,
1371 926 1418 969 in
1440 941 1520 970 vo-

129 1017 150 1042 »
185 998 252 1043 bis
263 1000 294 1044 ¹.
313 1016 334 1040 ))
350 997 545 1044 Dubium
559 1007 624 1043 est
633 999 749 1043 enim
766 1008 934 1055 utrum,
950 1015 976 1044 o
989 997 1158 1054 fratres,
1178 1014 1232 1042 an
1243 998 1322 1042 hos
1340 996 1516 1043 fratres:

126 1079 334 1115 neutrum
355 1078 500 1115 autem
519 1069 680 1114 horum
697 1079 761 1114 est
777 1079 928 1115 contra
951 1069 1099 1125 fidem,
1120 1068 1197 1114 sed
1215 1084 1353 1129 graeca
1367 1067 1518 1128 lingua

124 1141 205 1186 hos
221 1156 344 1186 casus
365 1156 489 1201 pares
511 1156 602 1185 non
620 1140 769 1197 habet,
796 1150 838 1186 et
859 1140 958 1186 ideo
980 1139 1054 1185 illa
1078 1141 1271 1200 inspecta
1293 1140 1521 1184 renuntia-

126 1222 200 1257 tur
215 1212 454 1268 vocativus,
467 1211 515 1256 id
530 1221 610 1267 est,
630 1228 656 1256 o
677 1212 845 1256 fratres.
872 1212 1003 1266 Quod
1024 1213 1058 1257 si
1079 1211 1287 1257 voluisset
1307 1211 1519 1271 interpres

128 1276 328 1328 dicerei»
344 1285 579 1340 Propterea
594 1282 935 1327 consolationem
953 1283 1190 1326 habuimus
1206 1281 1360 1326 fratres
1376 1282 1422 1325 in
1441 1297 1523 1326 vo-

130 1372 151 1397 »
185 1353 268 1409 bis,
283 1352 460 1397 »minus
474 1353 681 1398 servitum
702 1363 813 1398 esset
824 1354 983 1408 verbis,
996 1354 1071 1396 sed
1084 1353 1226 1397 minus
1240 1352 1294 1396 de
1307 1354 1521 1397 sententia

129 1424 406 1470 dubitaretur
417 1445 428 1482 3
441 1433 516 1468 aut
527 1433 644 1468 certe
659 1423 694 1468 si
707 1423 957 1479 adderetur,
968 1423 1128 1478 Nostri,
1140 1438 1270 1468 nemo
1282 1421 1372 1467 fere
1385 1423 1521 1467 ambi-

128 1505 248 1555 geret
273 1495 523 1541 vocativum
554 1510 645 1540 esse
667 1510 837 1550 casum,
869 1510 970 1539 cum
1003 1493 1197 1550 audiret,
1233 1512 1253 1535 »
1284 1497 1520 1554 Propterea

129 1585 152 1610 »
186 1565 399 1612 consolati
420 1581 569 1611 sumus
595 1565 749 1610 fratres
767 1565 922 1610 nostri
939 1566 985 1609 in
1005 1565 1146 1609 vobis.
1175 1583 1195 1606 >›
1225 1564 1310 1609 Sed
1323 1566 1415 1625 jam
1437 1566 1522 1610 hoc

127 1637 410 1699 periculosius
428 1637 710 1697 permittitur.
739 1639 804 1681 Ita
831 1636 1001 1681 factum
1029 1645 1093 1680 est
1113 1635 1160 1680 in
1187 1635 1262 1679 illa
1285 1635 1340 1680 ad
1361 1636 1521 1681 Corin-

126 1710 257 1765 thios,
275 1724 377 1754 cum
399 1708 460 1753 ait
479 1707 735 1767 Apostolus:
760 1726 781 1749 »
806 1706 1013 1761 Quotidie
1032 1707 1214 1763 morior,
1239 1723 1317 1767 per
1332 1717 1520 1752 vestram

131 1798 152 1822 »
189 1779 392 1840 gloriam,
424 1778 595 1835 fratres,
628 1794 763 1840 quam
792 1779 933 1823 habeo
967 1780 1012 1822 in
1027 1779 1200 1824 Christo
1230 1782 1378 1823 Jesu‘2.
1399 1797 1420 1821 »
1447 1780 1521 1825 Ait

131 1869 153 1893 »
189 1851 306 1895 enim
323 1849 504 1911 quidam
525 1850 753 1910 interpres,
776 1869 796 1892 «
816 1849 1023 1903 Quotidie
1043 1851 1222 1906 morior,
1240 1866 1318 1910 per
1334 1860 1522 1895 vestram

132 1939 152 1963 n
180 1921 295 1982 jaro
317 1921 523 1979 gloriam,
555 1939 577 1962 ³>
602 1921 714 1974 Quia
735 1921 781 1966 in
804 1937 945 1981 graeco
978 1938 1060 1967 vox
1080 1922 1267 1982 jurantis
1290 1922 1520 1968 manifesta

130 2001 193 2037 est
218 1992 311 2037 sine
331 1992 537 2052 ambiguo
556 2008 678 2037 sono.
700 1993 930 2037 Rarissime
956 1993 1088 2052 igitur
1114 2003 1157 2037 et
1175 1993 1430 2038 difficillime
1453 1994 1522 2039 in-

131 2063 270 2109 veni-ri
297 2071 442 2123 potest
462 2062 722 2122 ambiguitas
744 2064 790 2107 in
811 2064 995 2124 propriis
1024 2065 1186 2120 verbis,
1219 2074 1434 2125 quantum
1466 2065 1522 2111 ad

130 2134 264 2179 libros
297 2132 545 2178 divinarum
581 2134 902 2193 Scripturarum
938 2144 1120 2196 spectat,
1159 2151 1289 2197 quam
1326 2152 1416 2181 non
1446 2146 1521 2181 aut

130 2206 454 2250 circumstantia
480 2205 573 2265 ipsa
601 2206 810 2251 sermonis
837 2223 923 2267 qua
951 2208 1226 2266 cognoscitur
1258 2208 1518 2268 scriptorum

130 2276 332 2332 intentio,
353 2284 429 2320 aut
444 2276 735 2337 interpretum
749 2276 940 2334 collatio,
961 2287 1037 2322 aut
1053 2277 1339 2339 praecedentis
1354 2279 1517 2339 linguae

132 2347 270 2393 solvat
289 2346 520 2407 inspectio.

180 2450 190 2467 ¹
214 2455 226 2476 1
242 2443 349 2476 Thess.
369 2454 424 2486 111,
439 2454 472 2487 7.
492 2459 536 2468 --
554 2450 568 2467 ²
586 2455 599 2477 1
622 2444 694 2477 Cor.
714 2454 776 2486 xv,
800 2444 854 2476 31.
