1854 3219
361 238 413 264 ΒΕ
447 238 599 264 GENEsr
635 236 688 263 An
722 238 963 274 LITTERAM‚
1000 239 1080 264 mn.
1117 238 1195 264 xii.
1377 226 1456 262 597

81 398 839 417 wwmwxsz-Qutmvmmxwumntm
843 399 908 415 §.vsu
914 400 928 414 ὶ
933 398 1043 415 ῑὶὶιῑὶἱ
1048 398 1115 412 ΊΛΙΧΊ
1123 407 1129 412 .
1134 398 1145 413 ἰ
1151 398 1178 411 να
1182 397 1252 412 ’ἴω
1256 396 1388 412 Δψνλινῑὶλ
1392 395 1460 411 ΜΛΝ

544 590 550 595 .
597 518 814 570 CAPUT
853 521 962 568 xx.

84 667 140 713 V
137 669 212 713 isa
233 683 340 727 quet>
357 684 390 713 a
414 682 614 728 corpore
634 668 938 713 occasionem
959 664 1162 720 liabent,
1184 679 1281 709 non
1303 670 1463 707 tamen

517 737 783 784 eoelzz'beria
804 753 1018 798 corpore.

140 877 281 920 XLII.
317 878 400 921 SED
427 891 525 921 cum
555 892 578 920 a
600 890 780 935 corpore
808 890 935 920 causa
958 883 1020 918 est
1046 882 1096 917 ut
1124 872 1226 916 talia
1249 872 1339 915 visa
1368 884 1465 914 cer-

82 954 260 1000 nantur,
296 961 388 990 non
414 961 463 989 ea
485 961 641 1006 corpus
669 945 868 1002 exhibet3
894 960 1037 1004 neque
1063 943 1177 987 enim
1207 941 1339 986 habet
1369 955 1464 983 eam

82 1015 168 1061 vim
189 1051 200 1071 ,
225 1025 278 1060 ut
297 1014 456 1061 formet
476 1016 643 1077 aliquid
669 1014 885 1076 spiritale:
911 1014 986 1060 sed
1012 1014 1168 1073 sopito,
1197 1021 1271 1056 aut
1291 1020 1466 1070 pertur-

84 1087 204 1142 bato,
234 1096 310 1132 aut
332 1088 462 1131 etiam
492 1087 727 1132 intercluso
752 1087 908 1130 itinere
930 1084 1181 1130 intentionis
1210 1099 1234 1126 a
1261 1082 1463 1132 cerebro,

84 1172 171 1218 qua
192 1156 394 1216 dirigitur
415 1157 630 1202 sentiendi
645 1166 804 1211 motus,
831 1156 973 1200 anima
992 1156 1084 1215 ipsa
1100 1170 1200 1214 quae
1221 1162 1344 1197 motu
1365 1167 1469 1212 pro-

84 1228 181 1288 prio
211 1242 376 1272 cessare
409 1228 464 1272 ab
492 1228 576 1272 hoc
598 1242 729 1286 opere
759 1242 849 1270 non
879 1234 1048 1285 potest,
1073 1224 1176 1284 quia
1206 1238 1284 1283 per
1313 1237 1469 1281 corpus

85 1313 177 1343 non
196 1298 371 1353 sinitur,
395 1297 467 1343 vel
489 1314 579 1343 non
599 1297 729 1358 plene
757 1297 911 1341 sinitur
932 1294 1173 1355 corporalia
1194 1294 1373 1348 sentire,
1400 1290 1470 1337 vel

85 1367 142 1414 ad
164 1368 404 1429 corporalia
423 1369 510 1413 vim
534 1384 622 1413 suae
643 1366 895 1412 intentionis
917 1366 1117 1425 dirigere,
1143 1364 1297 1424 spiritu
1315 1377 1471 1422 corpo-

87 1439 244 1484 ralium
267 1439 571 1484 similitudines
594 1439 695 1497 agit,
722 1447 797 1482 aut
816 1438 1011 1481 intuetur
1030 1436 1235 1496 objectas.
1261 1438 1318 1478 Et
1334 1434 1472 1493 siqui-

88 1509 190 1555 dem
217 1524 288 1553 eas
321 1509 413 1568 ipsa
448 1509 563 1567 agit,
605 1508 844 1568 phantasiae
882 1515 1054 1550 tantum
1096 1514 1219 1563 sunt3
1258 1504 1292 1547 si
1326 1512 1474 1547 autem

89 1579 281 1639 objectas
312 1579 530 1633 intuetur,
560 1578 825 1622 ostensiones
856 1585 972 1620 sunt.
1005 1575 1201 1634 Denique
1230 1589 1330 1618 cum
1359 1572 1475 1617 oculi

91 1648 244 1694 dolent
268 1648 340 1693 vel
362 1649 539 1693 extincti
560 1657 682 1703 sunt,
710 1647 813 1707 quia
835 1662 925 1691 non
943 1655 1007 1689 est
1023 1660 1150 1689 causa
1173 1645 1218 1688 in
1241 1643 1340 1688 sede
1362 1658 1476 1687 cere-

91 1720 182 1774 bri,
208 1718 328 1763 unde
349 1719 441 1778 ipsa
463 1718 663 1775 dirigitur
690 1717 876 1761 intentio
898 1714 1127 1770 sentiendi,
1148 1730 1237 1759 non
1255 1715 1368 1758 fiunt
1387 1714 1476 1757 hu-

86 1787 281 1850 jusmodi
293 1788 496 1843 visiones,
513 1786 711 1848 quamvis
723 1785 951 1830 cernendis
965 1784 1263 1844 corporalibus
1275 1784 1478 1827 obstacu-

92 1859 187 1903 lum
207 1859 360 1903 existat
375 1874 398 1901 a
415 1872 612 1917 corpore.
628 1857 763 1915 Magis
786 1856 899 1899 enim
917 1855 1020 1899 caeci
1037 1853 1201 1914 aliquid
1216 1853 1478 1898 dormientes

90 1945 224 1991 quam
245 1928 471 1988 vigilantes
498 1926 662 1971 vident.
691 1925 1016 1971 Dormientibus
1044 1925 1206 1985 quippe
1227 1925 1273 1967 in
1298 1923 1478 1968 cerebro

92 2000 345 2059 consopitur
353 1998 420 2042 via
435 1996 667 2051 sentiendi,
684 2012 784 2056 quae
798 1995 1087 2040 intentionem
1106 1994 1160 2039 ad
1176 1994 1324 2039 oculos
1339 1993 1477 2049 ducit,

93 2071 281 2131 ideoque
301 2070 394 2129 ipsa
417 2068 602 2113 intentio
623 2068 670 2112 in
691 2067 810 2112 aliud
830 2083 993 2122 aversa,
1018 2067 1156 2112 cernit
1176 2066 1265 2111 visa
1287 2065 1482 2110 somnio-

97 2158 196 2187 rum
217 2151 429 2201 tanquam
449 2139 611 2199 species
634 2138 877 2198 corporales
899 2137 1061 2192 adsint,
1081 2146 1131 2181 ut
1162 2137 1242 2181 sibi
1264 2136 1483 2181 dormiens

102 2212 279 2271 vigilare
294 2210 515 2266 videatur,
537 2219 580 2254 et
601 2225 691 2254 non
712 2208 864 2253 similia
888 2209 1158 2268 corporibus,
1178 2208 1254 2252 sed
1276 2209 1366 2267 ipsa
1387 2223 1484 2252 cor-

100 2298 208 2343 pora
237 2281 398 2326 intueri
415 2296 459 2325 se
480 2289 606 2340 putet
632 2299 641 2324 ε
667 2295 767 2323 cum
789 2288 933 2323 autem
955 2277 1137 2336 vigilant
1163 2278 1288 2332 caeci,
1310 2277 1486 2322 ducitur

105 2367 182 2412 per
199 2351 274 2395 illa
294 2351 448 2395 itinera
465 2350 650 2394 intentio
667 2349 889 2403 cernendi,
910 2364 1011 2408 quae
1026 2363 1126 2392 cum
1142 2348 1198 2392 ad
1213 2348 1309 2393 loca
1319 2348 1487 2391 venerit

106 2420 341 2467 oculorum
354 2455 366 2475 ,
386 2436 476 2465 non
490 2420 678 2463 exeritur
691 2417 826 2474 foras,
847 2417 921 2462 sed
934 2418 995 2462 ibi
1012 2426 1222 2472 remanet,
1242 2427 1293 2462 ut
1308 2415 1484 2474 vigilare

105 2507 150 2536 se
171 2491 374 2546 sentiant,
394 2491 626 2550 potiusque
643 2504 733 2534 esse
751 2489 795 2533 in
817 2487 1006 2532 tenebris
1021 2487 1242 2546 vigilando
1263 2487 1392 2530 etiam
1408 2501 1487 2546 per

104 2560 372 2621 diem,quam
381 2559 654 2615 dormiendO,
670 2560 756 2604 sive
767 2575 843 2619 per
856 2558 969 2602 diem
987 2558 1076 2602 sive
1089 2573 1165 2616 per
1181 2558 1486 2601 noctem.Nam
