1854 3219
382 193 466 231 398
823 200 858 229 s.
894 199 1124 232 Auensnm
1157 203 1339 231 Emscorx

377 267 569 313 celleret.
597 266 868 327 Cogitandus
891 269 1053 330 quippe
1076 278 1140 315 est
1160 270 1294 314 homo
1315 268 1430 328 juste
1460 266 1611 312 vivens
1642 267 1773 312 etiam

378 354 469 383 non
490 338 693 399 praescius
715 338 991 396 futurorum,
1013 349 1056 384 ct
1073 340 1132 384 ibi
1153 338 1393 385 videndum
1415 347 1500 395 est,
1521 337 1775 384 excellentia

377 409 614 455 voluntatis
636 410 765 456 bonae
784 425 917 472 quam
940 427 1030 457 non
1052 410 1315 472 impediatur
1333 410 1388 456 ad
1405 420 1521 456 recte
1535 408 1774 456 vivendum

378 491 423 526 et
441 487 527 527 Deo
548 481 836 543 placendum,
857 483 980 544 quod
999 483 1174 542 ignarus
1196 482 1336 527 futuri
1357 483 1464 528 vivit
1486 498 1537 527 ex
1553 481 1655 526 fide.
1686 483 1777 526 Hu-

372 553 566 614 jusmodi
589 570 692 615 ergo
706 564 952 601 creaturam
974 554 1170 616 quisquis
1185 570 1274 599 esse
1288 552 1427 599 nollet
1443 553 1489 598 in
1506 552 1652 610 rebus,
1675 568 1778 598 con-

376 624 553 670 tradicit
574 627 651 671 Dei
674 626 876 671 bonitati.
895 625 1099 687 Quisquis
1121 634 1267 670 autem
1288 640 1441 685 poenas
1456 639 1554 670 eam
1570 640 1661 671 non
1681 622 1777 670 vult

377 695 499 742 luere
519 712 599 758 pro
613 697 826 758 peccatis,
845 697 1046 744 inimicus
1069 706 1135 743 est
1155 696 1369 758 aequitati.

383 853 568 874 mmm
572 854 922 875 WWMQNWVWVVWW
926 854 1418 875 mmxmuwmmmm
1422 853 1776 873 §mmmm

843 980 1059 1031 CAPUT
1093 981 1303 1031 ‘XXVII-

505 1118 740 1163 Animam
758 1115 978 1162 natm-alc·
996 1117 1214 1177 appetitu
1221 1115 1360 1178 ferri
1389 1116 1439 1160 z'n
1460 1128 1650 1174 corpus.

440 1255 695 1298 XXXVIII.
721 1257 804 1299 SED
827 1255 861 1298 si
876 1253 932 1299 ad
954 1255 1038 1299 hoc
1060 1255 1110 1299 fit
1133 1254 1277 1299 anima
1292 1290 1302 1310 ‚
1323 1263 1373 1298 ut
1395 1253 1595 1298 mittatur
1617 1253 1663 1297 in
1680 1268 1779 1298 cor-

379 1342 485 1386 pus,
516 1327 656 1387 quaeri
687 1336 831 1387 potest
860 1337 1008 1372 utrum
1034 1328 1068 1372 si
1108 1326 1321 1383 noluerit,
1358 1326 1661 1387 compellatur.
1696 1323 1781 1369 Sed

379 1396 535 1442 melius
553 1398 748 1443 creditur
770 1399 854 1444 hoc
876 1397 1134 1444 naturaliter
1154 1398 1266 1444 velle
1281 1434 1291 1452 ⁷
1316 1397 1363 1440 id
1384 1406 1447 1440 est
1461 1431 1471 1451 ,
1493 1395 1538 1439 in
1560 1412 1608 1439 ea
1626 1404 1781 1440 natura

378 1470 511 1512 creari
536 1479 587 1514 ut
607 1468 736 1526 velit,
757 1470 869 1515 sicut·
891 1470 1090 1515 naturale
1108 1466 1234 1512 nobis
1252 1475 1315 1512 est
1335 1464 1447 1512 velle
1468 1467 1613 1512 vivere
1636 1486 1645 1511 :
1666 1464 1781 1511 male

379 1548 527 1583 autem
546 1537 688 1582 vivere
699 1538 790 1598 jam
804 1553 895 1581 non
913 1547 977 1582 est
995 1537 1278 1595 iiat111·ae,sed
1294 1554 1508 1599 perversae
1521 1537 1777 1594 voluntatis,

379 1625 512 1670 quam
528 1609 645 1669 juste
668 1624 799 1669 poena
821 1609 1119 1670 consequitur.

439 1682 651 1725 XXXIX.
673 1683 852 1725 Frustra
876 1696 979 1741 ergo
995 1682 1086 1741 jam
1103 1681 1333 1742 quaeritur,
1354 1698 1404 1726 ex
1422 1697 1508 1742 qua
1525 1680 1664 1727 Veluti
1685 1697 1780 1727 ma-

381 1753 485 1797 terie
506 1750 621 1797 facta
642 1751 697 1796 sit
719 1753 863 1796 anima
877 1787 888 1808 ,
914 1752 1081 1797 sirecte
1099 1751 1286 1812 intelligi
1299 1761 1444 1813 potest
1461 1752 1505 1797 in
1529 1753 1678 1814 primis
1696 1752 1781 1797 illis

379 1824 585 1885 operibus
609 1822 722 1869 facta
738 1860 748 1880 ‚
774 1840 875 1869 cum
903 1823 1043 1870 factus
1065 1834 1129 1869 est
1151 1823 1257 1869 dies.
1290 1825 1410 1871 Sicut
1436 1825 1553 1870 enim
1576 1824 1651 1871 illa
1680 1841 1782 1886 quae

378 1913 469 1941 non
497 1905 641 1951 erant,
679 1895 793 1940 faeta
825 1905 954 1952 sunt,
981 1896 1039 1940 sic
1072 1905 1115 1940 et
1137 1896 1233 1940 haec
1255 1896 1369 1940 inter
1400 1895 1488 1940 illa.
1516 1896 1646 1950 Quod
1668 1895 1702 1940 si
1738 1905 1782 1941 et

379 1967 578 2012 materies
597 1965 742 2027 aliqua
767 1964 1009 2012 formabilis
1035 1965 1120 2011 fuit
1136 2001 1147 2023 ‚
1165 1976 1209 2011 et
1225 1966 1461 2028 corporalis
1488 1976 1533 2012 et
1559 1965 1777 2028 spiritalis,

379 2050 631 2085 nontamen
648 2048 691 2083 et
711 2039 802 2099 ipsa
825 2039 1024 2084 instituta
1038 2039 1120 2083 nisi
1138 2055 1161 2084 a
1180 2042 1294 2096 Deo,
1317 2056 1367 2085 ex
1385 2056 1473 2102 quo
1488 2049 1591 2085 sunt
1613 2039 1776 2096 omnia,

379 2128 479 2172 quac
502 2110 684 2173 quidem
702 2110 1010 2157 formationem
1027 2127 1149 2156 suam
1163 2128 1253 2156 non
1270 2122 1467 2173 tempore
1484 2147 1495 2168 ‚
1515 2110 1592 2156 sed
1613 2111 1780 2171 origine

378 2184 647 2245 przecederet
660 2219 671 2241 ‚
692 2184 803 2229 sicut
816 2201 900 2231 vox
922 2194 1124 2245 cantum3
1143 2185 1252 2246 quid
1274 2184 1354 2230 nisi
1376 2183 1431 2229 de
1453 2183 1634 2231 materia
1651 2183 1780 2246 spiri-

379 2256 455 2302 tali
476 2255 591 2304 facta
610 2255 756 2303 anima
777 2256 1088 2319 congruentius
1111 2255 1335 2303 creditur?
