1854 3219
433 199 512 236 126
860 211 892 235 s.
930 208 1157 238 AUGUSTINI
1196 211 1375 238 Emscom

426 274 604 333 frigida,
631 282 674 317 et
687 282 842 318 caetera
859 274 1125 336 hujusmodi.
1147 275 1241 321 Alia
1259 285 1322 321 est
1340 275 1453 320 enim
1472 272 1549 318 lux
1566 287 1667 334 quae
1683 273 1817 318 senti-

428 355 498 389 tur
520 344 677 396 oculis,
712 345 790 389 alia
820 362 905 406 qua
932 362 1008 407 pcr
1037 347 1186 392 oculos
1215 348 1358 407 agitur
1388 356 1438 391 ut
1475 345 1699 390 sentiatur.
1737 343 1817 389 Illa

426 418 541 460 enim
570 417 614 459 in
639 432 841 476 corpore,
869 418 962 462 hace
983 428 1127 463 autem
1152 419 1348 480 quamvis
1371 434 1448 478 per
1470 432 1627 476 corpus
1649 431 1697 460 ea
1718 431 1817 476 quae

424 488 553 532 sentit
574 489 688 548 perci
696 488 805 548 piat,
839 488 885 532 in
905 489 1047 534 anima
1070 499 1133 534 est
1152 499 1312 534 tamen.
1336 488 1450 533 Huic
1466 484 1696 532 contrariae
1715 495 1818 531 sunt

427 560 616 604 tenebrae
639 560 942 605 insensibilitas
959 561 1185 622 quaedam,
1201 561 1271 606 vel
1293 561 1327 605 si
1344 559 1499 605 melius
1517 557 1817 603 insensualitas

423 630 583 675 dicitur
599 667 609 686 ‚
632 630 675 675 id
698 641 777 687 est,
798 647 888 676 non
907 632 1090 689 sentire,
1117 633 1314 694 quamvis
1338 631 1696 691 inl'cranturquae
1716 644 1817 674 sen-

424 703 492 746 tiri
526 712 725 762 possent,
757 703 791 747 si
820 713 929 748 esset
960 704 1005 749 in
1036 703 1110 748 illa
1138 704 1223 749 vita
1248 703 1323 747 lux
1355 704 1436 748 ista
1462 702 1582 746 unde
1612 700 1812 746 sentitur.

420 775 571 834 Neque
592 775 675 819 hoc
698 790 800 832 cum
821 775 1056 820 ministeria
1071 774 1233 819 desunt
1257 773 1472 834 eorporis,
1499 773 1612 817 sicut
1632 772 1679 816 in
1692 773 1818 817 caecis

422 854 499 888 aut
535 845 700 890 surdis:
739 862 837 890 nam
864 847 910 890 in
931 847 1113 891 istorum
1130 846 1283 890 animis
1306 854 1370 889 est
1401 844 1481 888 ista
1509 842 1612 899 lux,
1648 842 1702 887 de
1731 857 1818 903 qua

422 931 540 960 nune
574 917 772 976 agimus3
806 917 882 962 sed
916 918 1206 962 instrumenta
1234 915 1427 977 corporis
1456 915 1630 960 desunt.
1666 916 1818 974 Neque

420 986 496 1032 illo
529 988 685 1043 modo,
711 1004 799 1048 quo
829 989 961 1034 modo
984 990 1029 1033 in
1054 988 1227 1033 silentio
1258 1004 1342 1034 vox
1373 1003 1463 1032 non
1486 985 1664 1031 auditur
1680 1019 1691 1041 ,
1716 1000 1818 1030 cum

422 1069 465 1103 ct
487 1059 565 1104 ista
593 1059 669 1104 lux
685 1070 748 1104 cst
771 1060 817 1104 in
839 1062 981 1105 anima
1000 1096 1011 1116 ,
1037 1070 1080 1105 ct
1104 1059 1263 1106 adsunt
1285 1060 1478 1121 eorporis
1496 1059 1815 1113 instrumenta,

421 1132 496 1175 scd
520 1131 628 1175 nihil
651 1131 771 1192 quod
794 1133 1005 1177 sentiatur
1034 1132 1234 1177 infertur.
1258 1136 1355 1179 Non
1377 1148 1481 1192 ergo
1504 1131 1581 1193 qui
1609 1130 1659 1175 iis
1681 1128 1818 1174 causis

421 1218 510 1246 non
530 1203 680 1258 sentit,
702 1213 820 1247 caret
836 1205 914 1248 ista
936 1203 1035 1248 luce
1053 1224 1061 1249 :
1089 1205 1165 1248 scd
1187 1220 1289 1249 cum
1311 1204 1408 1249 talis
1425 1203 1623 1264 potentia
1646 1217 1738 1246 non
1755 1209 1820 1245 est

420 1273 464 1317 in
487 1274 629 1318 anima
642 1310 652 1329 7
670 1291 769 1334 quae
784 1276 875 1334 jam
895 1290 975 1319 nec
991 1276 1136 1320 anima
1154 1274 1239 1319 dici
1262 1274 1370 1319 solet
1387 1310 1397 1330 ‚
1424 1274 1500 1319 sed
1513 1283 1686 1318 tantum
1700 1272 1788 1318 vita
1803 1307 1815 1329 ‚

420 1344 558 1405 qualis
580 1346 838 1405 perhibetur
859 1361 948 1390 esse
969 1346 1069 1391 vitis
1091 1356 1135 1391 et
1156 1347 1343 1402 arboris,
1370 1356 1412 1391 et
1439 1359 1819 1407 quarumcumque

420 1417 647 1476 stirpium:
673 1418 706 1461 si
729 1427 877 1462 tamen
906 1434 975 1462 eas
998 1417 1070 1463 vel
1098 1418 1230 1463 talem
1261 1418 1424 1462 habere
1447 1416 1699 1478 persuaderi
1724 1414 1818 1461 ullo

420 1488 553 1533 modo
572 1497 730 1548 potest,
752 1505 859 1550 quas
881 1487 1084 1533 nonnulli
1109 1488 1238 1533 nimis
1261 1498 1452 1533 errantes
1467 1491 1480 1515 1
1496 1487 1706 1544 haeretici,
1728 1502 1819 1532 non

419 1559 559 1605 solum
578 1561 735 1604 sentire
757 1577 835 1621 per
861 1577 1019 1621 corpus
1033 1597 1043 1616 ‚
1063 1560 1109 1604 id
1131 1570 1210 1617 est,
1238 1561 1408 1617 videre,
1434 1560 1608 1625 audire,
1633 1569 1677 1604 et
1699 1557 1819 1604 calo-

420 1647 511 1675 rem
534 1632 769 1693 ignemque
791 1631 1058 1688 discernere,
1084 1631 1161 1677 sed
1179 1632 1310 1676 etiam
1330 1631 1575 1691 intelli-gere
1604 1630 1818 1676 rationem

420 1713 463 1748 et
485 1705 766 1763 cogitationes
789 1714 955 1749 nostras
978 1720 1103 1749 nosse
1125 1704 1420 1748 arbitrantur:
1452 1702 1529 1748 sed
1562 1702 1617 1747 de
1645 1702 1713 1747 his
1735 1701 1818 1747 alia

419 1774 602 1834 quaestio
625 1785 702 1819 est.
730 1775 1041 1820 Insensibilitas
1065 1791 1167 1834 ergo
1190 1776 1384 1819 tenchrae
1405 1775 1536 1835 hujus
1564 1773 1695 1830 lucis,
1730 1789 1818 1834 qua

419 1845 638 1905 quidquid
667 1846 878 1902 sentitur,
912 1861 1013 1890 cum
1037 1846 1174 1906 ipsam
1202 1846 1291 1892 vim
1323 1845 1540 1890 sentiendi
1562 1861 1652 1890 non
1684 1844 1818 1889 habet

419 1916 506 1960 vita
529 1916 753 1977 quaelibet.
769 1917 1093 1962 Convenienter
1110 1926 1254 1961 autem
1270 1916 1415 1960 lucem
1429 1917 1542 1961 hanc
1555 1915 1641 1960 dici
1656 1906 1841 1978 conce-f*-

419 1985 484 2031 dit
505 1987 705 2049 quisquis
737 1988 938 2033 concedit
963 1997 1078 2032 recte
1096 1986 1271 2032 dicendi
1293 1987 1465 2043 lucem,
1491 2004 1578 2048 qua
1606 2002 1672 2031 res
1695 2002 1818 2048 quae-
1844 1992 1849 2031 ς

418 2075 504 2119 quc
539 2058 767 2104 manifesta
789 2069 866 2104 est.
898 2062 1012 2105 Cum
1039 2068 1185 2104 autem
1214 2058 1425 2105 dicimus:
1446 2058 1730 2105 Manifestum
1753 2067 1818 2103 est

418 2131 501 2174 hoc
525 2146 733 2175 canorum
763 2146 853 2175 esse
867 2167 877 2187 ‚
910 2129 1189 2176 manifestum
1208 2140 1272 2175 cst
1294 2132 1378 2176 hoc
1396 2130 1525 2175 dulce
1542 2146 1654 2187 esse,
1681 2130 1819 2174 mani-

417 2202 577 2246 festum
600 2213 663 2247 est
678 2204 761 2247 hoc
783 2202 991 2262 frigidum
1016 2219 1127 2258 esse,
1154 2212 1197 2247 et
1218 2201 1339 2264 quod
1361 2200 1475 2247 forte
1496 2203 1628 2263 hujus
1648 2200 1816 2262 generis

418 2288 495 2333 per
513 2273 754 2333 corporales
773 2290 921 2318 sensus
937 2274 1189 2333 attingimus
1206 2309 1216 2330 ,
1237 2273 1332 2318 haec
1352 2272 1443 2330 lux,
1461 2289 1548 2334 qua
1568 2273 1649 2318 ista
1671 2272 1815 2317 mani-

416 2343 525 2389 festa
544 2354 667 2400 sunt⁷
687 2345 840 2405 utique
855 2345 974 2389 intus
995 2345 1042 2389 in
1064 2345 1208 2389 anima
1225 2353 1318 2400 est,
1346 2344 1544 2405 quamvis
1564 2360 1642 2405 per
1655 2358 1813 2404 corpus

416 2414 662 2460 inferantur
698 2432 798 2476 quae
835 2416 895 2461 ita
935 2417 1198 2461 sentiuntur.
1233 2414 1429 2460 Tertium
1460 2414 1570 2460 lucis
1601 2430 1740 2475 genus
1767 2413 1813 2458 in

417 2487 623 2531 creaturis
644 2486 826 2547 intelligi
849 2496 1012 2548 potest,
1032 2504 1121 2550 quo
1144 2486 1469 2533 ratiocinamur.
1495 2486 1608 2533 Huic
1630 2495 1814 2533 contra-

465 2580 471 2595 ¹
491 2572 665 2606 Manichaei.
