1854 3219
387 217 469 256 268
830 228 865 254 s.
900 226 1128 255 aucus-mm
1164 227 1345 256 must-,01³1

387 293 644 337 doceantur.
676 294 811 337 Recte
843 293 1005 353 quippe
1033 293 1209 349 dieitur,
1241 295 1352 339 sieut
1380 295 1494 338 Deus
1519 304 1618 355 post
1649 311 1776 356 opera

388 381 465 408 sua
493 364 601 407 bona
626 364 859 423 requievit,
886 364 944 408 ita
968 374 1011 408 et
1035 381 1112 410 nos
1129 375 1227 425 post
1254 382 1385 426 opera
1407 375 1553 411 nostra
1574 367 1690 411 bona
1712 384 1781 412 10-

388 436 629 496 quieturos.
659 434 743 479 Sed
765 435 822 479 ob
837 436 921 480 1100
943 436 1072 481 etiam
1089 447 1204 481 reete
1224 438 1468 497 flagitatur,
1493 447 1543 482 ut
1566 439 1780 499 quemad-

388 505 572 550 modum
598 506 869 566 disputatum
897 516 961 551 est
982 506 1037 551 de
1060 509 1264 567 operibus
1287 510 1391 564 Dei,
1419 525 1519 570 quae
1540 509 1673 569 ipsius
1691 526 1781 554 esse

389 578 491 622 satis
512 587 716 637 apparet,
736 578 795 622 ita
817 577 872 622 de
890 579 1038 639 requie
1056 580 1134 624 Dei
1158 580 1256 624 satis
1279 578 1533 637 disseratur,
1559 597 1658 642 quae
1679 597 1783 642 pro-

390 649 482 708 pria
504 649 638 709 ipsius
657 648 995 694 demonstretur.

389 806 1785 829 ΑΜῚΜἋΜΜΜΛΊΜΜΛΜᾺΜΜΜἎΜΑΜΜΜΜΜΜΝὮΜᾹΛΜΜΛΜΝΜΜΜ

914 931 1135 983 CAPUT
1173 935 1267 983 XI.

428 1066 682 1131 Quomodo
704 1077 955 1128 utrumque
971 1077 1177 1126 constat,
1204 1069 1364 1115 Deum
1386 1068 1435 1113 z‘n
1457 1067 1535 1114 die
1551 1078 1752 1130 septzmo

626 1141 931 1199 requievisse;
952 1150 997 1185 et
1018 1156 1145 1186 nunc·
1169 1156 1316 1200 usque
1334 1141 1543 1201 operari.

449 1277 571 1320 XXI.
596 1278 883 1330 QUAPROPTER
900 1278 1135 1338 justissima
1153 1278 1321 1323 ratione
1343 1277 1646 1338 compellimur
1667 1276 1787 1322 inda-

391 1363 507 1407 gare,
535 1350 567 1393 si
594 1349 830 1405 valeamus,
860 1359 992 1411 atque
1017 1351 1185 1411 eloqui,
1211 1349 1436 1412 quomodo
1468 1359 1707 1410 utrumque
1735 1351 1789 1394 sit

389 1434 564 1475 verum,
596 1430 639 1465 et
661 1421 783 1482 quod
804 1421 875 1466 hic
899 1422 1110 1481 seriptum
1133 1431 1222 1478 est,
1242 1423 1287 1466 in
1314 1422 1497 1482 septimo
1519 1420 1589 1466 die
1612 1420 1787 1481 requie-

388 1491 498 1535 visse
517 1495 656 1536 Deum
679 1493 734 1537 ab
754 1493 959 1552 operibus
980 1493 1083 1549 suis,
1108 1509 1209 1554 quae
1227 1493 1357 1551 feeit,
1383 1502 1426 1537 et
1442 1493 1564 1554 quod
1582 1493 1628 1536 in
1646 1494 1789 1536 Evan-

390 1562 502 1620 gelio
520 1563 625 1608 dicit
646 1564 754 1623 ipse,
780 1580 858 1624 per
875 1580 1006 1625 quem
1028 1564 1142 1609 facta
1157 1574 1259 1609 sunt
1280 1565 1451 1609 omnia:
1479 1584 1500 1607 «
1522 1568 1649 1609 Pater
1667 1578 1789 1608 meus

392 1651 413 1674 »
449 1650 590 1695 usque
614 1651 732 1680 1111110
763 1644 991 1695 operatur,
1017 1645 1062 1680 et
1082 1651 1164 1694 ego
1187 1651 1344 1696 operor
1360 1637 1389 1679 ¹.
1425 1653 1445 1676 »
1471 1634 1545 1680 Eis
1568 1635 1686 1680 enim
1705 1636 1790 1680 1100

389 1706 630 1766 respondit,
650 1707 727 1768 qui
754 1717 933 1767 propter
956 1708 1152 1768 requiem
1174 1707 1254 1752 Dei
1279 1707 1514 1767 Scripturae
1535 1707 1611 1769 huj
1620 1723 1668 1751 us
1686 1723 1791 1752 auc-

389 1779 564 1823 toritate
587 1779 829 1839 antiquitus
858 1779 1217 1825 commendatum
1247 1779 1481 1824 sabbatum
1498 1815 1508 1834 ,
1541 1779 1596 1824 ab
1620 1795 1671 1824 eo
1699 1795 1790 1824 11011

390 1849 610 1894 observari
633 1849 948 1910 querebantur.
983 1853 1041 1895 Et
1069 1850 1155 1895 diei
1183 1849 1363 1911 quidem
1391 1849 1679 1910 probabiliter
1705 1866 1789 1910 po-

388 1929 487 1975 test,
511 1921 834 1966 observandum
856 1921 1087 1965 sabbatum
1103 1924 1127 1965 J
1133 1921 1268 1965 udaeis
1290 1919 1421 1966 fuisse
1443 1930 1717 1981 praeceptum
1742 1921 1790 1964 in
1830 1913 1831 1919 ¹

389 1991 546 2036 umbra
575 1990 734 2046 futuri,
772 2007 871 2052 quae
900 1991 1139 2052 spiritalem
1168 1992 1365 2052 requiem
1393 1991 1624 2049 figuraret,
1654 2006 1789 2052 quam

389 2065 506 2108 Deus
536 2062 734 2123 exemplo
753 2064 885 2123 hujus
908 2062 1068 2123 quietis
1094 2078 1183 2107 suae
1204 2062 1409 2107 fidelibus
1432 2055 1701 2122 bona‘opera
1722 2062 1790 2106 fa-

390 2134 605 2179 cientibus
629 2150 784 2179 areana
804 2134 1118 2192 significatione
1139 2133 1446 2194 pollicebatur.
1473 2135 1609 2194 Cujus
1627 2133 1788 2194 quietis

390 2206 542 2265 etipse
569 2207 780 2251 Dominus
801 2206 1021 2262 Christus,
1039 2206 1115 2266 qui
1138 2205 1311 2250 nonnisi
1333 2204 1513 2265 quando
1529 2204 1671 2249 voluit
1693 2220 1789 2264 pas-

390 2293 461 2322 sus
486 2286 570 2332 est,
596 2279 726 2322 etiam
755 2278 978 2337 sepultura
1005 2294 1081 2322 sua
1103 2278 1360 2336 mysterium
1375 2277 1665 2321 confirmavit.
1689 2279 1788 2336 Ipso

391 2350 555 2409 quippe
573 2350 642 2393 die
670 2350 839 2394 sabbati
864 2350 1077 2410 requievit
1098 2350 1144 2393 in
1171 2348 1372 2409 sepulcro
1387 2384 1398 2400 ,
1425 2363 1616 2408 eumque
1639 2357 1783 2393 totum

391 2420 508 2464 diem
545 2421 703 2466 habuit
735 2431 894 2466 sanetae
926 2421 1153 2481 eujusdam
1198 2420 1434 2465 vacationis
1455 2455 1465 2475 ,
1500 2429 1785 2480 posteaquam

391 2500 510 2536 sexto
533 2490 625 2547 die,
650 2492 697 2537 id
718 2502 782 2537 est
801 2507 1047 2552 parasceve,
1073 2507 1207 2553 quam
1230 2491 1384 2537 dieunt
1405 2499 1570 2536 sextam
1591 2490 1780 2546 sabbati,

441 2595 450 2612 ¹
473 2591 566 2622 Joan.
588 2600 622 2629 v,
645 2600 695 2631 ις.
