1854 3219
353 200 406 226 m:
438 198 587 225 GENESI
621 197 675 223 An
708 196 948 236 erTERAM,
986 200 1066 226 Lm.
1102 201 1160 226 xi.
1364 190 1440 227 551

68 264 318 310 aeternitatis
335 261 705 323 participationem
719 297 729 317 ‚
752 271 802 306 ut
818 263 863 305 in
879 264 1067 308 deterius
1081 280 1171 308 non
1185 272 1413 309 mutentur
1433 283 1443 310 :

68 335 152 379 hoc
172 349 275 393 ergo
295 334 448 378 amisso
469 341 586 376 statu
612 347 768 392 corpus
797 349 948 377 eorum
983 333 1106 378 duxit
1133 333 1378 380 morbidam
1403 344 1447 380 et

65 403 335 450 mortiferam
355 400 610 464 qualitatem
624 437 635 458 ‚
660 419 761 464 quae
783 403 894 448 inest
915 405 1046 449 etiam
1074 420 1282 465 pecorum
1303 406 1446 462 carni,

67 491 118 521 ac
144 489 223 535 per
248 475 334 519 hoc
360 474 492 518 etiam
517 473 723 517 eumdem
750 484 921 519 motum
951 491 1040 536 quo
1070 476 1121 520 fit
1145 475 1192 520 in
1219 475 1448 536 pecoribus

66 543 390 591 concumbendi
410 543 642 604 appetituS‚
666 553 719 588 ut
732 544 969 590 succedant
984 546 1204 590 nascentia
1223 547 1451 592 morienti-
1485 562 1490 567 ·

65 616 150 660 bus
173 635 184 661 ς
209 614 286 660 sed
306 624 452 659 tamen
468 614 597 659 etiam
615 614 661 658 in
681 614 771 674 ipsa
784 616 874 676 jam
895 631 1026 675 poena
1048 631 1137 660 suae
1155 617 1450 674 generositatis

64 684 194 730 index
214 685 359 730 anima
387 683 605 729 rationalis
627 684 854 728 bestialem
875 694 1045 729 motum
1065 685 1112 729 in
1132 686 1339 730 membris
1361 702 1451 731 suae

62 757 202 801 carnis
225 756 426 811 crubuit,
452 756 577 815 eique
608 754 786 799 incussit
806 755 1022 814 pudorem
1038 791 1050 811 ,
1075 771 1164 801 non
1186 755 1328 801 solum
1346 757 1449 818 quia

63 827 148 871 hoc
166 826 228 870 ibi
249 825 485 881 sentiebat,
511 825 591 869 ubi
620 840 848 886 nunquam
866 834 991 870 antea
1014 826 1100 871 tale
1120 826 1287 888 aliquid
1303 843 1450 873 sense-

63 906 131 941 rat
145 931 157 953 ,
193 897 477 941 verumetiam
509 895 630 956 quod
650 895 724 940 ille
748 895 980 955 pudendus
1001 905 1145 941 motus
1167 895 1222 941 de
1243 899 1450 958 praecepti

62 967 402 1027 transgressione
417 967 636 1011 veniebat.
660 967 727 1010 Ibi
749 966 866 1010 enim
887 966 1042 1022 sensit,
1068 983 1155 1027 qua
1173 968 1292 1027 prius
1316 969 1451 1027 gratia

60 1034 307 1094 vestiretur,
331 1036 510 1099 quando
531 1038 579 1081 in
596 1052 672 1081 sua
691 1036 891 1081 nuditate
909 1036 1018 1081 nihi]
1040 1037 1245 1083 indecens
1261 1039 1452 1098 patieba-

60 1119 149 1154 tur.
175 1109 243 1153 Ibi
264 1109 534 1169 completum
552 1118 616 1153 est
637 1128 645 1153 ε
675 1127 696 1150 «
722 1109 906 1153 Domine
924 1109 971 1153 in
992 1109 1220 1154 voluntate
1243 1120 1319 1155 tua
1335 1127 1450 1171 prce-

61 1196 85 1221 »
117 1179 261 1224 stitisti
296 1179 444 1224 decori
479 1195 577 1224 meo
612 1180 847 1237 virtutem3
884 1180 1074 1225 avertisti
1112 1189 1259 1225 autem
1295 1181 1451 1226 faciem

61 1266 83 1291 »
117 1258 262 1305 tuam,
303 1259 348 1294 et
377 1249 543 1294 factum
577 1264 674 1293 sum
708 1250 994 1294 conturbatus
1011 1253 1041 1294 ¹.
1074 1269 1094 1292 »
1140 1251 1339 1312 Denique
1374 1251 1449 1296 illa

56 1319 395 1364 conturbatione
412 1317 468 1363 ad
488 1317 592 1364 folia
614 1319 801 1363 ficulnea
824 1330 1136 1376 cucurrerunt,
1163 1323 1449 1367 succinctoria

57 1399 340 1446 consuerunt,
365 1399 410 1434 et
423 1391 525 1451 quia
544 1389 770 1449 glorianda
787 1392 1083 1445 deseruerant,
1100 1391 1307 1452 pudenda
1328 1396 1450 1438 texe-

57 1470 176 1505 runt.
197 1464 286 1507 Nec
308 1460 493 1504 arbitror
508 1476 580 1504 eos
593 1462 801 1518 cogitasse
819 1461 985 1522 aliquid
998 1463 1044 1506 in
1065 1462 1149 1507 illis
1168 1462 1284 1508 foliis
1297 1500 1308 1520 ,
1328 1465 1450 1525 quod

56 1532 216 1577 talibus
246 1541 507 1590 congrueret
536 1532 711 1590 contegi
734 1534 823 1592 jam
847 1534 1043 1578 membra
1068 1535 1305 1594 prurientia
1322 1571 1333 1591 ,
1372 1536 1448 1581 sed

56 1603 232 1649 occulto
251 1603 460 1647 instinctu
481 1601 537 1647 ad
554 1603 638 1647 hoc
657 1602 729 1646 illa
747 1604 1082 1648 conturbatione
1102 1605 1312 1665 compulsi
1327 1616 1443 1663 sunt,

54 1683 106 1718 ut
128 1675 256 1718 etiam
280 1673 377 1718 talis
399 1688 544 1733 poenae
567 1689 655 1717 suae
678 1673 934 1732 significatio
949 1691 971 1719 a
989 1676 1281 1722 nescientibus
1297 1678 1444 1733 fieret,

54 1760 154 1806 quae
186 1753 470 1804 peccatorum
507 1742 620 1788 facta
657 1744 956 1800 convinceret,
995 1755 1038 1789 et
1078 1746 1254 1792 doceret
1286 1748 1445 1809 scripta

55 1815 286 1860 lectorem.

53 1947 1023 1966 mmmmmmmmmmmmm=m
1027 1951 1163 1967 mm
1167 1952 1447 1969 mmmm

493 2056 711 2106 CAPUT
759 2059 1002 2106 XXXIII.

311 2173 369 2220 V
364 2189 431 2220 ox
450 2174 551 2220 Dei
569 2175 865 2223 ambulantis
887 2180 935 2223 in
954 2179 1205 2239 paradi-50.

110 2299 273 2342 XLIII.
312 2317 333 2340 «
352 2301 416 2342 ET
442 2298 675 2344 audierunt
695 2316 847 2346 vocem
870 2301 1041 2347 Domini
1067 2304 1144 2348 Dei
1174 2304 1439 2349 ambulantis

55 2385 78 2410 >›
116 2369 162 2411 in
183 2369 380 2427 paradiso
400 2369 456 2413 ad
480 2375 745 2430 vesperam‘2.
770 2391 790 2413 »
828 2376 889 2416 Ea
911 2375 1073 2434 quippe
1092 2375 1199 2419 hora
1227 2374 1334 2420 tales
1351 2378 1441 2436 jam

50 2448 314 2483 convenerat
340 2440 537 2494 visitare„
564 2441 640 2501 qui
663 2440 912 2487 defecerant
935 2459 957 2488 a
980 2443 1076 2489 luce
1096 2446 1301 2490 veritatis.
1332 2449 1445 2490 For-

101 2540 109 2556 ¹
129 2533 208 2565 Psal.
230 2545 319 2573 xxix,
335 2534 365 2567 8.
387 2552 428 2557 —-
455 2543 466 2557 ²
487 2538 565 2568 Gen.
588 2547 634 2576 111,
653 2535 686 2568 8.
