1854 3219
367 249 420 274 DE
452 248 602 275 GENESI
635 245 689 272 AD
722 243 961 282 LITTERA31,
997 246 1080 271 Lm.
1116 246 1174 270 iv.
1391 231 1474 269 275

147 314 358 356 XXVIII.
377 314 475 365 Quo
500 311 648 371 itaque
682 309 752 353 die
785 310 869 353 hoc
902 306 1195 353 commendari
1218 305 1478 367 oportuisset

89 382 172 426 nisi
203 383 415 442 septimo?
437 381 569 435 Quod
594 396 696 425 sane
717 379 947 438 intelligit,
989 379 1184 440 quisquis
1215 377 1370 422 senarii
1387 392 1478 420 nu-

88 453 196 497 meri
234 452 571 514 perfectionem,
609 451 664 496 de
701 467 787 511 qua
814 466 943 511 supra
971 449 1108 494 locuti
1138 464 1310 504 sumus,
1365 463 1468 508 per-

87 522 268 570 fectioni
285 533 496 570 creaturae
516 531 808 583 congruenter
830 521 1071 567 adhibitam
1087 519 1254 566 recolit.
1284 519 1327 564 Si
1349 519 1468 563 enim

88 595 257 640 senario
273 610 456 640 numero
481 593 746 656 perficienda
775 591 918 637 fuerat
942 601 1164 649 creatura,
1203 590 1330 636 sicuti
1360 605 1464 649 per-

88 664 203 712 fecta
238 677 323 723 est,
351 683 488 728 eaque
518 666 688 728 requies
717 665 795 711 Dei
824 674 917 710 erat
946 665 1072 710 nobis
1104 660 1470 718 commendanda,

89 754 177 800 qua
213 738 583 784 demonstraretur
617 754 698 783 nec
729 736 933 798 perfectis
968 736 1206 781 beatificari
1238 733 1474 791 creaturis3

88 809 244 870 procul
261 809 398 855 dubio
418 810 509 855 dies
527 819 618 854 erat
632 810 679 853 in
694 809 776 854 hac
798 807 1177 854 commendatione
1199 805 1478 851 sanctifican-

90 881 172 926 dus
193 881 270 942 qui
286 882 484 942 sequitur
508 890 675 926 sextum
689 917 699 937 ,
725 897 813 942 quo
836 880 1053 939 erigemur
1071 879 1127 923 ad
1148 880 1262 923 hanc
1283 876 1482 938 requiem

91 953 482 1014 concupiscendam
499 988 510 1009 ,
535 961 586 997 ut
607 962 650 997 et
671 968 750 998 nos
771 953 817 997 in
836 951 912 997 illo
935 952 1270 1013 requiescamus.

89 1089 121 1106 M
125 1086 1481 1107 QWUWWWWUMWKVWWVWVWWWVUWWINWWMWWWWWWW

585 1198 800 1249 CAPUT
837 1201 993 1249 XVII.

513 1323 661 1382 Quies
691 1330 859 1366 nostra
877 1322 925 1366 in
945 1309 1067 1366 Deo.

150 1446 316 1490 XXIX.
355 1447 509 1499 NEQUE
543 1446 661 1489 enim
683 1445 923 1490 similitudo
944 1446 1016 1504 pia
1044 1453 1129 1499 est,
1155 1444 1189 1488 si
1217 1443 1404 1488 velimus
1424 1441 1487 1487 ita

93 1516 250 1562 similes
273 1531 362 1560 esse
384 1519 501 1572 Deo,
522 1525 572 1560 ut
593 1525 636 1560 et
657 1532 736 1561 nos
755 1516 808 1560 ab
832 1516 1037 1576 operibus
1060 1515 1216 1560 nostris
1240 1515 1485 1575 requiesca-

92 1603 190 1633 mus
215 1588 262 1632 in
281 1587 409 1633 nobis
428 1623 438 1644 ,
464 1587 576 1632 sicut
597 1588 688 1647 ipse
710 1587 923 1647 requievit
936 1587 981 1630 in
997 1602 1042 1631 se
1065 1587 1120 1631 ab
1144 1586 1349 1646 operibus
1377 1585 1479 1629 suis.

93 1662 147 1704 In
160 1659 354 1721 quodam
374 1659 537 1720 quippe
554 1658 905 1704 incommutabili
922 1658 1040 1703 bono
1058 1658 1327 1718 requiescere
1349 1656 1486 1701 debe-

93 1747 213 1787 mus⁷
238 1730 360 1792 quod
380 1731 454 1775 ille
485 1730 612 1775 nobis
630 1740 718 1786 est,
760 1730 836 1790 qui
867 1746 945 1774 nos
967 1728 1085 1773 fecit.
1113 1731 1219 1773 Haec
1247 1728 1329 1772 erit
1348 1728 1482 1786 igitur

94 1818 285 1859 summa,
304 1803 572 1862 minimeque
595 1801 781 1862 superba
798 1837 808 1856 ‚
834 1811 877 1846 et
897 1817 998 1845 vere
1028 1802 1100 1861 pia
1126 1801 1294 1862 requies
1317 1811 1480 1857 nostra,

94 1886 144 1921 ut
165 1879 277 1921 sicut
316 1876 407 1935 ipse
430 1874 644 1935 requievit
687 1874 742 1919 ab
774 1874 977 1918 omnibus
1015 1874 1219 1934 operibus
1247 1875 1359 1930 suis⁷
1383 1876 1486 1936 quia

94 1964 185 1993 non
222 1947 261 1991 ei
295 1962 427 2007 opera
449 1961 546 2001 sua,
583 1944 659 1990 sed
679 1945 770 2004 ipse
805 1945 885 1989 sibi
907 1946 1076 1989 bonum
1098 1954 1182 2000 est,
1219 1962 1308 2006 quo
1329 1946 1485 1992 beatus

95 2027 158 2063 est
183 2038 192 2063 ε
216 2019 277 2062 ita
297 2027 341 2063 et
362 2033 440 2062 nos
458 2017 513 2061 ab
531 2016 733 2061 omnibus
750 2016 976 2076 operibus,
1001 2032 1092 2061 non
1113 2025 1287 2061 tantum
1309 2018 1482 2074 nostris,

94 2089 379 2135 verumetiam
410 2088 565 2148 ipsius,
589 2087 763 2132 nonnisi
793 2088 839 2131 in
864 2087 940 2132 illo
963 2088 1236 2149 requieturos
1275 2104 1354 2133 nos
1389 2104 1482 2134 esse

95 2175 338 2220 speremus3
371 2157 506 2218 idque
532 2157 826 2202 desideremus
859 2168 958 2218 post
992 2158 1109 2203 bona
1143 2174 1273 2219 opera
1307 2168 1452 2204 nostra
1469 2195 1481 2216 ,

96 2237 195 2292 quae
215 2231 262 2274 in
283 2229 410 2274 nobis
433 2230 706 2288 agnoscimus
734 2228 851 2273 illius
871 2230 1017 2289 potius
1039 2245 1129 2274 esse
1146 2246 1280 2291 quam
1296 2240 1444 2276 nostra
1473 2250 1483 2276 z

95 2305 146 2347 'ut
166 2301 298 2346 etiam
313 2301 370 2345 sic
387 2309 486 2361 post
500 2301 617 2345 bona
635 2316 765 2360 opera
781 2316 859 2346 sua
879 2301 968 2361 ipse
981 2302 1225 2362 requiescat
1237 2338 1248 2357 ,
1265 2318 1366 2347 cum
1385 2311 1486 2363 post

96 2372 212 2418 bona
234 2387 366 2433 opera
386 2387 486 2432 quae
513 2370 568 2415 ab
603 2369 680 2415 illo
697 2371 918 2427 justificati
952 2370 1181 2416 fecerimus
1200 2372 1247 2416 in
1281 2388 1325 2417 se
1358 2372 1485 2417 nobis

98 2442 292 2504 'requiem
305 2450 494 2503 praestat.
510 2444 722 2500 Magnum
751 2450 815 2485 est
831 2442 947 2486 enim
969 2442 1095 2487 nobis
1114 2442 1169 2487 ab
1187 2441 1268 2487 sslo'
1279 2443 1479 2498 extitisse,

99 2513 174 2560 sed
193 2514 331 2574 majus
348 2513 430 2557 erit
444 2513 490 2556 in
510 2511 586 2556 illo
608 2511 881 2573 requievisse.
902 2512 1021 2557 Sicut
1036 2512 1128 2572 ipse
1148 2529 1236 2557 non
1253 2513 1353 2557 ideo
1375 2513 1484 2558 bea-

100 2591 169 2630 tus
190 2594 274 2641 est⁷
305 2583 408 2645 quia
425 2583 522 2628 haec
543 2582 674 2641 fecit3
699 2582 774 2627 sed
795 2582 896 2650 quia
919 2583 1050 2627 etiam
1071 2583 1193 2627 factis
1216 2599 1306 2627 non
1328 2598 1479 2642 egens,

1229 2654 1291 2694 18.
