1854 3219
434 176 489 203 nn
521 172 732 204 noe-ruma
763 172 1016 204 cnnrs'rIANA
1049 174 1132 203 un.
1167 175 1234 202 111.
1468 163 1517 202 11

642 451 861 502 CAPUT
903 454 992 502 VI.

330 595 614 643 Judoeorum
635 598 833 644 servitus
853 597 940 643 sub
957 597 1107 660 signis
1129 595 1335 643 utilibus.

198 735 255 779 X.
275 736 382 789 QUAE
396 742 544 779 tamen
562 734 744 780 servitus
761 734 808 778 in
826 735 851 779 J
854 733 982 779 udaeo
994 732 1160 794 populo
1176 733 1306 793 longe
1319 749 1342 778 a
1355 742 1529 779 caetera·
1593 769 1600 774 .

140 823 237 851 rum
251 807 447 866 gentium
465 822 586 852 more
605 806 817 851 distabat:
832 805 1194 867 quandoquidem
1205 806 1335 850 rebus
1354 815 1527 865 tempo-

139 878 302 923 ralibus
329 878 390 923 ita
411 878 633 939 subjugati
657 887 796 934 erant,
815 886 866 922 ut
887 894 1002 923 unus
1025 879 1084 923 eis
1104 878 1150 922 in
1174 877 1378 922 omnibus
1404 893 1528 922 com-

138 949 419 995 mendaretur
440 953 568 995 Deus.
595 952 653 994 Et
674 965 929 1011 quanquam
951 950 1073 1009 signa
1100 964 1248 993 rerum
1271 948 1532 1009 spiritalium

138 1037 218 1083 pro
234 1021 336 1082 ipsis
353 1021 485 1066 rebus
503 1022 802 1078 observarent,
818 1021 1061 1067 nescientes
1077 1038 1167 1082 quo
1182 1019 1469 1077 referrentur,
1484 1021 1531 1066 id

138 1103 285 1139 tamen
301 1093 482 1138 insitum
497 1093 738 1150 habebant,
755 1092 875 1155 quod
897 1092 972 1138 tali
989 1093 1198 1138 servitute
1217 1093 1295 1137 uni
1313 1093 1527 1149 omnium,

138 1161 272 1227 quem
308 1181 399 1211 non
431 1164 661 1222 videbant,
697 1165 922 1226 placerent
955 1168 1061 1210 Deo.
1101 1167 1244 1218 Quam
1287 1163 1532 1210 custodiam

139 1245 352 1298 tanquam
369 1236 451 1281 sub
474 1236 702 1297 pedagogo
724 1236 1008 1297 parvulorum
1031 1236 1163 1281 fuisse
1180 1236 1329 1281 scribit
1350 1240 1533 1296 Aposto-

136 1306 246 1352 lus1.
272 1310 330 1351 Et
350 1306 448 1351 ideo
481 1308 558 1368 qui
586 1307 747 1352 talibus
779 1309 911 1367 signis
937 1308 1215 1367 pertinaciter
1238 1308 1529 1363 inhaeserunt,

139 1387 494 1424 contemnentem
525 1378 605 1423 ista
633 1377 894 1434 Dominum,
920 1393 1020 1423 cum
1036 1379 1127 1438 jam
1158 1386 1332 1439 tempus
1363 1379 1532 1424 revela-

138 1450 268 1495 tionis
292 1463 444 1494 eorum
466 1449 675 1503 venisset,
702 1448 815 1494 ferre
837 1464 927 1493 non
950 1453 1240 1509 potuerunt23
1272 1459 1403 1511 atque
1424 1450 1529 1496 inde

138 1519 398 1576 calumnias,
422 1520 543 1580 quod
572 1519 755 1565 sabbato
789 1529 984 1576 curaret,
1011 1519 1151 1565 moliti
1183 1530 1286 1565 sunt
1312 1522 1530 1582 principes

139 1606 319 1649 eorum3
342 1589 621 1651 populusque
645 1590 777 1650 signis
799 1590 883 1635 illis
906 1600 1117 1652 tanquam
1146 1591 1277 1636 rebus
1309 1592 1531 1649 astrictus,

139 1679 230 1708 non
247 1661 455 1707 credebat
475 1665 616 1706 Deum
643 1676 756 1715 esse,
776 1661 845 1706 vel
871 1677 895 1706 a
917 1665 1008 1707 Deo
1035 1663 1218 1719 venisse,
1245 1663 1322 1725 qui
1345 1679 1395 1708 ea
1422 1664 1533 1709 sicut

138 1751 163 1779 a
181 1733 344 1780 Judaeis
366 1732 728 1789 observabantur,
755 1732 893 1778 nollet
914 1733 1154 1779 attendere.
1185 1733 1270 1780 Sed
1292 1735 1369 1796 qui
1392 1734 1534 1781 credi-

140 1797 324 1862 derunt,
349 1820 402 1849 ex
433 1805 595 1866 quibus
627 1804 742 1850 facta
778 1814 842 1849 est
863 1805 1004 1865 prima
1030 1805 1225 1851 Ecclesia
1247 1807 1532 1866 Jerosolymi-

139 1886 262 1933 tana,
283 1876 383 1921 satis
405 1875 693 1922 ostenderunt
717 1885 882 1937 quanta
898 1875 1061 1921 utilitas
1083 1875 1216 1922 fuerit
1234 1893 1285 1923 eo
1302 1878 1435 1923 modo
1453 1879 1535 1923 sub

139 1948 382 2010 paedagogo
411 1946 644 2003 custodiri,
669 1956 719 1992 ut
740 1947 862 2007 signa
890 1964 990 2008 quae
1011 1949 1309 2009 temporaliter
1334 1950 1536 2010 imposita

141 2028 266 2066 erant
288 2018 591 2075 servientibus,
619 2018 675 2063 ad
699 2019 829 2063 unius
856 2019 936 2064 Dei
957 2018 1128 2064 cultum
1150 2020 1227 2081 qui
1248 2019 1351 2066 fecit
1372 2020 1535 2066 coelum

142 2101 186 2137 et
208 2101 392 2147 terram,
422 2091 675 2152 opinionem
707 2091 1033 2137 observantium
1063 2092 1311 2152 religarent.
1335 2094 1536 2155 Namque

140 2162 205 2208 illi
229 2163 332 2224 quia
352 2162 537 2223 proximi
558 2161 826 2223 spiritalibus
847 2161 1050 2220 luerunt,
1071 2164 1141 2223 (in
1161 2165 1262 2225 ipsis
1284 2165 1402 2209 enim
1424 2174 1537 2210 tem-

141 2234 366 2295 poralibus
387 2244 431 2279 et
459 2233 706 2278 carnalibus
735 2234 846 2279 votis
869 2243 1000 2296 atque
1023 2235 1177 2295 signis,
1203 2236 1401 2297 quamvis
1425 2252 1538 2296 quo-

80 2306 86 2313 *
144 2304 277 2350 modo
309 2304 559 2365 spiritaliter
602 2313 744 2350 essent
780 2304 1086 2364 intelligenda,
1123 2307 1362 2364 nescirent,
1397 2323 1540 2352 unum

144 2385 290 2421 tamen
311 2376 566 2421 dedicerant
586 2377 782 2421 venerari
803 2386 1017 2422 aeternum
1040 2382 1177 2423 Deum
1192 2381 1231 2438 ,)
1248 2388 1337 2424 tam
1361 2395 1537 2440 capaces

144 2447 381 2492 extiterunt
413 2447 594 2507 Spiritus
622 2447 779 2503 sancti,
808 2457 858 2492 ut
886 2449 1031 2493 omnia
1054 2464 1130 2494 sua
1159 2449 1424 2506 venderent,
1457 2465 1533 2495 eo-

194 2550 202 2565 ¹
220 2543 289 2576 Gal.
309 2555 365 2584 111,
380 2542 434 2585 24.
456 2561 497 2566 -
517 2551 529 2567 ²
543 2544 655 2577 Matth.
673 2554 729 2585 xn,
746 2554 764 2577 2
781 2555 789 2585 ς
807 2548 839 2576 et
859 2546 935 2577 Luc.
957 2555 986 2576 vi
1002 2570 1010 2585 ,
1026 2556 1056 2587 7.
