1854 3219
376 246 430 273 DE
463 243 614 272 GENESI
645 240 701 270 An
734 238 973 280 ΜΤΤΕΜΜ,
1009 241 1091 268 LIB.
1127 241 1188 268 1v.
1402 225 1485 264 283

101 309 311 370 Alioquin
329 318 406 354 aut
421 324 512 353 non
528 306 689 352 creavit
704 308 820 350 Deus
833 304 1066 364 septimum
1084 303 1217 359 diem,
1235 310 1310 346 aut
1324 299 1489 361 aliquid

102 381 263 434 creavit
283 389 382 440 post
401 379 498 425 illos
519 393 590 422 sex
611 376 722 432 dies,
748 376 794 420 id
815 384 902 430 est,
926 375 1070 435 ipsum
1091 373 1207 419 diem
1227 373 1484 433 septimum,

100 450 348 511 falsumque
372 449 454 494 erit
480 447 602 510 quod
626 447 836 507 seriptum
858 454 946 502 est,
977 446 1022 490 in
1044 454 1162 490 sexto
1191 444 1260 489 die
1282 458 1488 489 consum-

98 538 237 568 masse
258 521 404 566 omnia
420 535 552 580 opera
572 534 674 574 sua,
697 527 741 562 et
761 518 806 562 in
829 516 1013 576 septimo
1036 516 1295 578 requievisse
1316 515 1372 559 ab
1393 530 1489 559 om-

99 593 230 638 nibus
258 591 460 651 operibus
488 590 573 635 suis
589 591 619 634 ¹.
646 588 777 643 Quod
807 588 961 648 utique
983 587 1190 646 quoniam
1210 584 1370 630 falsum
1399 601 1488 630 esse

99 680 190 710 non
211 672 376 724 potest,
398 671 531 708 restat
561 670 613 706 ut
643 659 875 721 praesentia
904 658 1013 704 lucis
1046 658 1184 714 illius,
1210 672 1343 720 quem
1372 656 1489 701 diem

99 738 215 780 Deus
231 733 335 779 fecit
351 769 362 790 ,
383 749 461 794 per
482 733 628 778 onmia
647 747 777 792 opera
795 731 885 791 ejus
908 730 1089 790 repetita
1110 729 1186 785 sit,
1211 727 1381 790 quoties
1398 727 1490 772 dies

100 804 351 851 nominatus
379 813 464 861 est,
497 813 540 849 et
570 804 617 848 in
648 803 741 864 ipso
773 801 959 862 septimo
991 800 1038 845 in
1065 815 1155 860 quo
1188 798 1401 860 requievit
1433 798 1489 843 ab

100 875 305 936 operibus
324 875 425 920 suis.

592 1153 810 1231 CAPUT
848 1155 1014 1202 XXII.

99 1288 210 1336 Lux·
237 1287 468 1350 spiritalis
489 1286 728 1348 quomodo
750 1285 848 1332 diei
868 1296 915 1332 et
939 1287 1094 1332 noctis
1117 1284 1493 1339 vicissitudinem

499 1357 773 1404 exhibuisse
795 1357 1088 1421 intelligitur.

156 1498 365 1542 XXXIX.
394 1497 478 1542 SED
505 1496 715 1558 quoniam
741 1495 818 1540 lux
844 1496 1079 1556 corporalis
1112 1505 1349 1557 antequam
1370 1496 1493 1540 fieret

99 1569 286 1625 coelum,
312 1567 433 1630 quod
454 1569 780 1613 firmamentum
801 1578 998 1625 vocatur,
1023 1568 1067 1614 in
1092 1585 1180 1629 quo
1204 1568 1334 1612 etiam
1356 1566 1492 1611 lumi—

99 1640 220 1686 naria
242 1638 356 1689 faeta
376 1648 504 1696 sunt,
525 1655 614 1701 quo
636 1639 821 1684 circuitu
840 1638 909 1684 vel
926 1656 1015 1701 quo
1032 1655 1238 1700 processu
1255 1648 1300 1683 et
1320 1654 1493 1683 recessu

99 1713 211 1759 vices
240 1710 325 1755 diei
351 1720 394 1755 et
424 1711 563 1760 noctis
593 1710 799 1755 exhibere
831 1711 1048 1770 potuerit,
1087 1726 1178 1754 non
1214 1709 1490 1769 invenimus3

99 1783 225 1828 istam
257 1782 546 1843 quaestionem
578 1780 825 1842 relinquere
858 1796 948 1825 non
979 1780 1191 1824 debemus
1223 1780 1313 1824 sine
1346 1779 1494 1840 aliqua

101 1863 262 1899 nostrae
284 1851 527 1913 prolatione
549 1852 775 1896 sententiae
790 1887 800 1907 ‚
825 1861 875 1896 ut
897 1852 950 1896 sit
971 1850 1046 1895 lux
1072 1850 1146 1894 illa
1171 1867 1271 1912 quae
1292 1851 1492 1910 primitus

100 1933 243 1970 creata
273 1933 337 1968 est
355 1959 365 1979 ‚
396 1939 487 1968 non
514 1922 749 1982 corporalis
766 1958 777 1977 ,
801 1921 877 1966 sed
905 1921 1107 1983 spiritalis
1130 1931 1214 1977 est,
1247 1921 1359 1965 sicut
1393 1931 1493 1981 post

101 1995 303 2041 tenebras
325 1994 439 2039 sacta
456 2003 544 2050 est,
569 1993 648 2037 ubi
666 1992 924 2052 intelligitur
944 2009 967 2037 a
988 2009 1064 2037 sua
1082 1991 1271 2053 quadam
1292 1991 1494 2037 informi-

101 2075 189 2123 tate
212 2065 266 2111 ad
296 2068 548 2111 Creatorem
576 2080 783 2109 conversa
815 2074 945 2126 atque
980 2064 1187 2120 formata,
1225 2064 1284 2108 ita
1318 2073 1362 2108 et
1394 2074 1493 2124 post

101 2152 323 2197 vesperam
351 2138 427 2181 fiat
446 2152 601 2192 mane,
627 2151 728 2180 cum
749 2145 849 2195 post
870 2135 1164 2194 cognitionem
1186 2150 1276 2179 suae
1304 2135 1493 2195 propriae

103 2218 293 2264 naturae,
318 2224 406 2268 qua
432 2224 523 2252 non
540 2217 604 2252 est
623 2207 746 2268 quod
767 2211 881 2252 Deus
897 2244 908 2264 7
929 2202 1061 2252 refert
1082 2224 1126 2252 se
1149 2207 1201 2251 ad
1226 2206 1493 2251 laudandam

103 2279 245 2330 lucem
262 2278 383 2339 quod
399 2278 490 2338 ipse
506 2282 621 2328 Deus
639 2288 717 2334 est,
739 2280 859 2341 eujus
873 2278 1242 2339 contemplatione
1257 2277 1487 2323 formatur.

103 2353 160 2395 Et
185 2350 288 2410 quia
320 2358 486 2393 caeterae
515 2358 746 2404 creaturae,
779 2365 878 2409 quae
910 2349 1021 2394 infra
1055 2351 1194 2409 ipsam
1225 2350 1363 2406 fiunt,
1400 2350 1492 2394 sine

105 2421 351 2479 cognitione
379 2422 470 2481 ejus
504 2436 593 2464 non
615 2420 753 2475 fiunt,
779 2430 1009 2480 propterea
1030 2421 1237 2464 nimirum
1264 2419 1381 2464 idem
1403 2420 1491 2464 dies

105 2492 268 2552 ubique
291 2492 520 2551 repetitur,
544 2500 593 2536 ut
617 2492 708 2551 ejus
738 2491 995 2550 repetitione
1018 2492 1126 2536 fiant
1147 2500 1212 2536 tot
1233 2490 1324 2535 dies
1339 2527 1349 2546 ‚
1376 2507 1490 2551 quo-

157 2596 166 2612 ¹
193 2591 272 2621 Gen.
291 2601 326 2631 11,
350 2600 378 2621 1.
