<?xml version="1.0" encoding="UTF-8"?>
<!DOCTYPE html PUBLIC "-//W3C//DTD XHTML 1.0 Transitional//EN"
    "http://www.w3.org/TR/xhtml1/DTD/xhtml1-transitional.dtd">
<html xmlns="http://www.w3.org/1999/xhtml" xml:lang="en" lang="en">
 <head>
  <title>
</title>
<meta http-equiv="Content-Type" content="text/html;charset=utf-8" />
  <meta name='ocr-system' content='tesseract 3.04.00' />
  <meta name='ocr-capabilities' content='ocr_page ocr_carea ocr_par ocr_line ocrx_word'/>
</head>
<body>
  <div class='ocr_page' id='page_1' title='image "./operaomniaaccura05auguuoft_0182.png"; bbox 0 0 1854 3219; ppageno 0'>
   <div class='ocr_carea' id='block_1_1' title="bbox 339 184 1745 1392">
    <p class='ocr_par' dir='ltr' id='par_1_1' title="bbox 346 184 1322 224">
     <span class='ocr_line' id='line_1_1' title="bbox 346 184 1322 224; baseline 0.001 -1"><span class='ocrx_word' id='word_1_1' title='bbox 346 184 430 223; x_wconf 79' lang='lat'>166</span> <span class='ocrx_word' id='word_1_2' title='bbox 809 193 843 222; x_wconf 86' lang='lat' dir='ltr'>S.</span> <span class='ocrx_word' id='word_1_3' title='bbox 880 193 1108 224; x_wconf 72' lang='lat' dir='ltr'>Auctis‘rmi</span> <span class='ocrx_word' id='word_1_4' title='bbox 1141 196 1322 224; x_wconf 73' lang='lat' dir='ltr'>EPISCOI‘I</span> 
     </span>
    </p>

    <p class='ocr_par' dir='ltr' id='par_1_2' title="bbox 339 261 1745 1392">
     <span class='ocr_line' id='line_1_2' title="bbox 346 261 1736 321; baseline 0.001 -16"><span class='ocrx_word' id='word_1_5' title='bbox 346 261 565 320; x_wconf 71' lang='lat' dir='ltr'>Scriptura</span> <span class='ocrx_word' id='word_1_6' title='bbox 596 279 603 304; x_wconf 88' lang='lat'>:</span> <span class='ocrx_word' id='word_1_7' title='bbox 635 279 653 300; x_wconf 87' lang='lat'>«</span> <span class='ocrx_word' id='word_1_8' title='bbox 684 262 812 304; x_wconf 71' lang='lat' dir='ltr'>Terra</span> <span class='ocrx_word' id='word_1_9' title='bbox 835 269 979 304; x_wconf 73' lang='lat' dir='ltr'>autem</span> <span class='ocrx_word' id='word_1_10' title='bbox 1005 270 1095 304; x_wconf 85' lang='lat' dir='ltr'>crat</span> <span class='ocrx_word' id='word_1_11' title='bbox 1115 261 1341 305; x_wconf 76' lang='lat' dir='ltr'>invisibilis</span> <span class='ocrx_word' id='word_1_12' title='bbox 1364 270 1407 305; x_wconf 83' lang='lat' dir='ltr'>et</span> <span class='ocrx_word' id='word_1_13' title='bbox 1428 262 1711 321; x_wconf 85' lang='lat' dir='ltr'>incomposita</span> <span class='ocrx_word' id='word_1_14' title='bbox 1726 298 1736 317; x_wconf 87' lang='lat'>,</span> 
     </span>
     <span class='ocr_line' id='line_1_3' title="bbox 346 330 1736 390; baseline 0.003 -18"><span class='ocrx_word' id='word_1_15' title='bbox 346 350 365 372; x_wconf 88' lang='lat'>»</span> <span class='ocrx_word' id='word_1_16' title='bbox 393 340 435 374; x_wconf 73' lang='lat' dir='ltr'>ct</span> <span class='ocrx_word' id='word_1_17' title='bbox 457 330 648 373; x_wconf 69' lang='lat' dir='ltr'>tcncbrrc</span> <span class='ocrx_word' id='word_1_18' title='bbox 664 339 787 374; x_wconf 83' lang='lat' dir='ltr'>crant</span> <span class='ocrx_word' id='word_1_19' title='bbox 810 346 940 390; x_wconf 82' lang='lat' dir='ltr'>super</span> <span class='ocrx_word' id='word_1_20' title='bbox 958 331 1188 389; x_wconf 56' lang='lat' dir='ltr'>alrussum·⁷</span> <span class='ocrx_word' id='word_1_21' title='bbox 1218 350 1236 372; x_wconf 71' lang='lat' dir='ltr'>n</span> <span class='ocrx_word' id='word_1_22' title='bbox 1257 348 1305 376; x_wconf 84' lang='lat' dir='ltr'>ac</span> <span class='ocrx_word' id='word_1_23' title='bbox 1328 331 1488 376; x_wconf 87' lang='lat' dir='ltr'>dcindc</span> <span class='ocrx_word' id='word_1_24' title='bbox 1505 331 1736 388; x_wconf 84' lang='lat' dir='ltr'>inferente,</span> 
     </span>
     <span class='ocr_line' id='line_1_4' title="bbox 345 400 1741 464; baseline 0.004 -21"><span class='ocrx_word' id='word_1_25' title='bbox 345 422 366 444; x_wconf 72' lang='grc' dir='ltr'>α</span> <span class='ocrx_word' id='word_1_26' title='bbox 386 405 442 445; x_wconf 87' lang='lat' dir='ltr'>Et</span> <span class='ocrx_word' id='word_1_27' title='bbox 472 400 654 459; x_wconf 79' lang='lat' dir='ltr'>Spiritus</span> <span class='ocrx_word' id='word_1_28' title='bbox 672 400 748 443; x_wconf 84' lang='lat' dir='ltr'>Dei</span> <span class='ocrx_word' id='word_1_29' title='bbox 771 400 1266 462; x_wconf 60' lang='lat' dir='ltr'>superierebatursuper</span> <span class='ocrx_word' id='word_1_30' title='bbox 1283 406 1470 463; x_wconf 74' lang='lat' dir='ltr'>aquam?</span> <span class='ocrx_word' id='word_1_31' title='bbox 1495 422 1513 444; x_wconf 84' lang='lat'>»</span> <span class='ocrx_word' id='word_1_32' title='bbox 1536 407 1606 447; x_wconf 82' lang='lat' dir='ltr'>An</span> <span class='ocrx_word' id='word_1_33' title='bbox 1628 420 1741 464; x_wconf 89' lang='lat' dir='ltr'>quo-</span> 
     </span>
     <span class='ocr_line' id='line_1_5' title="bbox 343 471 1741 536; baseline 0.003 -20"><span class='ocrx_word' id='word_1_34' title='bbox 343 473 460 516; x_wconf 84' lang='lat' dir='ltr'>niam</span> <span class='ocrx_word' id='word_1_35' title='bbox 483 487 644 531; x_wconf 80' lang='lat' dir='ltr'>egenus</span> <span class='ocrx_word' id='word_1_36' title='bbox 662 481 793 532; x_wconf 85' lang='lat' dir='ltr'>atque</span> <span class='ocrx_word' id='word_1_37' title='bbox 811 471 985 532; x_wconf 80' lang='lat' dir='ltr'>indigus</span> <span class='ocrx_word' id='word_1_38' title='bbox 999 489 1120 518; x_wconf 85' lang='lat' dir='ltr'>amor</span> <span class='ocrx_word' id='word_1_39' title='bbox 1137 474 1195 518; x_wconf 86' lang='lat' dir='ltr'>ita</span> <span class='ocrx_word' id='word_1_40' title='bbox 1215 473 1378 532; x_wconf 76' lang='lat' dir='ltr'>diligit,</span> <span class='ocrx_word' id='word_1_41' title='bbox 1397 483 1447 518; x_wconf 92' lang='lat' dir='ltr'>ut</span> <span class='ocrx_word' id='word_1_42' title='bbox 1465 475 1609 530; x_wconf 83' lang='lat' dir='ltr'>rebus,</span> <span class='ocrx_word' id='word_1_43' title='bbox 1632 491 1741 536; x_wconf 84' lang='lat' dir='ltr'>quas</span> 
     </span>
     <span class='ocr_line' id='line_1_6' title="bbox 344 544 1741 607; baseline 0.001 -18"><span class='ocrx_word' id='word_1_44' title='bbox 344 544 507 604; x_wconf 81' lang='lat' dir='ltr'>diligit,</span> <span class='ocrx_word' id='word_1_45' title='bbox 529 544 781 605; x_wconf 81' lang='lat' dir='ltr'>subjiciatur</span> <span class='ocrx_word' id='word_1_46' title='bbox 796 565 806 602; x_wconf 78' lang='lat'>3</span> <span class='ocrx_word' id='word_1_47' title='bbox 823 554 1050 605; x_wconf 85' lang='lat' dir='ltr'>propterea</span> <span class='ocrx_word' id='word_1_48' title='bbox 1074 561 1175 590; x_wconf 93' lang='lat' dir='ltr'>cum</span> <span class='ocrx_word' id='word_1_49' title='bbox 1198 556 1616 591; x_wconf 83' lang='lat' dir='ltr'>commemoraretur</span> <span class='ocrx_word' id='word_1_50' title='bbox 1640 547 1741 607; x_wconf 92' lang='lat' dir='ltr'>Spi-</span> 
     </span>
     <span class='ocr_line' id='line_1_7' title="bbox 340 616 1742 679; baseline 0.001 -18"><span class='ocrx_word' id='word_1_51' title='bbox 340 617 449 661; x_wconf 88' lang='lat' dir='ltr'>ritus</span> <span class='ocrx_word' id='word_1_52' title='bbox 486 617 587 670; x_wconf 81' lang='lat' dir='ltr'>Dei,</span> <span class='ocrx_word' id='word_1_53' title='bbox 625 616 671 659; x_wconf 91' lang='lat' dir='ltr'>in</span> <span class='ocrx_word' id='word_1_54' title='bbox 708 632 797 676; x_wconf 89' lang='lat' dir='ltr'>quo</span> <span class='ocrx_word' id='word_1_55' title='bbox 829 626 976 661; x_wconf 86' lang='lat' dir='ltr'>sancta</span> <span class='ocrx_word' id='word_1_56' title='bbox 1013 618 1104 677; x_wconf 77' lang='lat' dir='ltr'>ejus</span> <span class='ocrx_word' id='word_1_57' title='bbox 1136 616 1443 662; x_wconf 81' lang='lat' dir='ltr'>benevolentia</span> <span class='ocrx_word' id='word_1_58' title='bbox 1477 616 1742 679; x_wconf 84' lang='lat' dir='ltr'>dilectioque</span> 
     </span>
     <span class='ocr_line' id='line_1_8' title="bbox 340 686 1743 748; baseline 0.001 -16"><span class='ocrx_word' id='word_1_59' title='bbox 340 687 626 746; x_wconf 79' lang='lat' dir='ltr'>intelligitur,</span> <span class='ocrx_word' id='word_1_60' title='bbox 660 686 893 747; x_wconf 85' lang='lat' dir='ltr'>superferri</span> <span class='ocrx_word' id='word_1_61' title='bbox 920 687 1062 733; x_wconf 88' lang='lat' dir='ltr'>dictus</span> <span class='ocrx_word' id='word_1_62' title='bbox 1083 697 1147 732; x_wconf 90' lang='lat' dir='ltr'>est</span> <span class='ocrx_word' id='word_1_63' title='bbox 1163 723 1173 743; x_wconf 83' lang='lat'>‚</span> <span class='ocrx_word' id='word_1_64' title='bbox 1204 703 1260 731; x_wconf 89' lang='lat' dir='ltr'>ne</span> <span class='ocrx_word' id='word_1_65' title='bbox 1287 686 1488 732; x_wconf 87' lang='lat' dir='ltr'>facienda</span> <span class='ocrx_word' id='word_1_66' title='bbox 1511 704 1642 748; x_wconf 90' lang='lat' dir='ltr'>opera</span> <span class='ocrx_word' id='word_1_67' title='bbox 1665 705 1743 734; x_wconf 88' lang='lat' dir='ltr'>sua</span> 
     </span>
     <span class='ocr_line' id='line_1_9' title="bbox 339 756 1743 819; baseline 0.001 -17"><span class='ocrx_word' id='word_1_68' title='bbox 339 774 418 819; x_wconf 87' lang='lat' dir='ltr'>per</span> <span class='ocrx_word' id='word_1_69' title='bbox 431 756 684 817; x_wconf 59' lang='lat' dir='ltr'>indigentia,¹</span> <span class='ocrx_word' id='word_1_70' title='bbox 698 759 998 802; x_wconf 86' lang='lat' dir='ltr'>necessitatem</span> <span class='ocrx_word' id='word_1_71' title='bbox 1015 759 1160 818; x_wconf 89' lang='lat' dir='ltr'>potius</span> <span class='ocrx_word' id='word_1_72' title='bbox 1176 774 1309 819; x_wconf 84' lang='lat' dir='ltr'>quam</span> <span class='ocrx_word' id='word_1_73' title='bbox 1328 774 1405 818; x_wconf 90' lang='lat' dir='ltr'>per</span> <span class='ocrx_word' id='word_1_74' title='bbox 1424 759 1743 804; x_wconf 78' lang='lat' dir='ltr'>abundantiam</span> 
     </span>
     <span class='ocr_line' id='line_1_10' title="bbox 341 830 1743 891; baseline 0.001 -16"><span class='ocrx_word' id='word_1_75' title='bbox 341 830 644 875; x_wconf 84' lang='lat' dir='ltr'>beneficentiae</span> <span class='ocrx_word' id='word_1_76' title='bbox 676 833 790 874; x_wconf 87' lang='lat' dir='ltr'>Deus</span> <span class='ocrx_word' id='word_1_77' title='bbox 828 847 971 875; x_wconf 86' lang='lat' dir='ltr'>amare</span> <span class='ocrx_word' id='word_1_78' title='bbox 1007 832 1264 891; x_wconf 79' lang='lat' dir='ltr'>putaretur?</span> <span class='ocrx_word' id='word_1_79' title='bbox 1296 831 1432 891; x_wconf 87' lang='lat' dir='ltr'>Cujus</span> <span class='ocrx_word' id='word_1_80' title='bbox 1473 831 1534 875; x_wconf 83' lang='lat' dir='ltr'>rei</span> <span class='ocrx_word' id='word_1_81' title='bbox 1575 846 1743 877; x_wconf 86' lang='lat' dir='ltr'>memor</span> 
     </span>
     <span class='ocr_line' id='line_1_11' title="bbox 343 899 1744 961; baseline 0.001 -15"><span class='ocrx_word' id='word_1_82' title='bbox 343 899 577 961; x_wconf 77' lang='lat' dir='ltr'>Apostolus</span> <span class='ocrx_word' id='word_1_83' title='bbox 610 899 805 945; x_wconf 87' lang='lat' dir='ltr'>dicturus</span> <span class='ocrx_word' id='word_1_84' title='bbox 835 901 889 946; x_wconf 89' lang='lat' dir='ltr'>dc</span> <span class='ocrx_word' id='word_1_85' title='bbox 923 901 1155 956; x_wconf 75' lang='lat' dir='ltr'>charitate,</span> <span class='ocrx_word' id='word_1_86' title='bbox 1195 901 1593 961; x_wconf 87' lang='lat' dir='ltr'>supereminentem</span> <span class='ocrx_word' id='word_1_87' title='bbox 1627 903 1744 947; x_wconf 84' lang='lat' dir='ltr'>viam</span> 
     </span>
     <span class='ocr_line' id='line_1_12' title="bbox 341 972 1744 1034; baseline 0.001 -17"><span class='ocrx_word' id='word_1_88' title='bbox 341 973 742 1018; x_wconf 87' lang='lat' dir='ltr'>demonstraturum</span> <span class='ocrx_word' id='word_1_89' title='bbox 765 989 808 1017; x_wconf 92' lang='lat' dir='ltr'>se</span> <span class='ocrx_word' id='word_1_90' title='bbox 831 974 930 1018; x_wconf 84' lang='lat' dir='ltr'>ait¹.</span> <span class='ocrx_word' id='word_1_91' title='bbox 958 976 1014 1018; x_wconf 87' lang='lat' dir='ltr'>Et</span> <span class='ocrx_word' id='word_1_92' title='bbox 1036 974 1080 1017; x_wconf 90' lang='lat' dir='ltr'>in</span> <span class='ocrx_word' id='word_1_93' title='bbox 1109 972 1192 1018; x_wconf 87' lang='lat' dir='ltr'>alio</span> <span class='ocrx_word' id='word_1_94' title='bbox 1214 973 1334 1029; x_wconf 86' lang='lat' dir='ltr'>loco,</span> <span class='ocrx_word' id='word_1_95' title='bbox 1361 993 1380 1016; x_wconf 89' lang='lat'>«</span> <span class='ocrx_word' id='word_1_96' title='bbox 1410 975 1744 1034; x_wconf 86' lang='lat' dir='ltr'>Supereminen-</span> 
     </span>
     <span class='ocr_line' id='line_1_13' title="bbox 347 1045 1745 1105; baseline 0.004 -19"><span class='ocrx_word' id='word_1_97' title='bbox 347 1063 367 1086; x_wconf 83' lang='lat'>&gt;›</span> <span class='ocrx_word' id='word_1_98' title='bbox 393 1053 506 1099; x_wconf 85' lang='lat' dir='ltr'>tem,</span> <span class='ocrx_word' id='word_1_99' title='bbox 532 1045 704 1105; x_wconf 80' lang='lat' dir='ltr'>inquit,</span> <span class='ocrx_word' id='word_1_100' title='bbox 731 1045 920 1089; x_wconf 73' lang='lat' dir='ltr'>scientiae</span> <span class='ocrx_word' id='word_1_101' title='bbox 938 1045 1191 1089; x_wconf 88' lang='lat' dir='ltr'>charitatem</span> <span class='ocrx_word' id='word_1_102' title='bbox 1223 1045 1429 1090; x_wconf 79' lang='lat' dir='ltr'>Christi2.</span> <span class='ocrx_word' id='word_1_103' title='bbox 1458 1064 1477 1086; x_wconf 85' lang='lat'>»</span> <span class='ocrx_word' id='word_1_104' title='bbox 1505 1048 1616 1090; x_wconf 90' lang='lat' dir='ltr'>Cum</span> <span class='ocrx_word' id='word_1_105' title='bbox 1640 1061 1745 1105; x_wconf 85' lang='lat' dir='ltr'>ergo</span> 
     </span>
     <span class='ocr_line' id='line_1_14' title="bbox 349 1116 1745 1178; baseline 0.001 -17"><span class='ocrx_word' id='word_1_106' title='bbox 349 1118 409 1161; x_wconf 89' lang='lat' dir='ltr'>sic</span> <span class='ocrx_word' id='word_1_107' title='bbox 432 1126 656 1176; x_wconf 85' lang='lat' dir='ltr'>oporteret</span> <span class='ocrx_word' id='word_1_108' title='bbox 680 1116 890 1161; x_wconf 84' lang='lat' dir='ltr'>insinuari</span> <span class='ocrx_word' id='word_1_109' title='bbox 909 1117 1115 1177; x_wconf 87' lang='lat' dir='ltr'>Spiritum</span> <span class='ocrx_word' id='word_1_110' title='bbox 1138 1118 1232 1173; x_wconf 87' lang='lat' dir='ltr'>Dei,</span> <span class='ocrx_word' id='word_1_111' title='bbox 1251 1127 1301 1162; x_wconf 90' lang='lat' dir='ltr'>ut</span> <span class='ocrx_word' id='word_1_112' title='bbox 1321 1117 1554 1178; x_wconf 85' lang='lat' dir='ltr'>superferri</span> <span class='ocrx_word' id='word_1_113' title='bbox 1574 1117 1745 1162; x_wconf 89' lang='lat' dir='ltr'>dicere-</span> 
     </span>
     <span class='ocr_line' id='line_1_15' title="bbox 341 1187 1744 1251; baseline 0.002 -19"><span class='ocrx_word' id='word_1_114' title='bbox 341 1198 437 1244; x_wconf 88' lang='lat' dir='ltr'>tur,</span> <span class='ocrx_word' id='word_1_115' title='bbox 465 1187 738 1232; x_wconf 85' lang='lat' dir='ltr'>commodius</span> <span class='ocrx_word' id='word_1_116' title='bbox 762 1187 929 1232; x_wconf 85' lang='lat' dir='ltr'>factum</span> <span class='ocrx_word' id='word_1_117' title='bbox 959 1199 1024 1234; x_wconf 90' lang='lat' dir='ltr'>est</span> <span class='ocrx_word' id='word_1_118' title='bbox 1047 1198 1095 1233; x_wconf 90' lang='lat' dir='ltr'>ut</span> <span class='ocrx_word' id='word_1_119' title='bbox 1118 1190 1238 1249; x_wconf 90' lang='lat' dir='ltr'>prius</span> <span class='ocrx_word' id='word_1_120' title='bbox 1261 1190 1556 1234; x_wconf 86' lang='lat' dir='ltr'>insinuaretur</span> <span class='ocrx_word' id='word_1_121' title='bbox 1578 1189 1744 1251; x_wconf 88' lang='lat' dir='ltr'>aliquid</span> 
     </span>
     <span class='ocr_line' id='line_1_16' title="bbox 341 1258 1743 1319; baseline 0.002 -16"><span class='ocrx_word' id='word_1_122' title='bbox 341 1259 621 1315; x_wconf 81' lang='lat' dir='ltr'>inchoatum,</span> <span class='ocrx_word' id='word_1_123' title='bbox 665 1259 735 1304; x_wconf 87' lang='lat' dir='ltr'>cui</span> <span class='ocrx_word' id='word_1_124' title='bbox 769 1258 1005 1319; x_wconf 88' lang='lat' dir='ltr'>superferri</span> <span class='ocrx_word' id='word_1_125' title='bbox 1038 1260 1256 1304; x_wconf 89' lang='lat' dir='ltr'>diceretur</span> <span class='ocrx_word' id='word_1_126' title='bbox 1292 1280 1300 1305; x_wconf 91' lang='lat'>:</span> <span class='ocrx_word' id='word_1_127' title='bbox 1341 1276 1432 1305; x_wconf 91' lang='lat' dir='ltr'>non</span> <span class='ocrx_word' id='word_1_128' title='bbox 1467 1261 1583 1305; x_wconf 85' lang='lat' dir='ltr'>enim</span> <span class='ocrx_word' id='word_1_129' title='bbox 1610 1259 1709 1306; x_wconf 93' lang='lat' dir='ltr'>loco</span> <span class='ocrx_word' id='word_1_130' title='bbox 1731 1297 1743 1318; x_wconf 91' lang='lat'>,</span> 
     </span>
     <span class='ocr_line' id='line_1_17' title="bbox 343 1329 1473 1392; baseline 0.002 -18"><span class='ocrx_word' id='word_1_131' title='bbox 343 1329 419 1374; x_wconf 87' lang='lat' dir='ltr'>sed</span> <span class='ocrx_word' id='word_1_132' title='bbox 437 1331 582 1375; x_wconf 90' lang='lat' dir='ltr'>omnia</span> <span class='ocrx_word' id='word_1_133' title='bbox 600 1340 832 1391; x_wconf 87' lang='lat' dir='ltr'>superante</span> <span class='ocrx_word' id='word_1_134' title='bbox 847 1367 857 1387; x_wconf 94' lang='lat'>,</span> <span class='ocrx_word' id='word_1_135' title='bbox 884 1346 933 1376; x_wconf 86' lang='lat' dir='ltr'>ac</span> <span class='ocrx_word' id='word_1_136' title='bbox 954 1330 1235 1392; x_wconf 84' lang='lat' dir='ltr'>praecellente</span> <span class='ocrx_word' id='word_1_137' title='bbox 1262 1332 1473 1392; x_wconf 75' lang='lat' dir='ltr'>potentIa.</span> 
     </span>
    </p>
   </div>
   <div class='ocr_carea' id='block_1_2' title="bbox 346 1498 1745 1517">
    <p class='ocr_par' dir='ltr' id='par_1_3' title="bbox 346 1498 1745 1517">
     <span class='ocr_line' id='line_1_18' title="bbox 346 1498 1745 1517; baseline 0.001 -1"><span class='ocrx_word' id='word_1_138' title='bbox 346 1499 629 1516; x_wconf 46' lang='lat' dir='ltr'>MMRWMMAEM!</span> <span class='ocrx_word' id='word_1_139' title='bbox 633 1499 701 1515; x_wconf 47' lang='lat' dir='ltr'>&amp;m</span> <span class='ocrx_word' id='word_1_140' title='bbox 706 1499 845 1515; x_wconf 61' lang='lat' dir='ltr'>num</span> <span class='ocrx_word' id='word_1_141' title='bbox 851 1499 917 1515; x_wconf 63' lang='lat' dir='ltr'>m</span> <span class='ocrx_word' id='word_1_142' title='bbox 922 1499 989 1515; x_wconf 65' lang='lat' dir='ltr'>m</span> <span class='ocrx_word' id='word_1_143' title='bbox 995 1498 1745 1517; x_wconf 0' lang='lat' dir='ltr'>mmmmm wvxmvuwummmm</span> 
     </span>
    </p>
   </div>
   <div class='ocr_carea' id='block_1_3' title="bbox 844 1619 1240 1671">
    <p class='ocr_par' dir='ltr' id='par_1_4' title="bbox 844 1619 1240 1671">
     <span class='ocr_line' id='line_1_19' title="bbox 844 1619 1240 1671; baseline 0.003 -2"><span class='ocrx_word' id='word_1_144' title='bbox 844 1619 1063 1670; x_wconf 75' lang='lat' dir='ltr'><strong>CAPUT</strong></span> <span class='ocrx_word' id='word_1_145' title='bbox 1100 1622 1240 1671; x_wconf 76' lang='lat' dir='ltr'>Vm.</span> 
     </span>
    </p>
   </div>
   <div class='ocr_carea' id='block_1_4' title="bbox 345 1754 1746 1871">
    <p class='ocr_par' dir='ltr' id='par_1_5' title="bbox 345 1754 1746 1871">
     <span class='ocr_line' id='line_1_20' title="bbox 345 1754 1746 1815; baseline 0.001 -15"><span class='ocrx_word' id='word_1_146' title='bbox 345 1754 444 1800; x_wconf 70' lang='lat' dir='ltr'>Dei</span> <span class='ocrx_word' id='word_1_147' title='bbox 462 1770 604 1800; x_wconf 66' lang='lat' dir='ltr'>antor·</span> <span class='ocrx_word' id='word_1_148' title='bbox 625 1755 673 1799; x_wconf 79' lang='lat' dir='ltr'>in</span> <span class='ocrx_word' id='word_1_149' title='bbox 695 1763 950 1800; x_wconf 74' lang='lat' dir='ltr'>creaturas</span> <span class='ocrx_word' id='word_1_150' title='bbox 963 1763 1172 1815; x_wconf 42' lang='lat' dir='ltr'>praestat</span> <span class='ocrx_word' id='word_1_151' title='bbox 1194 1756 1263 1800; x_wconf 82' lang='lat' dir='ltr'>eis</span> <span class='ocrx_word' id='word_1_152' title='bbox 1286 1764 1337 1800; x_wconf 78' lang='lat' dir='ltr'>ut</span> <span class='ocrx_word' id='word_1_153' title='bbox 1356 1756 1468 1812; x_wconf 78' lang='lat' dir='ltr'>sint,</span> <span class='ocrx_word' id='word_1_154' title='bbox 1495 1764 1542 1801; x_wconf 82' lang='lat' dir='ltr'>et</span> <span class='ocrx_word' id='word_1_155' title='bbox 1568 1765 1620 1801; x_wconf 81' lang='lat' dir='ltr'>ut</span> <span class='ocrx_word' id='word_1_156' title='bbox 1640 1772 1746 1801; x_wconf 77' lang='lat' dir='ltr'>mcl-</span> 
     </span>
     <span class='ocr_line' id='line_1_21' title="bbox 961 1835 1124 1871; baseline 0 0"><span class='ocrx_word' id='word_1_157' title='bbox 961 1835 1124 1871; x_wconf 69' lang='lat' dir='ltr'>meant.</span> 
     </span>
    </p>
   </div>
   <div class='ocr_carea' id='block_1_5' title="bbox 350 1961 1748 2523">
    <p class='ocr_par' dir='ltr' id='par_1_6' title="bbox 350 1961 1748 2523">
     <span class='ocr_line' id='line_1_22' title="bbox 409 1961 1746 2024; baseline 0.002 -18"><span class='ocrx_word' id='word_1_158' title='bbox 409 1965 530 2007; x_wconf 82' lang='lat' dir='ltr'><strong>XIV.</strong></span> <span class='ocrx_word' id='word_1_159' title='bbox 561 1965 637 2006; x_wconf 78' lang='lat' dir='ltr'>ITA</span> <span class='ocrx_word' id='word_1_160' title='bbox 665 1962 796 2007; x_wconf 88' lang='lat' dir='ltr'>etiam</span> <span class='ocrx_word' id='word_1_161' title='bbox 819 1962 949 2007; x_wconf 86' lang='lat' dir='ltr'>rebus</span> <span class='ocrx_word' id='word_1_162' title='bbox 971 1978 1022 2006; x_wconf 84' lang='lat' dir='ltr'>ex</span> <span class='ocrx_word' id='word_1_163' title='bbox 1043 1961 1116 2006; x_wconf 90' lang='lat' dir='ltr'>illa</span> <span class='ocrx_word' id='word_1_164' title='bbox 1138 1963 1420 2008; x_wconf 86' lang='lat' dir='ltr'>inchoatione</span> <span class='ocrx_word' id='word_1_165' title='bbox 1451 1964 1654 2024; x_wconf 88' lang='lat' dir='ltr'>perfectis</span> <span class='ocrx_word' id='word_1_166' title='bbox 1677 1974 1746 2009; x_wconf 87' lang='lat' dir='ltr'>at-</span> 
     </span>
     <span class='ocr_line' id='line_1_23' title="bbox 350 2032 1748 2096; baseline 0.001 -18"><span class='ocrx_word' id='word_1_167' title='bbox 350 2050 436 2095; x_wconf 87' lang='lat' dir='ltr'>que</span> <span class='ocrx_word' id='word_1_168' title='bbox 471 2032 687 2088; x_wconf 83' lang='lat' dir='ltr'>formatis,</span> <span class='ocrx_word' id='word_1_169' title='bbox 717 2053 737 2076; x_wconf 88' lang='lat'>«</span> <span class='ocrx_word' id='word_1_170' title='bbox 768 2033 889 2077; x_wconf 86' lang='lat' dir='ltr'>Vidit</span> <span class='ocrx_word' id='word_1_171' title='bbox 921 2037 1034 2078; x_wconf 87' lang='lat' dir='ltr'>Deus</span> <span class='ocrx_word' id='word_1_172' title='bbox 1065 2034 1164 2094; x_wconf 85' lang='lat' dir='ltr'>quia</span> <span class='ocrx_word' id='word_1_173' title='bbox 1200 2034 1369 2078; x_wconf 84' lang='lat' dir='ltr'>bonum</span> <span class='ocrx_word' id='word_1_174' title='bbox 1401 2044 1490 2080; x_wconf 85' lang='lat' dir='ltr'>est:</span> <span class='ocrx_word' id='word_1_175' title='bbox 1527 2054 1546 2076; x_wconf 89' lang='lat'>»</span> <span class='ocrx_word' id='word_1_176' title='bbox 1580 2035 1748 2096; x_wconf 86' lang='lat' dir='ltr'>placuit</span> 
     </span>
     <span class='ocr_line' id='line_1_24' title="bbox 352 2104 1748 2167; baseline 0 -16"><span class='ocrx_word' id='word_1_177' title='bbox 352 2106 468 2151; x_wconf 87' lang='lat' dir='ltr'>enim</span> <span class='ocrx_word' id='word_1_178' title='bbox 501 2104 621 2166; x_wconf 83' lang='lat' dir='ltr'>quod</span> <span class='ocrx_word' id='word_1_179' title='bbox 656 2104 821 2150; x_wconf 87' lang='lat' dir='ltr'>factum</span> <span class='ocrx_word' id='word_1_180' title='bbox 843 2115 928 2161; x_wconf 88' lang='lat' dir='ltr'>est,</span> <span class='ocrx_word' id='word_1_181' title='bbox 953 2106 998 2149; x_wconf 91' lang='lat' dir='ltr'>in</span> <span class='ocrx_word' id='word_1_182' title='bbox 1021 2122 1070 2149; x_wconf 90' lang='lat' dir='ltr'>ea</span> <span class='ocrx_word' id='word_1_183' title='bbox 1092 2106 1362 2165; x_wconf 80' lang='lat' dir='ltr'>benignitate</span> <span class='ocrx_word' id='word_1_184' title='bbox 1386 2123 1472 2167; x_wconf 88' lang='lat' dir='ltr'>qua</span> <span class='ocrx_word' id='word_1_185' title='bbox 1503 2106 1670 2167; x_wconf 82' lang='lat' dir='ltr'>placuit</span> <span class='ocrx_word' id='word_1_186' title='bbox 1698 2117 1748 2152; x_wconf 91' lang='lat' dir='ltr'>ut</span> 
     </span>
     <span class='ocr_line' id='line_1_25' title="bbox 351 2177 1746 2238; baseline 0.002 -18"><span class='ocrx_word' id='word_1_187' title='bbox 351 2178 488 2221; x_wconf 86' lang='lat' dir='ltr'>fieret.</span> <span class='ocrx_word' id='word_1_188' title='bbox 515 2179 611 2221; x_wconf 91' lang='lat' dir='ltr'>Duo</span> <span class='ocrx_word' id='word_1_189' title='bbox 641 2177 805 2237; x_wconf 83' lang='lat' dir='ltr'>quippe</span> <span class='ocrx_word' id='word_1_190' title='bbox 823 2186 946 2232; x_wconf 91' lang='lat' dir='ltr'>sunt,</span> <span class='ocrx_word' id='word_1_191' title='bbox 968 2186 1147 2237; x_wconf 87' lang='lat' dir='ltr'>propter</span> <span class='ocrx_word' id='word_1_192' title='bbox 1170 2193 1270 2238; x_wconf 82' lang='lat' dir='ltr'>quae</span> <span class='ocrx_word' id='word_1_193' title='bbox 1294 2187 1410 2221; x_wconf 87' lang='lat' dir='ltr'>amat</span> <span class='ocrx_word' id='word_1_194' title='bbox 1432 2181 1546 2222; x_wconf 86' lang='lat' dir='ltr'>Deus</span> <span class='ocrx_word' id='word_1_195' title='bbox 1569 2189 1746 2223; x_wconf 89' lang='lat' dir='ltr'>creatu-</span> 
     </span>
     <span class='ocr_line' id='line_1_26' title="bbox 350 2248 1748 2311; baseline 0.001 -18"><span class='ocrx_word' id='word_1_196' title='bbox 350 2264 444 2293; x_wconf 86' lang='lat' dir='ltr'>ram</span> <span class='ocrx_word' id='word_1_197' title='bbox 487 2264 626 2303; x_wconf 87' lang='lat' dir='ltr'>suam,</span> <span class='ocrx_word' id='word_1_198' title='bbox 668 2258 716 2292; x_wconf 91' lang='lat' dir='ltr'>ut</span> <span class='ocrx_word' id='word_1_199' title='bbox 757 2248 827 2303; x_wconf 84' lang='lat' dir='ltr'>sit,</span> <span class='ocrx_word' id='word_1_200' title='bbox 875 2258 919 2292; x_wconf 90' lang='lat' dir='ltr'>et</span> <span class='ocrx_word' id='word_1_201' title='bbox 953 2259 1001 2293; x_wconf 91' lang='lat' dir='ltr'>ut</span> <span class='ocrx_word' id='word_1_202' title='bbox 1035 2258 1226 2293; x_wconf 86' lang='lat' dir='ltr'>maneat.</span> <span class='ocrx_word' id='word_1_203' title='bbox 1262 2251 1317 2293; x_wconf 77' lang='lat' dir='ltr'>[t</span> <span class='ocrx_word' id='word_1_204' title='bbox 1346 2258 1457 2293; x_wconf 88' lang='lat' dir='ltr'>esset</span> <span class='ocrx_word' id='word_1_205' title='bbox 1491 2265 1596 2308; x_wconf 84' lang='lat' dir='ltr'>ergo</span> <span class='ocrx_word' id='word_1_206' title='bbox 1625 2250 1748 2311; x_wconf 89' lang='lat' dir='ltr'>quod</span> 
     </span>
     <span class='ocr_line' id='line_1_27' title="bbox 352 2318 1744 2381; baseline -0.001 -17"><span class='ocrx_word' id='word_1_207' title='bbox 352 2328 570 2374; x_wconf 85' lang='lat' dir='ltr'>maneret,</span> <span class='ocrx_word' id='word_1_208' title='bbox 600 2337 618 2360; x_wconf 88' lang='lat'>»</span> <span class='ocrx_word' id='word_1_209' title='bbox 649 2319 832 2379; x_wconf 86' lang='lat' dir='ltr'>Spiritus</span> <span class='ocrx_word' id='word_1_210' title='bbox 862 2321 939 2364; x_wconf 83' lang='lat' dir='ltr'>Dei</span> <span class='ocrx_word' id='word_1_211' title='bbox 967 2318 1322 2380; x_wconf 80' lang='lat' dir='ltr'>superferebatur</span> <span class='ocrx_word' id='word_1_212' title='bbox 1348 2335 1477 2379; x_wconf 87' lang='lat' dir='ltr'>super</span> <span class='ocrx_word' id='word_1_213' title='bbox 1507 2337 1692 2381; x_wconf 85' lang='lat' dir='ltr'>aquam:</span> <span class='ocrx_word' id='word_1_214' title='bbox 1723 2340 1744 2363; x_wconf 85' lang='lat'>»</span> 
     </span>
     <span class='ocr_line' id='line_1_28' title="bbox 353 2389 1748 2451; baseline 0.002 -16"><span class='ocrx_word' id='word_1_215' title='bbox 353 2401 404 2435; x_wconf 90' lang='lat' dir='ltr'>ut</span> <span class='ocrx_word' id='word_1_216' title='bbox 423 2399 569 2434; x_wconf 88' lang='lat' dir='ltr'>autem</span> <span class='ocrx_word' id='word_1_217' title='bbox 601 2400 818 2445; x_wconf 86' lang='lat' dir='ltr'>maneret,</span> <span class='ocrx_word' id='word_1_218' title='bbox 850 2410 870 2432; x_wconf 71' lang='grc' dir='ltr'>ι(</span> <span class='ocrx_word' id='word_1_219' title='bbox 902 2389 1025 2434; x_wconf 80' lang='lat' dir='ltr'>Vidit</span> <span class='ocrx_word' id='word_1_220' title='bbox 1054 2394 1168 2435; x_wconf 85' lang='lat' dir='ltr'>Deus</span> <span class='ocrx_word' id='word_1_221' title='bbox 1198 2391 1299 2451; x_wconf 87' lang='lat' dir='ltr'>quia</span> <span class='ocrx_word' id='word_1_222' title='bbox 1324 2391 1491 2435; x_wconf 85' lang='lat' dir='ltr'>bonum</span> <span class='ocrx_word' id='word_1_223' title='bbox 1526 2401 1604 2436; x_wconf 87' lang='lat' dir='ltr'>est.</span> <span class='ocrx_word' id='word_1_224' title='bbox 1634 2410 1654 2433; x_wconf 88' lang='lat'>»</span> <span class='ocrx_word' id='word_1_225' title='bbox 1690 2396 1748 2437; x_wconf 91' lang='lat' dir='ltr'>Et</span> 
     </span>
     <span class='ocr_line' id='line_1_29' title="bbox 354 2460 1745 2523; baseline 0.001 -17"><span class='ocrx_word' id='word_1_226' title='bbox 354 2461 476 2523; x_wconf 87' lang='lat' dir='ltr'>quod</span> <span class='ocrx_word' id='word_1_227' title='bbox 493 2461 547 2506; x_wconf 89' lang='lat' dir='ltr'>de</span> <span class='ocrx_word' id='word_1_228' title='bbox 565 2460 664 2505; x_wconf 87' lang='lat' dir='ltr'>luce.</span> <span class='ocrx_word' id='word_1_229' title='bbox 687 2460 856 2506; x_wconf 88' lang='lat' dir='ltr'>dictum</span> <span class='ocrx_word' id='word_1_230' title='bbox 882 2472 967 2517; x_wconf 92' lang='lat' dir='ltr'>est,</span> <span class='ocrx_word' id='word_1_231' title='bbox 987 2463 1071 2507; x_wconf 88' lang='lat' dir='ltr'>hoc</span> <span class='ocrx_word' id='word_1_232' title='bbox 1095 2461 1150 2507; x_wconf 89' lang='lat' dir='ltr'>de</span> <span class='ocrx_word' id='word_1_233' title='bbox 1174 2462 1391 2508; x_wconf 88' lang='lat' dir='ltr'>omnibus.</span> <span class='ocrx_word' id='word_1_234' title='bbox 1419 2466 1602 2508; x_wconf 86' lang='lat' dir='ltr'>Manent</span> <span class='ocrx_word' id='word_1_235' title='bbox 1628 2464 1745 2507; x_wconf 87' lang='lat' dir='ltr'>enim</span> 
     </span>
    </p>
   </div>
   <div class='ocr_carea' id='block_1_6' title="bbox 406 2558 1087 2600">
    <p class='ocr_par' dir='ltr' id='par_1_7' title="bbox 406 2558 1087 2600">
     <span class='ocr_line' id='line_1_30' title="bbox 406 2558 1087 2600; baseline -0.001 -10"><span class='ocrx_word' id='word_1_236' title='bbox 406 2565 414 2581; x_wconf 82' lang='lat'><em>¹</em></span> <span class='ocrx_word' id='word_1_237' title='bbox 440 2570 450 2590; x_wconf 86' lang='grc' dir='ltr'><strong>ι</strong></span> <span class='ocrx_word' id='word_1_238' title='bbox 477 2561 549 2592; x_wconf 88' lang='lat' dir='ltr'>Cor.</span> <span class='ocrx_word' id='word_1_239' title='bbox 569 2570 630 2591; x_wconf 70' lang='grc' dir='ltr'><strong>χιι.</strong></span> <span class='ocrx_word' id='word_1_240' title='bbox 653 2558 706 2591; x_wconf 82' lang='lat'>31.</span> <span class='ocrx_word' id='word_1_241' title='bbox 729 2575 770 2580; x_wconf 91' lang='lat'>—-</span> <span class='ocrx_word' id='word_1_242' title='bbox 790 2565 802 2580; x_wconf 86' lang='lat'>²</span> <span class='ocrx_word' id='word_1_243' title='bbox 827 2558 942 2599; x_wconf 72' lang='lat' dir='ltr'>Epiics.</span> <span class='ocrx_word' id='word_1_244' title='bbox 963 2569 1013 2599; x_wconf 77' lang='lat' dir='ltr'>ui,</span> <span class='ocrx_word' id='word_1_245' title='bbox 1037 2569 1087 2600; x_wconf 77' lang='lat'>¹9-</span> 
     </span>
    </p>
   </div>
  </div>
 </body>
</html>
