1854 3219
330 241 385 266 DE
417 238 567 267 GENEs1
599 236 654 265 AD
687 236 929 277 mmmmm,
965 240 1046 266 Lm.
1084 241 1148 266 ιιι.
1363 229 1441 266 221

56 320 206 366 supra,
238 314 282 349 et
314 319 383 349 eas
417 320 516 365 quae
548 302 662 348 infra
689 313 790 348 sunt
820 322 828 348 :
865 303 910 347 in
943 303 1018 349 illo
1049 313 1196 348 tamen
1231 304 1403 349 Psalmo
1435 324 1443 349 :

63 395 83 418 «
117 379 176 421 Et
206 392 350 436 aquae,
376 376 540 436 inquit,
564 391 663 436 quae
685 390 813 435 super
842 374 976 419 coelos
1005 385 1128 431 sunt,
1153 375 1336 420 laudent
1367 392 1448 420 no-

65 464 85 487 »
120 461 222 491 men
249 445 423 491 Domini
441 448 472 489 ¹.
501 463 522 487 »
552 448 610 490 Et
630 444 765 490 coelos
806 444 1020 490 coelorum
1063 446 1096 490 si
1142 446 1256 490 bene
1284 445 1447 491 intelli-

56 517 196 576 gimus
218 517 405 562 sidereos
423 517 638 562 aeriorum
650 552 661 573 ,
679 525 889 577 tanquam
911 517 1152 576 superiores
1169 516 1444 574 inferiorum,

56 597 100 632 et
115 589 193 633 hos
214 589 259 633 in
274 588 428 634 eodem
446 587 616 633 Psalmo
634 588 884 648 accipimus,
901 587 979 631 ubi
997 587 1162 632 dictum
1177 597 1240 632 est
1259 607 1267 633 ;
1288 608 1307 630 «
1332 592 1448 633 Lau-

59 676 80 700 »
116 659 216 704 date
233 675 333 704 eum
350 659 451 704 coeli
473 659 702 704 coelorum.
732 677 752 700 »
782 659 890 704 Satis
913 668 1092 718 apparet
1119 659 1238 703 hunc
1276 663 1418 703 a'e'rem
1433 696 1444 715 ,

56 745 147 775 non
167 729 309 776 solum
329 730 493 776 coelum
510 766 520 786 ,
546 730 621 775 sed
648 730 778 775 etiam
799 729 933 774 coelos
957 729 1042 774 dici
1070 749 1078 774 :
1109 730 1220 775 sicut
1240 729 1448 775 dicuntur

57 810 101 846 et
114 810 259 858 terrae,
275 817 356 846 nee
374 801 493 846 aliud
506 801 794 861 significatur,
814 817 948 862 quam
966 800 1039 846 illa
1057 818 1157 862 quae
1174 801 1448 861 singulariter

57 882 169 918 terra
190 873 372 930 dicitur,
393 873 570 934 quando
589 873 773 918 dicimus
796 873 949 919 orbem
968 882 1204 930 terrarum,
1231 883 1272 918 et
1296 873 1447 919 orbem

58 953 201 989 terrae.

63 1104 1092 1124 mmmmmmmmm-Wmmmmm'!
1097 1107 1446 1123 mmmssmm‘RAi

582 1229 799 1280 CAPUT
839 1233 908 1279 Π.

65 1370 224 1417 Coelos
246 1370 420 1419 dilavio
437 1374 660 1433 periisse,
687 1382 757 1418 est
783 1380 947 1419 caerem
977 1376 1026 1419 in
1056 1391 1196 1434 aqua?
1218 1384 1447 1420 naturam

628 1445 875 1490 transisse.

118 1581 176 1623 ΙΙ.
213 1582 302 1625 Hos
324 1580 454 1624 etiam
478 1580 614 1625 aerios
636 1580 771 1626 coelos
804 1580 1026 1642 quondam
1049 1583 1222 1642 periisse
1255 1582 1442 1637 diluvio,

58 1649 105 1695 in
130 1649 321 1710 quadam
340 1666 490 1695 earum
506 1655 545 1707 ²,
572 1668 672 1712 quae
686 1653 907 1697 canonicae
925 1652 1200 1713 appellantur
1219 1690 1230 1709 ,
1252 1653 1447 1713 Epistola

58 1719 257 1780 legimus.
294 1725 445 1782 Neque
467 1722 582 1766 enim
604 1722 783 1767 humida
811 1722 884 1768 illa
914 1733 1069 1768 natura
1087 1760 1097 1777 ,
1124 1741 1223 1784 quae
1251 1725 1309 1768 ita
1336 1740 1445 1768 con-

59 1801 272 1847 creverat,
304 1801 355 1836 ut
393 1792 549 1837 cubitis
587 1792 839 1853 quindecim
880 1792 1184 1839 altissimorum
1225 1795 1445 1839 montium

59 1861 385 1908 transcenderet
410 1863 613 1918 vertices,
643 1864 788 1923 potuit
820 1864 876 1908 ad
910 1864 1049 1909 sidera
1087 1865 1326 1925 pervenire.
1363 1865 1448 1910 Sed

59 1933 162 1994 quia
182 1934 313 1994 hujus
327 1934 433 1978 aeris
451 1933 722 1988 humidioris,
744 1933 789 1977 in
812 1950 900 1994 quo
922 1951 1019 1979 aves
1039 1936 1238 1991 volitant,
1264 1936 1330 1980 vel
1357 1945 1446 1980 tota

59 2002 125 2048 vel
162 2019 298 2063 prope
327 2012 416 2048 tota
446 2003 582 2064 spatia
620 2003 934 2064 compleverat,
960 2005 1134 2065 periisse
1167 2006 1243 2066 qui
1274 2005 1448 2050 fuerant

60 2073 193 2118 coelos
209 2074 254 2117 in
274 2073 348 2118 illa
370 2072 562 2134 Epistola
587 2074 805 2119 scribitur.
831 2075 962 2128 Quod
992 2076 1135 2121 nescio
1161 2076 1449 2137 quemadmo-

61 2143 167 2188 dum
186 2145 320 2205 possit
341 2143 545 2202 intelligi,
568 2144 650 2189 nisi
671 2145 717 2188 in
739 2161 951 2206 aquarum
975 2156 1176 2191 naturam
1206 2148 1446 2208 pinguioris

61 2215 191 2276 hujus
223 2215 329 2260 aeris
363 2214 573 2275 qualitate
605 2231 837 2260 conversa:
875 2217 1069 2278 alioquin
1102 2235 1191 2263 non
1224 2219 1449 2279 perierunt

61 2294 167 2330 tunc
194 2285 264 2330 isti
286 2285 410 2342 coeli,
438 2285 513 2330 sed
535 2285 763 2331 sublimius
787 2288 917 2332 erecti
939 2299 1056 2345 sunt,
1083 2305 1183 2334 cum
1205 2289 1352 2335 locum
1375 2307 1448 2335 eo-

61 2372 160 2401 rum
182 2372 293 2417 aqua
313 2367 613 2417 occupaverat.
629 2361 783 2418 Itaque
801 2357 968 2404 facilius
988 2377 1058 2405 eos
1073 2361 1314 2406 secundum
1333 2361 1448 2406 illius

62 2427 268 2486 Epistolae
288 2429 589 2473 auctoritatem
621 2429 796 2489 periisse
828 2429 1066 2487 credimus,
1101 2441 1143 2475 et
1174 2432 1301 2487 alios,
1340 2433 1451 2477 sicut

64 2496 123 2541 ibi
137 2497 356 2554 scribitur,
374 2499 597 2560 repositos,
610 2500 849 2545 extenuatis
864 2501 1065 2547 videlicet
1078 2503 1445 2559 exhalationibus,

116 2601 124 2617 ¹
148 2593 225 2628 Psal.
247 2605 376 2638 cxtvin,
400 2594 432 2638 4.
453 2612 495 2619 -
514 2602 528 2620 ²
546 2598 616 2630 Pet.
637 2607 669 2629 m
684 2620 694 2639 ‚
713 2596 746 2629 6.
