1854 3219
368 204 423 233 nr:
454 200 663 232 noca-nrm
693 201 948 233 camsi-mm
981 206 1064 233 Lm.
1103 207 1163 235 1v.
1379 196 1460 235 107

83 290 103 313 «
127 270 226 317 Noli
247 270 388 316 verbis
415 267 677 315 contendere
703 288 712 314 2
739 267 794 313 ad
810 268 919 313 nihil
941 270 1057 314 enim
1073 270 1181 314 utile
1197 279 1261 315 est
1278 305 1288 326 ‚
1304 271 1384 315 nisi
1407 271 1463 316 ad

81 359 103 383 n
119 340 445 387 subversionem
457 338 745 384 audientium¹
754 373 764 383 .
773 341 951 400 »Neque
961 340 1077 385 enim
1089 341 1173 385 hoc
1188 339 1288 387 ideo
1295 340 1462 387 dictum

78 421 168 468 est,
192 420 243 456 ut
275 410 526 457 adversariis
559 409 916 470 oppugnantibus
948 411 1200 467 veritatem,
1240 411 1351 456 nihil
1385 428 1465 458 nos

77 499 160 545 pro
181 483 363 529 veritate
397 481 606 527 dicamus.
631 484 689 527 Et
716 482 795 526 ubi
828 481 909 526 erit
943 481 1066 542 quod
1093 498 1195 527 cum
1218 484 1466 529 ostenderet

77 553 218 615 qualis
227 568 317 599 esse
329 553 556 613 episcopus
569 552 742 607 debeat,
757 552 814 596 ait
827 552 939 596 inter
950 562 1106 598 caetera
1121 573 1130 598 ι
1149 556 1232 599 «Ut
1245 563 1398 614 potens
1413 554 1466 598 sit

81 640 104 669 n
128 625 174 670 in
195 623 394 670 doctrina
421 639 526 669 sana
555 632 598 670 et
618 622 964 670 contradicentes
987 623 1287 683 1·edarguere².
1316 643 1336 666 »
1362 627 1467 670 Ver-

0 673 8 727 *2
77 695 146 741 bis
166 695 285 741 enim
306 695 596 753 contendere,
631 703 696 739 est
716 709 809 739 non
831 710 983 740 curare
1004 694 1227 756 quomodo
1247 711 1366 742 error
1386 711 1465 741 ve-

78 767 205 811 ritate
217 766 434 822 vincatur,
451 766 528 810 sed
540 765 762 826 quomodo
779 774 855 810 tua
867 765 1001 811 dictio
1012 765 1191 812 dictioni
1205 767 1466 827 praeferatur

77 837 269 883 alterius.
298 840 432 882 Porro
452 836 529 897 qui
551 852 642 881 non
665 836 805 882 verbis
833 836 1086 894 contendit,
1112 838 1200 883 sive
1228 838 1464 894 submisse,

76 908 166 955 sive
179 916 434 967 temperate,
450 906 539 952 sive
552 906 774 966 granditer
785 906 916 964 dicat,
932 908 977 953 id
992 908 1080 967 agit
1092 909 1236 954 verbis
1248 918 1300 954 ut
1311 908 1469 953 veritas

76 987 239 1041 pateat,
259 977 417 1024 veritas
429 976 614 1039 placeat,
634 978 791 1024 veritas
803 989 978 1025 moveat
1003 980 1238 1041 :quoniam
1260 995 1340 1024 nec
1356 980 1464 1039 ipsa,

76 1066 177 1112 quae
197 1050 405 1110 praecepti
439 1048 537 1094 finis
572 1057 616 1094 et
636 1048 867 1109 plenitudo
897 1051 1022 1109 Legis
1056 1060 1121 1096 est
1136 1051 1350 1106 charitas,
1375 1049 1469 1096 ullo

76 1121 210 1168 modo
227 1129 344 1168 recta
365 1135 456 1166 esse
485 1128 650 1180 potest,
675 1119 710 1166 si
739 1135 789 1165 ea
810 1136 911 1181 quae
933 1120 1200 1180 diliguntur,
1235 1137 1327 1167 non
1342 1137 1466 1176 vera,

9 1184 13 1235 ‘ss
77 1192 155 1239 sed
175 1190 282 1238 falsa
294 1201 412 1237 sunt.
437 1190 559 1237 Sicut
579 1199 726 1236 autem
749 1192 874 1252 cujus
895 1191 1131 1251 pulchrum
1152 1207 1310 1252 corpus
1324 1201 1368 1237 et
1389 1192 1470 1237 de-

76 1262 228 1310 formis
249 1272 315 1308 est
335 1262 506 1308 animus
520 1296 531 1317 ‚
547 1262 684 1321 magis
705 1260 924 1307 dolendus
941 1271 1029 1318 est,
1054 1278 1189 1323 quam
1210 1264 1245 1308 si
1273 1262 1470 1309 deforme

76 1334 260 1380 haberet
275 1342 320 1378 et
344 1347 502 1392 corpus
529 1351 538 1377 :
564 1332 624 1376 ita
644 1332 722 1392 qui
749 1331 1007 1392 eloquenter
1032 1347 1083 1377 ea
1103 1349 1204 1394 quae
1231 1332 1339 1378 falsa
1368 1343 1472 1379 sunt

78 1406 252 1461 dicunt,
285 1404 421 1463 magis
449 1401 684 1448 miserandi
708 1412 833 1460 sunt,
864 1418 997 1464 quam
1028 1404 1063 1448 si
1089 1403 1192 1448 talia
1215 1403 1471 1450 deformiter

13 1486 16 1539 ‘ss
79 1477 292 1523 dicerent.
325 1474 445 1530 Quid
474 1484 539 1520 est
571 1490 674 1534 ergo
705 1491 797 1520 non
823 1474 966 1520 solum
987 1474 1246 1537 eloquenter
1261 1511 1273 1532 ‚
1293 1492 1471 1522 verum-

14 1548 18 1601 Ξ
79 1549 209 1594 etiam
240 1547 455 1608 sapienter
493 1545 662 1602 dicere,
700 1546 783 1591 nisi
812 1547 946 1592 verba
983 1547 1031 1592 in
1063 1547 1278 1593 submisso
1312 1564 1472 1608 genere

78 1618 360 1674 sufficientia,
389 1618 436 1663 in
461 1626 704 1678 temperato
735 1617 1008 1678 splendentia
1024 1654 1035 1674 ‚
1068 1619 1114 1663 in
1146 1619 1300 1678 grandi
1335 1621 1470 1665 vehe-

17 1684 19 1702 ¹
78 1690 257 1745 mentia,
271 1688 385 1735 veris
397 1698 544 1735 tamen
562 1688 708 1744 rebus,
725 1704 833 1749 quas
847 1688 988 1734 audiri
1000 1699 1214 1750 oporteat,
1232 1689 1470 1737 adhibere?

17 1802 20 1818 ‚
82 1761 167 1808 Sed
187 1762 266 1822 qui
287 1769 526 1821 utrumque
547 1775 638 1805 non
658 1769 803 1820 potest
816 1795 828 1815 ,
853 1759 970 1806 dicat
997 1761 1215 1821 sapienter
1235 1761 1358 1823 quod
1379 1777 1470 1807 non

18 1870 21 1891 ·,
80 1831 186 1878 dicit
215 1831 472 1893 eloquenter
485 1866 498 1886 ‚
522 1831 668 1891 potius
688 1847 822 1892 quarn
841 1830 959 1877 dicat
979 1831 1238 1893 eloquenter
1255 1832 1376 1894 quod
1398 1833 1470 1878 di-

17 1941 23 1946 .
79 1903 142 1949 cit
171 1902 441 1963 insipienter.
465 1901 507 1948 Si
529 1911 676 1947 autem
695 1917 751 1947 ne
773 1903 858 1947 hoc
874 1903 1056 1964 quidem
1083 1912 1227 1964 potest
1241 1939 1252 1959 ‚
1276 1904 1336 1949 ita
1360 1920 1470 1949 con-

19 2030 21 2034 ·
79 1983 275 2021 versetur
286 2008 298 2030 ‚
313 1983 364 2019 ut
375 1989 466 2020 non
477 1972 620 2020 solum
632 1973 716 2019 sibi
732 1974 962 2035 praemium
978 1984 1201 2036 comparet
1214 2011 1226 2032 ‚
1247 1975 1323 2020 sed
1339 1977 1471 2021 etiam

19 2037 23 2057 s
80 2045 276 2108 praebeat
301 2044 395 2091 aliis
422 2045 672 2107 exemplum
687 2081 699 2104 ‚
725 2056 770 2093 et
799 2047 855 2093 sit
883 2048 975 2109 ejus
996 2048 1119 2110 quasi
1151 2048 1275 2109 copia
1297 2047 1470 2094 dicendi

21 2148 24 2163 .
82 2114 224 2163 forma
243 2114 436 2163 vivendi.

130 2220 141 2238 ¹
162 2221 182 2248 2
200 2213 281 2248 Tim.
297 2224 339 2256 n,
359 2210 411 2257 14.
433 2229 475 2238 —
491 2211 580 2248 ²Tit.
597 2223 622 2257 1,
636 2224 671 2256 9.
