1854 3219
392 174 475 212 302
796 179 830 208 s.
867 178 1099 210 Aueusnm
1131 182 1312 210 EPISCOPI

388 258 439 293 ut
457 245 624 307 aliquid
647 249 761 291 Deus
779 244 929 290 feeerit
950 246 1042 291 sinc
1063 246 1154 302 die,
1179 247 1298 306 prius
1313 259 1446 305 quam
1465 242 1773 299 faceretdiem,

387 336 473 380 qua
498 318 665 362 ratione
685 317 729 361 id
743 318 877 377 possit
897 318 1054 378 accipi,
1068 333 1147 362 suo
1160 317 1257 362 loco
1277 316 1365 360 dixi
1378 351 1388 371 ‚
1407 314 1528 376 quod
1540 314 1778 360 dicendum

387 389 560 449 putavi,
591 387 702 432 nulli
730 387 1025 433 intercludens
1054 388 1206 433 melius
1237 385 1508 445 intelligendi
1539 385 1774 431 licentiam.
1800 442 1803 444 q

386 462 513 505 Nunc
547 467 719 503 autem:
751 478 771 500 «
796 458 877 502 Hic
905 468 989 515 est,
1014 459 1179 520 inquit,
1211 458 1320 502 liber
1358 467 1569 502 creaturae
1602 456 1704 502 coeli
1736 466 1781 501 et

390 548 411 571 »
450 539 574 574 terrie
588 565 599 584 ‚
615 544 717 573 eum
734 529 875 573 factus
889 537 952 573 cst
965 529 1080 574 dies:
1104 548 1124 571 n
1144 529 1243 574 satis
1257 564 1267 584 ‚
1286 538 1336 573 ut
1354 529 1530 588 opinor,
1546 527 1780 573 ostendens

386 616 476 645 non
498 601 570 645 hic
597 615 641 644 se
670 599 729 644 ita
751 614 1110 644 commemorasse
1143 598 1308 644 coelum
1337 608 1381 643 et
1402 609 1584 654 terram,
1606 599 1717 642 sicut
1736 599 1782 642 in

386 672 600 732 principio
623 681 860 732 antequam
882 672 1005 716 fieret
1024 671 1131 727 dies,
1155 686 1258 715 cum
1280 671 1473 715 tenebrae
1495 679 1637 715 essent
1653 685 1783 729 super
1849 690 1850 695 ¹

390 744 598 801 abyssum
616 766 627 800 —‚
647 742 724 786 sed
749 741 972 804 quomodo
996 741 1161 787 factum
1185 752 1249 786 est
1271 741 1437 786 coelum
1459 750 1503 784 et
1525 750 1654 796 terra,
1680 755 1783 785 cum
1848 757 1850 804 f

387 814 528 859 faetus
551 824 614 859 est
635 813 743 869 dics,
771 814 816 858 id
845 823 924 869 est,
946 816 1038 875 jam
1061 813 1259 858 formatis
1286 822 1417 873 atque
1444 811 1656 856 distinctis
1679 827 1781 871 par-

388 887 506 932 tibus
526 897 569 932 et
587 886 820 947 generibus
842 901 1005 941 rerum7
1023 886 1184 946 quibus
1206 885 1405 929 universa
1426 892 1621 927 creatura
1636 882 1782 943 dispo-

389 958 470 1002 sita
501 967 631 1019 atque
660 957 897 1018 composita
926 955 1068 1001 reddit
1096 956 1210 1001 hanc
1237 956 1445 1016 speciem,
1471 971 1571 1016 quae
1593 953 1784 999 mundus

390 1040 586 1075 vocatur.

451 1105 510 1145 ΙΙ.
552 1100 670 1145 Illud
705 1100 775 1144 hic
805 1115 908 1159 ergo
939 1099 1104 1144 coelum
1138 1107 1530 1143 commemoratum
1553 1107 1639 1154 est,
1664 1095 1786 1159 quod

392 1187 493 1216 cum
526 1179 711 1215 creasset
734 1174 871 1225 Deus,
888 1171 1215 1214 firmamentum
1235 1170 1428 1224 vocavit,
1454 1184 1555 1213 cum
1583 1168 1787 1213 omnibus

391 1258 491 1302 quae
514 1242 559 1285 in
583 1240 657 1285 ilio
679 1250 809 1299 sunt3
835 1250 879 1284 et
898 1256 947 1284 ea
970 1249 1100 1295 terra,
1126 1256 1226 1300 quse
1245 1255 1347 1284 cum
1370 1239 1526 1296 abysso
1546 1239 1683 1282 imum
1707 1239 1788 1283 ob-
1812 1284 1819 1287 ,

392 1311 505 1355 tinet
518 1310 683 1365 locum,
699 1326 801 1355 cum
819 1309 1023 1354 omnibus
1046 1324 1145 1369 quae
1168 1309 1214 1352 in
1236 1324 1285 1353 ea
1307 1317 1424 1353 sunt.
1446 1309 1651 1369 Sequitur
1671 1308 1788 1352 enim

391 1390 436 1425 et
458 1381 682 1442 adjungit:
711 1400 731 1423 «
754 1381 878 1426 Fecit.
899 1384 1013 1425 Deus
1035 1379 1199 1424 coelum
1223 1389 1266 1424 ct
1288 1389 1475 1436 terram3
1499 1398 1519 1420 »
1552 1389 1602 1424 ut
1623 1379 1725 1424 coeli
1746 1388 1789 1423 et

392 1462 520 1497 terrae
553 1452 731 1497 nomine
754 1460 798 1495 et
819 1451 1043 1511 praemisso
1065 1460 1302 1511 antequam
1334 1450 1499 1495 sactum
1527 1450 1643 1495 diem
1665 1465 1788 1495 com-

392 1533 672 1579 memoraret,
698 1532 742 1567 et
760 1523 961 1583 repetitio
984 1519 1377 1578 commemorasset,
1402 1538 1493 1567 non
1515 1523 1625 1567 sinat
1647 1522 1789 1582 suspi-

394 1597 505 1652 cari,
529 1597 589 1640 ita
623 1612 666 1640 se
701 1610 821 1639 nunc
848 1595 1013 1639 coelum
1045 1604 1089 1639 et
1118 1604 1277 1638 terram
1309 1594 1577 1650 nominasse,
1605 1595 1717 1639 sicut
1745 1595 1791 1638 in

393 1667 609 1728 principio
648 1675 885 1726 antequam
918 1675 1028 1710 esset
1061 1674 1228 1710 creatus
1263 1664 1369 1709 dies.
1408 1666 1476 1710 Sic
1510 1665 1626 1709 enim
1659 1665 1792 1710 verba

394 1740 650 1785 contexuit:
679 1758 700 1782 «
727 1739 808 1784 Hic
835 1748 900 1783 est
931 1738 1041 1782 liber
1072 1747 1283 1783 creaturae
1313 1737 1415 1782 coeli
1448 1746 1492 1782 et
1517 1747 1665 1794 terrae,
1690 1753 1790 1782 cum

398 1829 419 1853 a)
455 1810 595 1856 sactus
626 1819 691 1854 est
717 1809 831 1864 dies,
858 1808 960 1853 fecit
988 1813 1103 1853 Deus
1133 1808 1297 1854 coelum
1329 1817 1373 1853 et
1403 1818 1591 1854 terram:
1629 1827 1650 1850 »
1686 1817 1737 1853 ut
1757 1808 1807 1852 si

394 1882 629 1943 quisquam
651 1881 757 1926 velit
787 1881 847 1925 sic
869 1879 1112 1939 intelligere
1129 1880 1250 1941 quod
1272 1880 1467 1940 superius
1489 1880 1681 1940 positum
1703 1888 1789 1924 est:

399 1972 421 1995 «
456 1953 587 1997 Liber
616 1961 827 1998 creaturae
857 1949 959 1996 coeli
980 1959 1025 1995 ct
1055 1959 1204 2006 terrae,
1237 1968 1258 1992 n
1285 1950 1662 2012 quemadmodum
1699 1950 1793 1996 dic-

395 2033 493 2068 tum
516 2033 604 2069 est:
643 2043 664 2066 «
700 2026 752 2067 In
782 2022 996 2083 principio
1027 2021 1131 2066 feeit
1161 2025 1277 2067 Deus
1307 2022 1471 2067 coelum
1493 2030 1537 2067 et
1557 2031 1739 2077 terram,
1767 2039 1788 2062 »

396 2096 515 2156 prius
538 2111 672 2156 quam
695 2093 905 2140 conderet
927 2093 1066 2149 diem,
1087 2094 1190 2155 quia
1211 2093 1332 2153 prius
1358 2102 1401 2137 et
1422 2093 1493 2138 hie
1521 2107 1791 2138 commemo-

395 2176 487 2211 rata
520 2176 623 2211 sunt
654 2166 819 2210 coelum
852 2174 896 2209 et
928 2173 1066 2220 terra,
1102 2173 1147 2209 et
1179 2174 1329 2224 postea
1366 2163 1508 2209 factus
1541 2163 1661 2222 dies3
1691 2179 1791 2208 cor-

396 2239 562 2297 rigatur
590 2237 960 2298 subsequentibus
988 2236 1158 2282 verbis:
1191 2236 1294 2297 quia
1327 2244 1370 2280 et
1394 2245 1491 2296 post
1521 2251 1790 2281 commemo-

397 2317 543 2353 ratum
560 2308 726 2354 factum
744 2308 861 2353 diem
874 2323 1022 2352 rursus
1035 2307 1138 2352 coeli
1155 2316 1198 2352 et
1213 2317 1340 2352 terrae
1354 2322 1517 2352 nomen
1531 2306 1599 2368 adj
1606 2315 1791 2352 unctum

397 2389 476 2425 est.

458 2453 540 2496 ΙΙΙ.
568 2453 831 2512 Quanquam
856 2458 899 2493 et
928 2450 1012 2494 hoc
1034 2449 1155 2510 quod
1176 2449 1366 2510 positum
1398 2456 1483 2505 est,
1513 2468 1534 2492 «
1554 2463 1677 2503 cum,
1700 2466 1721 2489 »
1747 2456 1790 2492 et

399 2523 460 2567 sic
483 2522 760 2579 adjtinctum‚
789 2541 809 2564 «
830 2520 969 2566 factus
986 2530 1049 2566 est
1071 2520 1185 2576 dies,
1214 2538 1234 2562 »
1259 2520 1396 2565 cuivis
1413 2520 1687 2565 contentioso
1710 2535 1787 2563 ex-
