1854 3219
358 211 411 237 DE
443 210 592 238 GENEst
625 209 679 237 An
712 210 954 250 LITTERAM,
990 213 1071 239 Lm.
1107 213 1202 239 v111.
1387 199 1469 241 437

94 276 185 335 ipse
196 276 352 320 animae
367 285 514 330 nutus,
534 276 604 319 cui
617 276 810 319 membra
824 277 1088 333 deserviunt,
1104 287 1154 322 ut
1165 277 1285 338 quod
1299 278 1471 338 placue-

96 346 153 390 rit
170 347 343 406 figatur‚
369 345 486 391 unde
509 345 555 390 id
575 345 696 407 quod
721 347 988 392 movendum
1017 357 1080 392 est
1106 349 1343 406 innitatur3
1367 365 1470 394 cum

96 417 238 461 anima
257 433 348 461 non
371 417 423 461 sit
450 425 603 460 natura
626 431 856 476 corporea,
890 433 969 462 nec
995 417 1121 462 locali
1143 420 1280 478 spatio
1309 436 1465 480 corpus

93 487 294 546 impleat,
319 488 430 532 sicut
450 503 562 548 aqua
578 496 721 531 utrem
747 488 836 532 sive
865 490 1112 548 spongiam3
1143 489 1218 534 sed
1240 491 1355 535 miris
1378 507 1470 537 mo-

94 557 159 602 dis
171 558 264 617 ipso
280 559 535 619 incorporeo
557 567 670 602 nutu
684 559 915 603 commixta
929 559 982 603 sit
997 559 1258 605 vivificando
1275 564 1462 621 corpori,

94 644 182 688 quo
205 637 248 673 et
269 629 454 688 imperat
479 630 674 689 corpori,
694 629 884 689 quadam
906 630 1147 675 intentione
1164 666 1176 686 ‚
1204 647 1292 676 non
1315 632 1429 676 mole
1457 652 1466 677 :

92 708 259 759 quanto
286 700 447 758 magis7
478 699 684 760 inquam⁷
710 708 844 743 nutus
870 701 961 759 ipse
993 701 1228 746 voluntatis
1257 704 1350 762 ejus
1380 719 1470 747 non

92 785 170 830 per
181 768 330 814 locum
346 780 560 826 movetur,
581 779 630 813 ut
648 786 805 831 corpus
822 786 899 831 per
915 770 1062 816 locum
1079 781 1251 818 moveat
1262 808 1272 828 ‚
1294 773 1472 834 quando

91 853 234 888 totum
253 859 331 903 per
350 852 493 903 partes
516 851 682 898 movet,
709 858 788 888 nec
810 842 976 904 aliquas
996 842 1094 890 loco
1123 854 1268 890 movet
1292 844 1372 896 nisi
1394 860 1472 905 per

92 913 209 970 illas,
233 929 340 974 quas
359 913 457 959 loco
479 930 570 960 non
589 923 750 959 movet.

90 1069 840 1089 M¹VWNWWUWWWQWW
844 1071 911 1088 m
915 1071 1124 1089 mmm
1128 1072 1195 1088 m}
1200 1072 1266 1088 ΝΜ
1271 1072 1337 1088 MS
1341 1071 1406 1088 §W
1413 1072 1478 1089 vm}

574 1194 788 1245 CAPUT
823 1197 971 1245 XXII
979 1207 991 1236 -·

225 1338 479 1400 Quomodo
499 1338 635 1386 Deus
657 1351 868 1397 moveat,
893 1339 1136 1401 quomodo
1158 1343 1343 1387 anima.

145 1477 308 1521 XLIII.
344 1478 472 1530 Quon
487 1477 523 1521 si
544 1475 785 1536 intelligere
810 1476 990 1522 difficile
1008 1487 1071 1522 est
1085 1513 1096 1534 ,
1121 1487 1360 1539 utrumque
1377 1495 1476 1525 cre-

89 1548 242 1604 datur,
272 1557 317 1592 et
348 1547 470 1609 quod
499 1558 698 1593 creatura
724 1549 925 1609 spiritalis
953 1565 1043 1594 non
1073 1565 1150 1610 per
1178 1550 1327 1595 locum
1357 1561 1476 1596 mota

87 1628 261 1665 moveat
281 1634 439 1679 corpus
455 1634 533 1679 per
554 1619 700 1664 locum
713 1655 724 1675 ‚
745 1628 789 1663 et
809 1620 931 1680 quod
952 1622 1066 1664 Deus
1089 1636 1179 1665 non
1204 1636 1283 1682 per
1304 1631 1476 1682 tempus

85 1699 424 1747 motuslmoveat
445 1698 692 1734 creaturam
713 1689 950 1749 spiritalem
974 1705 1051 1750 per
1077 1699 1264 1750 tempus.
1291 1692 1422 1745 Quod
1444 1694 1479 1737 si

88 1761 144 1806 de
171 1761 314 1806 anima
344 1760 529 1821 quisque
557 1776 649 1805 non
677 1760 772 1805 vult
798 1762 883 1805 hoc
911 1760 1110 1817 credere,
1140 1761 1263 1822 quod
1293 1763 1475 1823 quidem

88 1832 178 1876 sine
199 1830 337 1876 dubio
355 1847 446 1876 non
475 1830 616 1876 solum
641 1831 860 1886 crederet,
885 1832 1172 1876 verumetiam
1189 1832 1472 1891 intelligeret,

88 1902 123 1947 si
144 1917 239 1946 eam
260 1911 420 1962 posset,
445 1902 573 1947 sicuti
596 1910 681 1957 est,
706 1901 1009 1962 incorpoream
1026 1903 1232 1961 cogitare.
1254 1904 1337 1948 Cui
1359 1905 1477 1949 enim

89 1988 179 2018 non
199 1972 327 2018 facile
349 1981 567 2028 occurrat,
591 1972 716 2033 quod
734 1987 810 2032 per
829 1971 978 2017 locum
995 1988 1085 2017 non
1106 1982 1332 2018 moveatur
1354 1974 1476 2035 quod

90 2044 276 2106 perloci
296 2045 434 2105 spatia
458 2060 548 2089 non
572 2043 860 2089 distenditur?
882 2044 1109 2106 Quidquid
1130 2054 1276 2089 autem
1292 2061 1369 2106 per
1390 2046 1472 2091 loci

88 2116 226 2175 spatia
247 2115 513 2160 distenditur
534 2131 691 2175 corpus
713 2124 791 2160 est.
818 2118 880 2160 Ac
898 2131 974 2175 per
991 2116 1075 2160 hoc
1098 2132 1365 2177 consequens
1386 2127 1472 2173 est,

89 2195 139 2243 ut
159 2187 303 2230 anima
326 2202 404 2246 per
428 2186 576 2231 locum
604 2187 769 2231 moveri
790 2202 880 2231 non
902 2196 1103 2246 putetur,
1131 2188 1165 2232 si
1199 2203 1356 2248 corpus
1384 2205 1474 2233 non

89 2271 178 2301 esse
199 2256 416 2300 credatur.
456 2257 541 2302 Sed
563 2265 613 2300 ut
635 2256 777 2301 dicere
799 2272 1017 2316 coeperam
1032 2292 1042 2312 ,
1076 2258 1109 2301 si
1141 2257 1196 2302 de
1224 2259 1366 2303 anima
1389 2259 1474 2303 hoc

88 2326 273 2387 quisque
294 2342 384 2376 non
403 2326 500 2372 vult
521 2327 697 2371 credere
711 2362 721 2382 ,
747 2343 836 2371 non
858 2328 985 2371 nimis
1008 2328 1230 2387 urgendus
1251 2339 1327 2374 est.
1361 2330 1475 2375 Sul)-

90 2397 293 2442 stantiam
314 2413 417 2442 vero
440 2398 518 2442 Dei
541 2398 621 2442 nisi
648 2398 796 2443 credat
817 2415 896 2443 nec
914 2408 1185 2459 pertempus
1207 2416 1288 2444 nec
1309 2416 1386 2460 per
1406 2401 1473 2446 lo-

91 2483 192 2513 cum
209 2469 394 2525 moveri,
419 2468 617 2514 nondum
635 2469 826 2529 perfecte
849 2470 1253 2516 incommutabilem
1279 2471 1430 2515 credit.
