1854 3219
359 182 442 220 182
809 190 842 217 S.
881 190 1108 218 AUGUSTINI
1142 193 1323 219 Emscom

354 267 471 302 tcrca
495 272 583 300 non
607 256 664 299 ita
688 254 790 299 fet-it
807 290 818 309 ,
839 256 1045 315 quoniam
1066 272 1087 299 a
1102 255 1285 301 formata
1304 273 1349 301 re
1366 256 1521 303 adhoc
1544 258 1746 305 distincta

355 338 419 373 cst
446 327 518 372 illa
551 325 822 382 informitas,
855 336 904 370 ut
942 344 1031 371 non
1060 327 1105 372 in
1133 345 1182 372 ca
1211 329 1308 373 sinis
1341 339 1470 385 essct,
1508 329 1585 374 scd
1605 329 1747 376 adhuc

352 398 584 446 formanda
614 406 792 442 restaret
823 413 900 458 per
922 408 1139 444 creaturas
1172 408 1347 444 caeteras
1372 402 1463 462 jam
1485 402 1743 461 corporales.

352 475 508 532 Itaque
529 470 563 515 si
586 479 871 531 posteaquam
889 469 1092 515 distincta
1112 479 1253 515 essent
1278 470 1350 515 illa
1369 470 1580 517 divisione
1602 481 1645 517 et
1666 488 1747 518 vo-

351 542 544 599 cabulis,
569 551 676 586 tunc
699 540 943 586 diceretur:
973 560 991 582 «
1013 540 1136 587 Vidit
1160 545 1274 586 Deus
1291 542 1393 602 quia
1415 542 1583 587 bonum
1606 552 1695 602 est,
1725 563 1743 586 »

349 616 444 662 haec
466 613 579 660 facta
605 614 898 674 acciperemus
926 613 1181 673 significari,
1207 614 1366 675 quibus
1381 615 1473 675 jam
1495 614 1539 659 in
1562 631 1641 660 suo
1669 630 1747 676 ge-

349 702 454 733 nere
481 685 592 731 nihil
621 694 729 730 esset
762 683 1030 729 addendum.
1074 685 1185 738 Quia
1213 700 1316 730 vero
1348 684 1491 730 lucem
1523 685 1659 731 solam
1687 687 1747 732 ita

345 757 619 820 perfecerat,
646 776 666 799 «
688 754 810 801 Vidit
831 758 967 812 Deus,
983 755 1149 817 inquit,
1170 755 1337 812 lucem,
1358 757 1461 816 quia
1482 756 1599 801 bona
1621 765 1700 813 est,
1723 776 1743 799 »

347 839 391 874 et
411 828 623 874 divisione
646 843 695 872 ac
709 827 960 872 nominibus
977 826 1182 872 discrevit
1199 844 1223 872 a
1240 827 1444 871 tenebris.
1470 830 1623 888 Neque
1640 836 1746 874 tunc

347 901 457 947 dixit
477 920 484 947 t
515 920 534 944 «
559 899 681 945 Vidit
703 902 818 944 Deus
841 900 942 960 quia
965 899 1133 944 bonum
1157 908 1246 956 est,
1275 917 1294 940 »
1317 898 1373 943 ad
1399 900 1483 943 hoc
1506 899 1624 943 enim
1656 909 1748 944 crat

345 972 590 1017 informitas
613 971 687 1015 illa
710 971 892 1016 discreta
907 1007 917 1026 ,
950 980 1001 1015 ut
1024 970 1169 1015 adhuc
1195 970 1297 1014 inde
1327 969 1410 1014 alia
1427 969 1741 1015 formarentur.

344 1047 544 1105 Namque
566 1043 646 1087 ista
664 1059 765 1098 nox,
782 1059 881 1104 quae
896 1042 1023 1087 nobis
1041 1042 1262 1086 notissima
1275 1051 1354 1097 est,
1372 1041 1501 1100 (facit
1518 1041 1634 1085 enim
1650 1057 1746 1086 cam

344 1131 475 1176 super
498 1124 630 1159 terras
653 1113 753 1158 solis
774 1114 980 1158 circuitus
998 1116 1036 1172 ,)
1059 1112 1239 1174 quando
1257 1128 1334 1173 per
1351 1112 1637 1156 luminarium
1660 1111 1746 1157 dis-

343 1188 634 1232 tributionem
653 1203 676 1231 a
695 1185 765 1229 die
787 1184 1014 1241 dividitur,
1033 1194 1133 1245 post
1154 1185 1290 1244 ipsam
1317 1183 1576 1228 divisionem
1593 1183 1679 1228 diei
1703 1194 1746 1229 et

342 1259 483 1305 noctis
506 1258 691 1303 dicitur:
723 1276 743 1300 «
769 1256 887 1301 Vidit
913 1260 1028 1301 Deus
1050 1256 1152 1316 quia
1175 1255 1345 1299 bonum
1367 1262 1445 1298 est.
1471 1272 1490 1295 η
1512 1257 1610 1298 Non
1629 1255 1746 1298 enim

339 1331 436 1376 haec
459 1345 548 1374 nox
572 1329 770 1374 informis
794 1327 940 1389 aliqua
954 1326 1196 1371 substantia
1214 1335 1305 1369 erat
1321 1361 1331 1381 ,
1358 1323 1477 1369 unde
1499 1323 1643 1369 adhuc
1661 1324 1744 1370 alia

339 1403 652 1456 formarentur,
670 1400 747 1446 sed
764 1400 953 1460 spatium
971 1398 1056 1443 loci
1071 1397 1253 1458 plenum
1268 1400 1365 1440 aere
1377 1432 1388 1452 ,
1409 1412 1559 1440 carens
1574 1395 1742 1441 lumine

339 1473 498 1519 diurno
513 1509 523 1529 ,
552 1472 623 1517 cui
642 1472 795 1532 utique
818 1470 937 1515 nocti
955 1471 1047 1530 jam
1070 1468 1180 1513 nihil
1202 1467 1456 1512 addendum
1479 1477 1589 1512 essct
1605 1468 1653 1511 in
1671 1483 1743 1527 ge-

341 1561 445 1591 nere
477 1561 578 1601 suo,
614 1560 703 1605 quo
739 1551 848 1587 esset
875 1542 1110 1602 speciosior
1140 1541 1227 1585 sive
1260 1540 1518 1585 distinctior.
1551 1542 1742 1599 Vespera

342 1625 490 1664 autem
518 1617 564 1660 in
592 1625 686 1660 toto
718 1614 793 1659 illo
817 1613 963 1659 triduo
982 1649 992 1669 ,
1030 1621 1266 1674 antequam
1294 1613 1450 1656 fierent
1479 1611 1737 1667 luminaria,

339 1687 630 1735 consummati
653 1686 793 1747 operis
816 1685 1027 1730 terminus
1048 1700 1139 1729 non
1163 1682 1351 1727 absurde
1376 1681 1555 1726 fortasse
1577 1681 1741 1726 intelli-

341 1762 480 1822 gitur,
496 1775 624 1804 mane
634 1774 754 1813 vero,
772 1767 983 1818 tanquam
1002 1755 1162 1800 futurae
1179 1754 1444 1815 operationis
1462 1753 1734 1813 significatio.

339 1915 989 1936 mmmmmwwwmn
995 1911 1734 1929 wmwmwummmmmmu

805 2035 1024 2086 CAPUT
1070 2036 1261 2084 XVIII.

701 2181 957 2249 Quomodo
974 2181 1108 2227 Deus
1131 2189 1374 2242 operatur.

388 2325 595 2369 XXXVI.
617 2324 700 2367 SED
719 2330 818 2366 ante
834 2320 979 2365 omnia
996 2317 1336 2371 meminerimus,
1354 2314 1471 2359 unde
1481 2315 1572 2375 jam
1592 2313 1731 2359 multa

331 2396 542 2450 diximus,
576 2410 666 2439 non
695 2391 1010 2453 temporalibus
1033 2390 1156 2450 quasi
1178 2388 1311 2432 animi
1341 2387 1407 2431 sui
1438 2395 1515 2430 aut
1538 2387 1730 2446 corporis

329 2468 521 2512 motibus
544 2466 712 2526 operari
733 2469 893 2518 Deum,
915 2463 1025 2507 sicut
1047 2469 1251 2521 operatur
1264 2460 1398 2503 homo
1420 2457 1489 2501 vel
1508 2457 1724 2516 Angelus,

328 2538 404 2584 sed
427 2538 598 2583 [eternis
622 2546 752 2597 atquc
770 2531 1204 2580 incommutabilibus
1228 2540 1270 2575 et
1287 2528 1518 2574 stabilibus
1541 2528 1724 2572 rationi-
