1854 3219
375 157 461 196 356
820 169 852 196 s.
891 171 1119 199 Atous'rim
1154 173 1332 200 EPISCOPI

374 320 1763 343 ΜΜΜΜΜΜΜΜΝΝΜΛΝἋΜΜΜΛΜΊΜΜΜΜΜΊΜΜΜΜΜ

870 446 1086 498 CAPUT
1125 450 1256 497 XIV.

369 601 605 648 Rationes
626 601 849 650 causales
872 602 1050 650 mando
1070 606 1280 666 primam
1309 604 1474 651 indicte
1491 642 1502 662 ,
1527 607 1663 669 cujas
1681 622 1767 668 ge·-

892 674 1236 737 nerz'sficerc'nt.

430 811 569 855 XXV.
607 812 758 865 Qnffim
792 822 938 857 autem
971 813 1126 857 merito
1159 821 1327 873 potest,
1359 813 1550 858 causales
1581 812 1666 857 illae
1698 829 1768 858 ra-

372 882 526 938 tiones,
552 898 659 943 quas
692 883 859 928 mundo
890 883 1066 938 indidit,
1099 899 1201 928 cum
1232 884 1424 943 primum
1462 884 1590 928 simul
1624 884 1770 929 onmia

370 954 555 1010 creavit,
581 954 806 1015 quomodo
833 956 918 1000 sint
941 955 1154 1000 institutae
1182 975 1190 1000 :
1212 965 1361 1000 utrum
1386 965 1456 1011 ut,
1477 955 1769 1017 quemadmo-

369 1026 476 1070 dum
502 1027 700 1072 vidcmus
734 1037 892 1072 cuncta
921 1028 1144 1072 nascentia
1174 1026 1242 1072 vel
1267 1028 1476 1072 fruticum
1505 1027 1572 1072 vel
1604 1028 1770 1073 anima-

370 1099 479 1142 lium
503 1099 549 1143 in
571 1100 656 1144 suis
680 1099 1101 1144 conformationibus
1126 1109 1257 1160 atque
1272 1100 1568 1155 incrementis,
1590 1115 1666 1143 sua
1688 1116 1768 1159 pro

369 1170 619 1215 diversitate
643 1186 852 1230 generum
874 1171 1041 1216 diversa
1060 1171 1196 1230 spatia
1214 1181 1472 1231 peragerent
1494 1173 1770 1231 temporum?

371 1242 442 1285 An
474 1251 549 1296 ut,
583 1240 960 1301 quemadmodum
993 1241 1185 1286 creditur
1214 1240 1354 1285 sactus
1387 1240 1526 1285 Adam
1555 1241 1646 1285 sine
1676 1241 1769 1286 ullo

372 1327 601 1373 progressu
629 1314 1003 1358 incrementorum
1027 1313 1140 1358 virili
1169 1322 1319 1368 aetate,
1352 1313 1564 1358 continuo
1589 1311 1767 1357 confor-

372 1386 622 1428 marentur?
640 1384 725 1429 Sed
738 1401 815 1429 cur
830 1401 920 1430 non
938 1395 1177 1445 utrumque
1198 1383 1293 1428 illas
1315 1383 1531 1428 credimus
1546 1383 1765 1439 habuisse⁷

371 1465 421 1500 ut
443 1457 526 1501 hoc
556 1472 606 1500 ex
637 1456 696 1500 eis
718 1455 919 1501 futurum
953 1467 1077 1513 esset,
1110 1457 1230 1517 quod
1260 1454 1413 1500 factori
1443 1454 1699 1515 placuisset?
1725 1456 1769 1501 Si

372 1527 486 1571 enim
520 1526 596 1571 illo
628 1526 760 1571 modo
790 1527 1043 1580 dixerimus,
1076 1527 1253 1587 incipiet
1283 1536 1433 1571 contra
1464 1527 1574 1586 ipsas
1602 1525 1768 1571 factum

375 1597 533 1653 videri,
553 1614 643 1643 non
665 1597 806 1641 solum
827 1598 957 1642 etiam
982 1598 1090 1642 illud
1113 1597 1168 1642 de
1187 1614 1298 1658 aqua
1321 1598 1489 1653 vinum,
1511 1597 1588 1642 sed
1609 1607 1653 1642 et
1674 1613 1770 1642 om-

374 1670 446 1713 nia
469 1669 675 1714 miracula
702 1685 801 1729 quae
830 1678 983 1713 contra
1006 1678 1173 1713 naturae
1195 1669 1405 1713 usitatum
1433 1684 1608 1713 cursum
1637 1669 1766 1713 flunt.

377 1742 421 1787 Si
439 1751 585 1785 autem
607 1740 689 1785 isto
709 1740 857 1795 modo7
875 1739 1016 1784 multo
1033 1740 1115 1784 erit
1135 1739 1363 1784 absurdius
1381 1740 1491 1799 ipsas
1508 1740 1606 1784 istas
1628 1740 1770 1800 quoti-

375 1812 526 1856 dianas
559 1821 728 1856 naturae
762 1810 924 1856 formas
956 1820 999 1856 et
1029 1811 1191 1871 species
1223 1821 1375 1856 contra
1413 1810 1509 1855 illas
1545 1811 1770 1871 primarias

377 1883 573 1927 omnium
598 1882 871 1927 nascentium
891 1881 1081 1926 causales
1105 1881 1291 1926 rationes
1318 1896 1499 1926 suorum
1522 1890 1771 1941 temporum

376 1969 585 2014 peragere
603 1953 754 2013 spatia.
781 1956 932 1997 Restat
948 1967 1051 2011 ergo
1073 1962 1122 1997 ut
1145 1951 1200 1996 ad
1227 1942 1464 2013 utrumc‘j'ue
1483 1951 1667 1997 modum
1689 1952 1771 1996 ha-

378 2025 490 2070 biles
517 2034 673 2070 creatae
705 2025 817 2080 sint,
857 2024 945 2069 sive
984 2023 1039 2068 ad
1070 2024 1201 2068 istum
1230 2039 1319 2085 quo
1352 2023 1627 2068 usitatissime
1660 2033 1773 2068 tem-

377 2095 544 2156 poralia
568 2104 886 2151 transcurrunt,
913 2094 1000 2139 sive
1025 2093 1081 2138 ad
1104 2093 1228 2139 illum
1256 2110 1346 2154 quo
1370 2110 1463 2139 rara
1485 2103 1529 2139 et
1556 2093 1772 2139 mirabilia

382 2168 511 2223 fiunt,
537 2167 648 2213 sicut
674 2171 764 2212 Deo
791 2164 932 2212 facere
953 2165 1167 2227 placuerit
1188 2164 1310 2226 quod
1333 2164 1516 2226 tempori
1539 2174 1767 2225 congruat.
