1854 3219
391 166 474 204 318
831 171 865 200 s.
901 170 1132 200 AUGUSTIM
1156 171 1337 198 EPIScom

391 242 516 302 cujus
545 241 705 296 ignotae
729 253 777 282 ac
801 237 1052 298 longinquse
1074 237 1208 296 partis
1229 233 1383 279 mundi
1406 235 1528 296 aquis
1550 245 1593 280 et
1614 236 1780 295 pruinis

387 310 670 370 hyemalibus
699 308 989 353 anniversaria
1018 307 1209 352 creditur
1245 308 1513 350 incrementa
1550 305 1776 366 colligere3

387 380 496 442 quid
519 379 574 424 de
597 380 759 425 Oceani
789 378 964 423 alternis
987 378 1184 433 aestibus,
1207 376 1315 438 quid
1337 376 1391 421 de
1420 376 1685 438 quibusdam
1711 376 1779 421 lit-

388 452 578 507 toribus,
605 467 704 512 quae
729 450 813 493 late
836 448 1059 493 nudantur
1082 449 1291 493 fluctibus
1309 485 1319 504 ‚
1358 449 1632 509 vicissimque
1671 463 1779 508 ope-

388 524 585 577 riuntur⁷
618 521 702 565 dici
740 522 910 581 potest?
947 522 1003 563 Ut
1035 521 1231 564 omittam
1259 520 1382 579 quod
1403 520 1457 564 de
1485 519 1781 580 quorumdam

388 594 580 639 sontium
612 593 721 636 inira
757 591 1054 636 vicissitudine
1088 591 1373 651 perhibetur,
1411 601 1530 636 certo
1564 606 1781 636 annorum

388 663 621 708 intervallo
652 663 710 707 sic
748 678 820 706 eos
859 661 1098 717 inundare,
1138 671 1187 705 ut
1224 670 1362 705 totam
1402 660 1521 705 illam
1560 663 1782 720 regionem

388 737 554 795 rigent,
582 734 654 778 cui
676 734 759 778 alio
786 743 980 793 tempore
1001 734 1072 777 vix
1095 749 1145 776 ex
1174 731 1269 777 altis
1296 733 1438 792 puteis
1461 731 1516 776 ad
1538 731 1783 792 potandum

389 806 681 852 sufficientem
714 806 914 865 praebent
949 819 1120 865 aquam.
1153 806 1243 848 Cur
1278 819 1381 862 crgo
1412 804 1466 847 sit
1501 802 1779 858 incredibile,

387 878 422 923 si
451 893 503 921 ex
530 893 621 922 uno
655 877 799 935 abyssi
830 876 971 936 capite
1005 874 1170 919 alterna
1203 873 1492 918 inundatione
1521 874 1687 918 fluente
1718 883 1785 918 at-

387 966 474 1011 que
510 950 749 1005 refluente,
781 959 888 995 tunc
921 948 1122 993 universa
1159 957 1272 992 terra
1298 947 1432 1005 rigata
1463 948 1557 991 est?
1586 946 1717 1000 Quod
1751 946 1785 991 si

387 1021 522 1081 ipsius
565 1020 710 1079 abyssi
751 1018 1127 1078 magnitudinem,
1167 1034 1216 1062 ea
1254 1028 1378 1078 parte
1415 1027 1619 1078 excepta,
1664 1015 1786 1078 quod

387 1107 506 1136 mare
540 1091 701 1136 dicitur
733 1100 777 1135 et
802 1090 993 1135 evidenti
1019 1089 1309 1150 amplitudine
1331 1099 1463 1150 atque
1487 1089 1642 1133 amaris
1670 1088 1785 1133 ssuc-

387 1161 506 1208 tibus
547 1172 681 1207 terras
726 1161 891 1217 ambit„
941 1160 988 1205 in
1016 1177 1064 1206 ea
1098 1160 1188 1206 sola
1221 1170 1344 1221 parte
1377 1177 1512 1222 quam
1550 1158 1786 1205 reconditis

388 1234 556 1279 sinibus
579 1242 693 1277 terra
724 1232 946 1288 continet,
971 1231 1090 1276 unde
1121 1247 1164 1275 se
1187 1247 1338 1276 omnes
1374 1230 1518 1276 fontes
1540 1246 1778 1292 amnesque

389 1304 570 1350 diversis
603 1303 814 1348 tractibus
843 1303 1054 1363 venisque
1092 1301 1389 1359 distribuunt,
1425 1312 1469 1347 et
1501 1303 1587 1347 suis
1618 1303 1785 1364 quique

387 1374 495 1421 locis
517 1384 783 1435 erumpunt,
810 1374 978 1419 fontem
1004 1374 1145 1420 voluit
1171 1373 1389 1435 appellare
1413 1374 1635 1435 Scriptura
1651 1409 1662 1430 ,
1689 1390 1780 1419 non

388 1445 532 1491 fontes
545 1482 556 1502 7
579 1456 761 1506 propter
783 1455 951 1490 naturae
969 1445 1183 1490 unitatem
1201 1467 1211 1504 3
1232 1461 1422 1507 eumque
1438 1461 1516 1506 per
1533 1446 1786 1499 innumera·

389 1517 498 1562 biles
515 1518 606 1562 vias
627 1526 855 1561 antrorum
876 1526 1008 1576 atque
1026 1517 1236 1561 rimarum
1259 1517 1569 1562 ascendentem
1595 1517 1651 1561 de
1672 1526 1786 1561 terra
1850 1526 1851 1547 ³

389 1598 434 1634 et
449 1589 617 1649 ubique
640 1587 874 1648 dispertitis
895 1588 1019 1649 quasi
1042 1588 1234 1633 crinibus
1249 1589 1501 1648 irrigantem
1519 1603 1695 1633 omnem
1715 1588 1786 1633 fa-

390 1661 500 1705 ciem
516 1669 659 1715 terrae,
680 1675 770 1704 non
783 1660 991 1704 continua
1006 1660 1147 1719 specie
1158 1669 1370 1720 tanquam
1383 1660 1512 1703 maris
1528 1669 1603 1704 aut
1624 1659 1782 1718 stagni,

389 1732 466 1777 sed
487 1732 599 1776 sicut
627 1731 825 1776 videmus
847 1731 910 1774 ire
932 1747 1066 1792 aquas
1089 1747 1166 1791 per
1189 1730 1333 1775 alveos
1356 1732 1590 1775 fluminum
1622 1732 1786 1776 flexus-
1848 1725 1850 1751 ³

390 1819 476 1864 que
500 1803 715 1858 rivorum,
749 1811 792 1846 et
816 1818 968 1846 eorum
1000 1818 1177 1846 excessu
1207 1802 1348 1847 vicina
1369 1802 1633 1863 perfundere
1655 1823 1664 1848 ε
1689 1803 1785 1864 quis

389 1891 481 1919 11011
512 1873 696 1934 accipiat
718 1873 799 1916 nisi
822 1873 898 1933 qui
929 1873 1202 1918 contentioso
1234 1874 1389 1933 spiritu
1416 1874 1616 1919 laborat?
1638 1878 1786 1919 Potest

389 1947 552 2007 quippe
591 1945 719 1989 etiam
753 1944 811 1988 ita
848 1943 964 1988 dicta
994 1943 1179 2004 intelligi
1212 1945 1352 1989 omnis
1383 1955 1510 1990 terrae
1533 1945 1663 1991 facies
1686 1946 1784 1990 irri-

390 2014 893 2078 gata7quemadmodum
912 2015 1088 2072 dicitur,
1106 2017 1246 2061 omnis
1269 2019 1398 2062 vestis
1419 2018 1550 2062 facies
1573 2017 1780 2074 colorata,

389 2089 554 2133 etiamsi
577 2104 667 2132 11011
697 2087 986 2132 continuatim
1002 2123 1012 2142 ‚
1039 2087 1115 2131 sed
1138 2088 1388 2132 maculatim
1413 2090 1489 2133 fiat
1511 2109 1519 2134 :
1544 2090 1784 2149 praesertim
1849 2092 1854 2101 “

388 2161 493 2221 quia
530 2169 636 2204 tunc
670 2159 717 2202 in
751 2159 944 2203 novitate
966 2168 1204 2215 terrarum,
1241 2161 1319 2204 etsi
1350 2176 1439 2204 non
1462 2160 1631 2217 omnia⁷
1656 2161 1783 2221 plura

388 2240 537 2275 tamen
558 2230 688 2290 plana
708 2228 838 2274 fuisse
860 2229 1069 2274 credibile
1087 2239 1171 2285 est,
1197 2246 1285 2290 quo
1299 2230 1426 2275 latius
1443 2241 1619 2292 possent
1635 2247 1783 2276 erum-

387 2302 537 2363 pentia
558 2303 720 2345 fluenta
745 2300 927 2359 dispergi
946 2311 1075 2361 atque
1097 2300 1301 2345 distendi.

447 2375 612 2417 XXVI.
649 2375 924 2432 Quapropter
959 2371 1015 2415 de
1046 2372 1166 2417 istius
1203 2371 1334 2417 fontis
1371 2372 1675 2432 magnitudine
1710 2373 1780 2419 vel

389 2443 673 2489 multitudine
689 2479 699 2499 7
726 2444 802 2504 qui
819 2443 906 2488 sive
928 2459 1061 2488 unam
1080 2444 1237 2489 habuit
1260 2443 1463 2489 alicunde
1485 2445 1778 2505 eruptionem,

388 2517 477 2564 sive
498 2525 676 2578 propter
698 2514 889 2577 aliquam
910 2517 957 2561 in
983 2525 1111 2562 terrae
1133 2515 1314 2563 occultis
1337 2517 1505 2563 sinibus
1527 2520 1746 2563 unitatem
1765 2551 1777 2573 ,

1851 2440 1854 2496 1

1851 2510 1854 2554 ῐ

1851 2565 1854 2627 Ξ

1851 2655 1854 2703 Ι

1850 2707 1854 2747 1

1846 2756 1854 2806 l
