1854 3219
355 256 410 283 DE
441 255 593 282 GENESI
625 251 680 281 AD
712 251 952 290 LlTTEnAM,
990 253 1071 279 Lm.
1108 252 1167 278 1v.
1375 238 1459 277 293

71 339 173 371 cum
189 339 238 369 ea
255 339 355 385 quae
374 338 452 383 per
473 320 664 380 singulos
682 324 772 366 Deo
793 318 981 365 condere
1002 318 1168 379 placuit
1180 352 1191 373 ‚
1216 316 1462 363 conderen-

69 406 158 452 tur,
182 395 324 455 primo
345 394 441 439 haec
459 391 700 452 accipiebat
725 391 774 436 in
795 389 943 436 Verbo
966 391 1060 446 Dei,
1084 398 1136 434 ut
1156 388 1203 433 in
1226 389 1319 448 ejus
1341 388 1460 433 noti-

69 468 129 511 tia
151 466 351 526 primitus
372 466 543 520 fierent,
568 460 922 516 cumdicebatur,
953 464 1045 505 «Et
1065 460 1125 504 sic
1147 468 1211 504 est
1223 457 1413 517 factum,
1435 477 1456 501 »

69 537 229 583 deinde
250 553 353 583 cum
374 536 489 581 facta
520 543 676 590 essent,
701 534 748 577 in
765 550 841 578 sua
863 533 1039 593 propria
1058 541 1214 576 natura
1231 547 1319 591 qua
1340 539 1458 586 sunt,

67 611 248 669 Deoque
264 607 529 668 placuissent
542 605 644 667 quia
657 605 774 649 bona
790 612 907 658 sunt,
925 612 1031 647 tunc
1047 601 1200 647 itidem
1218 617 1268 645 ea
1284 616 1464 660 eognos-

68 679 196 725 cebat
217 679 298 723 alia
329 678 520 739 quadam
541 675 747 721 inferiore
763 674 1028 734 cognitione,
1049 690 1149 734 quae
1170 672 1350 717 nomine
1371 687 1465 717 ves-

67 766 183 811 perae
206 750 445 808 significata
462 758 549 806 est,
574 763 623 792 ac
645 745 804 792 deinde
825 746 941 791 sacta
961 760 1139 806 vespera
1160 744 1294 788 fiebat
1314 759 1459 797 mane,

68 836 168 865 cum
192 821 247 865 de
278 836 357 865 suo
387 823 502 864 Deus
532 834 662 878 opere
683 816 962 871 laudaretur,
989 825 1032 860 et
1054 815 1231 860 alterius
1252 823 1463 859 creaturae

68 906 168 951 quae
195 889 399 950 deinceps
427 888 626 933 facienda
656 897 769 944 erat⁷
795 903 845 932 ex
871 887 949 933 Dei
971 887 1118 931 Verbo
1140 885 1317 941 notitia,
1344 885 1464 945 prius

68 976 202 1022 quam
224 962 369 1016 fieret,
390 960 689 1020 acciperetur?
709 962 808 1005 Non
832 974 936 1018 ergo
953 968 1059 1003 tunc
1077 957 1206 1002 simul
1227 956 1394 1012 omnia,
1421 964 1466 1000 et

68 1032 159 1076 dies
199 1041 243 1075 et
271 1046 450 1091 vespera
483 1039 525 1074 et
555 1045 707 1087 mane3
738 1028 817 1074 sed
851 1028 1118 1088 singillatim,
1152 1043 1230 1088 per
1265 1026 1465 1072 ordinem

69 1118 202 1163 quem
225 1102 448 1162 Scriptura
469 1110 801 1147 commemorat.

69 1261 138 1277 m
143 1260 351 1277 mmm
358 1254 1426 1277 WMMMWMWMMMMMMMAWMMMMMMM
1431 1255 1461 1272 V!

529 1379 746 1428 CAPUT
784 1381 1002 1428 XXXII.

69 1459 127 1508 Si
141 1468 252 1506 tanc
267 1459 364 1503 ista
384 1458 551 1503 omnia
569 1456 713 1503 simul
732 1457 781 1502 in
802 1457 1103 1520 Angelorum
1119 1456 1346 1513 scientia,
1362 1454 1464 1502 sal-

267 1539 362 1575 tem
382 1545 480 1575 non
500 1530 603 1575 sine
625 1526 839 1588 quodam
860 1526 1027 1573 ordine
1034 1527 1260 1591 ficerunt.

127 1668 287 1712 XLIX.
313 1669 381 1712 ΑΝ
409 1666 542 1711 etiam
574 1675 680 1711 tunc
704 1665 836 1710 simul
867 1665 1037 1721 omnia,
1062 1665 1165 1726 quia
1186 1679 1278 1709 non
1306 1679 1464 1709 secun-

70 1737 177 1782 dum
191 1748 441 1798 temporum
461 1753 620 1793 moras,
645 1738 756 1781 sicut
777 1738 891 1781 fiunt
910 1737 1002 1781 dies
1024 1737 1111 1792 isti,
1136 1752 1238 1780 cum
1260 1737 1399 1781 oritur
1421 1745 1465 1780 et

71 1808 231 1854 occidit
256 1807 340 1864 sol,
373 1817 417 1853 ct
446 1808 493 1851 in
520 1806 669 1852 locum
691 1823 819 1851 suum
849 1806 977 1862 redit,
1013 1816 1064 1851 ut
1086 1819 1235 1852 rursus
1269 1807 1462 1865 oriatur3

70 1879 147 1923 sed
180 1878 421 1923 secundum
463 1878 706 1937 potentiam
749 1876 984 1937 spiritalem
1027 1877 1184 1920 mentis
1228 1876 1433 1937 angelicae
1450 1913 1462 1932 ‚

70 1958 229 1993 cuncta
250 1965 350 2009 quae
379 1948 568 1993 voluerit
600 1947 730 1992 simul
758 1947 911 1992 notitia
942 1946 1149 1992 facillima
1177 1948 1467 2007 comprehen-

71 2018 275 2063 dentem?
295 2021 385 2064 Nec
411 2018 510 2063 ideo
543 2028 692 2062 tamen
720 2018 811 2062 sine
842 2016 1010 2073 ordine,
1036 2033 1125 2078 quo
1149 2027 1329 2077 apparet
1357 2033 1466 2062 eon-

72 2089 200 2133 nexio
232 2088 579 2149 praecedentium
616 2089 983 2150 sequentiumque
1029 2104 1274 2133 causarum.
1311 2091 1466 2149 Neque

73 2159 190 2203 enim
219 2159 409 2218 cognitio
440 2159 532 2203 fieri
559 2168 724 2219 potest,
751 2160 831 2203 nisi
859 2160 1162 2218 cognoscenda
1189 2159 1464 2220 praecedant,

72 2246 173 2291 quae
194 2230 299 2274 item
321 2230 466 2290 priora
488 2239 592 2274 sunt
611 2230 657 2273 in
679 2230 848 2286 Verbo,
874 2246 952 2290 per
973 2230 1094 2292 quod
1117 2229 1231 2275 sacta
1246 2240 1349 2276 sunt
1372 2246 1468 2275 om-

74 2301 144 2344 nia
161 2316 293 2360 quain
314 2300 359 2344 in
380 2301 431 2344 iis
451 2301 680 2361 quaefacta
702 2310 805 2345 sunt
828 2301 1048 2346 omnibus.
1073 2304 1198 2347 Mens
1220 2302 1370 2362 itaque
1387 2302 1468 2345 hu-

73 2385 201 2414 mana
222 2371 340 2430 prius
361 2371 456 2415 haec
473 2387 572 2432 quae
590 2370 704 2415 facta
726 2381 842 2427 sunt,
867 2387 944 2431 per
961 2388 1109 2417 sensus
1133 2373 1324 2433 corporis
1342 2387 1468 2432 expe-

73 2441 184 2484 ritur
200 2476 211 2497 ,
256 2457 495 2502 eorumque
525 2442 726 2487 notitiam
748 2458 826 2502 pro
848 2444 1108 2488 infirmitatis
1134 2445 1339 2488 humanae
1367 2458 1467 2487 mo-

76 2510 182 2556 dulo
204 2513 320 2572 capit
344 2530 355 2557 :
382 2522 425 2557 et
447 2513 604 2558 deinde
622 2515 781 2574 quaerit
802 2530 954 2559 eorum
974 2531 1123 2559 causas
1137 2552 1148 2571 ,
1174 2516 1208 2559 si
1225 2531 1313 2575 quo
1336 2513 1469 2558 modo

74 2583 208 2641 possit
229 2583 284 2628 ad
305 2599 374 2628 eas
399 2585 624 2643 pervenire
654 2585 949 2644 principalitm·
971 2596 1102 2646 atquc
1124 2584 1466 2632 incommutabi-
