1854 3219
316 204 370 231 DE
402 201 552 230 (ΛΞΜ-εει
586 198 641 229 An
674 199 919 241 mmmmm,
956 201 1038 229 Lm.
1075 203 1153 229 ΧΠ.
1326 191 1409 231 623

22 266 322 329 corporalibus
352 265 601 330 judicandis
635 277 767 329 atque
805 267 1155 312 administrandis
1187 278 1407 328 praesunt,

21 354 102 385 nec
124 339 183 384 eis
207 349 421 402 tanquam
449 339 803 399 praesentioribus
829 338 1083 384 familiarius
1109 338 1376 384 inclinantur
1397 361 1409 397 3

22 419 67 455 et
87 417 240 456 eorum
265 409 570 471 significativas
591 410 896 455 similitudines
919 411 965 455 in
992 410 1146 471 spiritu
1168 411 1227 454 ita
1251 410 1413 455 discer-

22 489 152 537 nunt,
169 491 214 526 et
229 491 351 526 tanta
367 480 563 542 potentia
581 482 775 541 quodam
790 481 924 526 modo
942 489 1147 536 tractant,
1164 489 1215 524 ut
1230 496 1299 525 eas
1313 497 1414 541 pos-

22 550 108 595 sint
129 551 259 596 etiam
274 550 505 596 hominum
521 550 741 611 spiritibus
758 551 992 596 revelando
1005 550 1184 595 miscere
1201 571 1212 608 3
1233 559 1276 594 et
1292 550 1414 595 illam

22 620 431 666 incommutabilem
463 621 751 666 substantiam
771 622 986 666 Creatoris
1013 621 1074 665 ita
1108 620 1405 680 conspiciunt,

22 700 73 735 ut
98 692 265 737 visione
293 701 425 754 atque
454 706 601 737 amore
630 701 673 736 et
702 707 796 736 eam
821 700 1081 753 praeponant
1111 692 1341 747 omnibus,
1373 700 1417 735 et

21 762 264 808 secundum
287 779 380 808 eam
399 763 600 825 judicent
630 763 685 808 de
716 764 942 820 omnibus,
969 773 1012 808 et
1040 764 1085 808 in
1109 779 1205 807 eam
1228 762 1417 819 dirigan-

23 841 96 878 tur
110 843 161 878 ut
178 843 380 894 agantur,
397 843 439 879 et
460 849 513 878 ex
531 850 580 878 ea
599 833 789 893 dirigant
808 834 1027 896 quidquid
1045 843 1196 893 agunt.
1216 834 1417 895 Denique

23 904 222 964 quamvis
251 905 434 965 abrepto
467 903 678 965 Apostolo
711 921 735 949 a
768 905 908 949 carnis
938 905 1133 949 sensibus
1162 905 1207 948 in
1239 905 1418 949 tertium

23 974 190 1019 coelum
216 984 260 1019 et
279 975 552 1035 paradisum,
579 976 662 1020 hoc
695 976 838 1035 ipsum
862 985 978 1020 certe
1002 974 1144 1019 defuit
1167 974 1222 1019 ad
1243 975 1418 1035 plenam

23 1043 350 1106 perfectamque
384 1046 678 1104 cognitionem
712 1062 881 1102 rerum,
919 1062 1017 1107 quae
1057 1045 1233 1105 Angelis
1276 1046 1389 1089 inest
1405 1079 1416 1100 ,

25 1115 145 1178 quod
174 1117 262 1162 sive
290 1117 337 1161 in
354 1133 552 1178 corpore,
579 1118 667 1162 sive
690 1127 810 1162 extra
832 1134 990 1178 corpus
1018 1127 1126 1162 esset
1142 1153 1153 1173 ,
1178 1117 1415 1161 nesciebat.

26 1191 120 1234 Hoc
137 1188 290 1249 utique
307 1204 398 1233 non
417 1188 555 1233 deerit
572 1225 583 1246 ,
609 1204 710 1234 cum
733 1190 914 1250 receptis
935 1189 1192 1249 corporibus
1212 1189 1258 1232 in
1278 1204 1420 1232 resur-

26 1258 220 1304 rectione
239 1269 516 1304 mortuorum
542 1259 830 1320 corruptibile
853 1261 936 1304 hoc
962 1259 1170 1304 induetur
1187 1260 1421 1319 incorrup-

26 1329 170 1385 tione,
202 1339 246 1374 et
279 1330 464 1375 mortale
498 1331 584 1376 hoc
612 1329 822 1375 induetur
858 1330 1227 1376 immortalitate1.
1265 1330 1422 1374 Omnia

27 1400 145 1444 enim
167 1399 385 1446 evidentia
409 1411 539 1446 erunt
560 1402 651 1446 sine
671 1401 757 1445 ulla
773 1399 979 1457 falsitate,
997 1401 1087 1445 sine
1110 1400 1199 1444 ulla
1218 1395 1424 1460 ignorem-⁷

28 1469 110 1525 tia,
132 1470 218 1515 suis
245 1471 470 1519 ordinibus
492 1471 725 1516 distributa
746 1481 790 1514 et
818 1471 1060 1530 corporalia
1088 1480 1131 1513 et
1153 1471 1360 1528 spiritalia
1380 1479 1425 1514 et

27 1539 360 1597 intellectualia,
385 1541 431 1584 in
448 1551 603 1586 natura
620 1542 786 1597 integra
805 1550 848 1584 et
865 1540 1072 1584 beatitate
1090 1539 1298 1599 perfecta.

29 1693 1424 1713 mmmmmmmmmmmmmmmmmmm

487 1802 706 1852 CAPUT
742 1803 1004 1851 XXXVII.

208 1946 463 1994 Sententia
494 1943 814 2005 quorumdam
846 1944 906 1989 de
941 1945 1078 1989 tertio
1109 1943 1246 1989 coelo.

91 2083 227 2126 LXX.
262 2083 360 2127 Sem
390 2080 569 2141 quidem
598 2079 836 2125 nonnullos
858 2094 1009 2124 eorum
1030 2114 1041 2134 ,
1079 2079 1155 2140 qui
1180 2079 1426 2139 Scripturas

32 2163 199 2199 sanctas
233 2161 334 2196 ante
363 2167 443 2197 nos
479 2151 525 2195 in
559 2152 647 2196 fide
677 2151 889 2196 catholica
917 2159 1121 2194 tractasse
1155 2149 1422 2206 laudantur,

33 2224 163 2269 etiam
181 2223 243 2267 sic
263 2222 507 2282 exposuisse
528 2221 649 2283 quod
671 2223 730 2267 ait
751 2220 1010 2282 Apostolus,
1037 2220 1216 2264 tertium
1234 2221 1422 2277 coelum,

33 2304 85 2340 ut
105 2292 342 2354 corporalis
363 2302 406 2337 et
428 2292 623 2337 animalis
641 2301 685 2337 et
702 2291 901 2353 spiritalis
917 2291 1108 2336 hominis
1130 2291 1201 2335 hic
1224 2291 1426 2336 differen-

34 2367 114 2413 tias
135 2365 274 2426 accipi
308 2364 498 2421 vellent,
524 2374 656 2426 atque
687 2364 743 2409 ad
769 2363 882 2408 illud
904 2364 1259 2423 incorporearum
1282 2379 1427 2408 rerum

35 2454 172 2499 genus
202 2435 436 2483 excellenti
466 2437 683 2482 evidentia
707 2435 1098 2496 contemplandum
1120 2450 1210 2481 esse
1240 2438 1428 2496 Aposto-

83 2542 93 2560 ¹
120 2546 133 2569 1
161 2536 223 2569 Cor
237 2543 296 2575 xv,
311 2531 365 2565 53.
