1854 3219
387 183 469 221 572
827 195 860 221 s.
897 192 1127 222 Auous‘nm
1160 193 1339 221 muscort
1403 186 1405 189 ’

386 274 530 319 posse,
562 273 610 301 ac
640 273 717 317 per
743 259 827 302 hoe
860 259 893 302 si
917 258 1083 319 aliquid
1106 257 1187 302 [ale
1209 273 1253 301 se
1275 256 1433 301 vidisse
1473 257 1658 314 sciebat,
1689 273 1779 303 non

383 346 460 390 per
474 344 631 389 corpus
650 345 693 373 se
715 329 870 374 vidisse
883 329 1085 375 dubitare
1107 345 1197 374 non
1219 338 1405 389 poterat.
1431 347 1450 370 «
1471 329 1569 374 Scio
1582 364 1598 385 ,
1618 329 1776 390 inquit,

386 420 406 442 »
441 401 664 445 hominem
677 401 723 445 in
735 402 909 447 Christo
929 412 1028 447 ante
1048 417 1184 447 annos
1199 400 1533 462 quatuordecim
1550 421 1559 446 :
1575 402 1658 446 hoc
1673 403 1776 457 scio,

385 489 408 513 »
442 487 572 516 nemo
599 470 799 528 dubitet,
824 472 901 533 qui
932 472 1039 517 mihi
1063 473 1225 530 eredit3
1249 471 1326 516 sed
1352 482 1502 518 utrum
1533 472 1579 517 in
1599 487 1780 534 corpore

388 564 405 586 »
442 560 497 588 an
514 554 631 588 extra
648 560 827 604 eorpus,
846 546 989 590 neseio
1005 580 1016 601 ‚
1038 549 1155 590 Deus
1178 544 1273 589 scit.
1299 563 1320 586 »

389 705 426 721 M
432 705 1781 724 ἏΜΝΙΜᾸΝἎΜΜΜΜΑΝἉΜΜΜΜΜΜΛΑΜΜΜΙᾺΑΝἎΝΙΜΜΜΜΜΜΜ

930 830 1147 880 CAPUT
1185 832 1243 877 V.

696 972 895 1020 Eadem
919 972 1175 1037 dzffi’cultas
1197 972 1451 1019 enodatur.

441 1110 568 1153 XIII.
595 1112 708 1163 Quin
730 1124 832 1167 ergo
854 1108 949 1165 scis,
968 1108 1090 1171 quod
1107 1108 1313 1154 discernis
1335 1109 1391 1154 ab
1412 1124 1463 1153 eo
1481 1108 1602 1169 quod
1619 1109 1776 1164 neseis,

383 1194 437 1221 ne
459 1179 684 1223 credentes
709 1179 943 1224 fidlanturi)
978 1200 997 1222 «
1020 1184 1211 1240 Raptum
1228 1215 1239 1235 ,
1266 1180 1410 1240 inquit
1426 1215 1436 1234 ‚
1471 1179 1675 1223 eumdem
1695 1179 1780 1223 ho-

384 1267 405 1290 »
441 1251 604 1294 1111116111
630 1267 766 1311 usque
790 1252 833 1295 in
857 1252 1036 1296 tertium
1059 1251 1238 1296 coelum.
1263 1269 1283 1292 »
1310 1255 1368 1296 At
1388 1250 1499 1295 illud
1523 1250 1684 1295 coelum
1706 1259 1782 1294 aut

382 1337 540 1381 corpus
573 1332 690 1377 erat,
729 1332 804 1366 aut
833 1323 1007 1382 spiritus
1034 1343 1042 1367 ε
1081 1323 1114 1367 si
1144 1338 1301 1383 corpus
1329 1332 1444 1378 erat,
1482 1331 1525 1366 et
1563 1323 1780 1381 corporeis

382 1392 518 1437 oculis
538 1394 679 1437 visum
693 1403 778 1451 est3
796 1409 874 1438 6111·
890 1393 1001 1437 11111(1
1016 1393 1179 1438 eoelum
1198 1409 1289 1438 esse
1307 1393 1456 1448 scitur,
1474 1402 1517 1437 et
1536 1393 1581 1436 in
1599 1407 1781 1452 corpore

381 1463 519 1507 visum
543 1480 632 1508 esse
655 1465 874 1509 nescitur?
899 1466 942 1509 Si
974 1474 1121 1509 autem
1145 1465 1321 1524 spiritus
1345 1474 1465 1522 erat3
1491 1473 1566 1507 aut
1588 1464 1780 1523 eorporis

380 1534 615 1593 imaginem
644 1535 856 1594 praebuit,
901 1544 944 1578 et
979 1544 1068 1579 tam
1100 1535 1315 1578 incertum
1347 1542 1410 1579 est
1439 1543 1589 1578 utrum
1619 1549 1781 1594 corpus

380 1603 538 1659 suerit,
575 1620 708 1665 quam
736 1605 951 1650 incertum
983 1615 1046 1649 est
1069 1614 1219 1649 utrum
1249 1605 1295 1648 in
1317 1620 1495 1664 corpore
1523 1605 1666 1649 visum
1695 1605 1776 1660 sit,

380 1684 456 1718 aut
479 1675 537 1718 sic
558 1675 700 1718 visum
723 1684 807 1730 est,
829 1674 1054 1735 quomodo
1070 1674 1245 1720 videtur
1263 1684 1409 1718 mente
1425 1675 1633 1734 sapientia
1650 1710 1661 1730 ‚
1687 1675 1780 1720 sine

379 1745 479 1789 ullis
514 1746 777 1804 imaginibus
810 1762 1043 1806 corporum
1061 1782 1071 1801 ,
1109 1755 1153 1790 et
1191 1745 1478 1791 nihilominus
1507 1755 1674 1790 certum
1715 1756 1780 1791 est

378 1816 517 1861 videri
535 1832 624 1860 non
640 1817 829 1875 potuisse
847 1832 924 1875 per
941 1832 1120 1876 eorpus:
1141 1825 1217 1860 aut
1230 1832 1333 1875 ergo
1355 1825 1596 1876 utrumque
1610 1825 1780 1861 certum

378 1897 441 1931 est
460 1923 470 1942 ⁷
497 1897 572 1931 aut
594 1897 834 1947 utrumque
854 1889 1071 1932 incertum
1090 1908 1098 1932 z
1121 1897 1196 1931 aut
1217 1888 1442 1948 quomodo
1465 1897 1633 1932 certum
1657 1888 1779 1948 quod

379 1959 519 2002 visum
548 1968 633 2013 est,
659 1959 875 2002 incertum
894 1968 1039 2003 autem
1062 1974 1139 2018 per
1161 1958 1281 2018 quod
1297 1959 1438 2003 visum
1458 1960 1548 2004 est?
1570 1957 1777 2003 Manifes-

387 2038 477 2072 tum
500 2037 561 2072 esf
581 2029 695 2072 enim
725 2029 1025 2088 incorpoream
1044 2039 1246 2073 naturam
1267 2030 1322 2073 ab
1346 2045 1396 2073 60
1425 2028 1562 2073 videri
1586 2045 1675 2073 non
1696 2045 1779 2088 po-

381 2100 508 2143 tuisse
526 2115 603 2159 per
621 2115 793 2160 corpus.
814 2103 1007 2160 Corpora
1024 2116 1127 2145 vero
1147 2101 1311 2144 etiamsi
1330 2109 1512 2160 possunt
1529 2099 1666 2144 videri
1684 2101 1776 2144 sine

378 2186 560 2229 corpore
576 2207 586 2225 ‚
613 2187 703 2215 non
732 2172 885 2232 utique
919 2173 976 2216 sic
997 2172 1204 2216 videntur
1225 2187 1303 2231 per
1338 2188 1494 2231 eorpus
1512 2207 1522 2226 ‚
1549 2171 1625 2215 sed
1647 2171 1776 2230 longe

380 2241 451 2285 ille
473 2241 617 2301 dispar
644 2242 799 2286 modus
835 2252 899 2287 est
926 2243 959 2286 si
992 2243 1088 2303 quis
1117 2252 1201 2300 cst3
1236 2241 1353 2286 unde
1376 2242 1534 2286 mirum
1563 2243 1595 2286 si
1630 2251 1777 2302 posset

377 2312 636 2372 Apostolum
660 2323 869 2374 tanquam
899 2313 1139 2358 simillimus
1162 2313 1335 2369 fallere,
1357 2323 1433 2357 aut
1455 2312 1508 2357 ad
1532 2312 1775 2358 dubitatio-

376 2400 477 2428 nem
500 2399 652 2442 eogere
669 2421 678 2439 ‚
706 2395 755 2429 ut
772 2387 805 2429 si
828 2400 1087 2445 corporeum
1110 2384 1273 2429 coelum
1292 2400 1380 2428 non
1398 2385 1616 2444 corporeis
1635 2384 1772 2429 oculis

375 2455 510 2511 vidit,
543 2456 758 2500 incertum
788 2457 870 2501 sibi
904 2471 992 2501 esse
1020 2455 1213 2510 diceret,
1251 2465 1398 2501 utrum
1432 2456 1478 2500 in
1509 2471 1689 2515 corpore
1719 2471 1773 2500 an

378 2535 495 2570 extra
519 2541 676 2585 corpus
697 2526 739 2570 id
756 2527 948 2582 viderit„
