1854 3219
318 247 372 274 DE
403 246 553 275 GENESI
585 243 640 272 An
672 243 1021 284 LITTERAM,L113.
1057 247 1105 272 11.
1323 233 1407 272 207

22 325 119 358 rare
149 319 360 372 tanquam
379 310 499 372 prius
520 307 653 355 fuerit
679 310 860 355 materia
875 346 885 366 ‚
911 320 954 355 et
976 309 1015 355 ei
1034 310 1242 371 temporis
1270 309 1412 354 inter-

22 381 138 429 vallo
156 382 410 443 interposito
426 417 437 439 ,
455 389 607 442 postea
619 381 675 426 sit
688 380 835 426 addita
857 383 1016 442 species
1036 400 1046 427 ε
1067 397 1168 426 eum
1184 384 1301 427 Deus
1316 381 1412 426 haec

23 453 152 500 simul
173 453 403 510 creaverit,
418 453 734 514 materiamque
749 450 986 497 formatam
1001 453 1240 498 instituerit
1254 488 1266 509 ‚
1287 452 1413 514 cujus

23 525 336 571 informitatem
347 524 507 570 usitato
517 560 529 582 ,
552 533 606 569 ut
621 523 724 581 dixi,
737 524 955 569 vocabulo
975 524 1047 571 vel
1057 534 1184 570 terrae
1198 523 1271 569 vel
1287 539 1414 585 aquae

26 597 249 657 Scriptura
267 593 483 658 praedixit.
516 597 645 641 Terra
661 595 779 640 enim
802 604 845 640 et
867 611 980 657 aqua
1001 596 1132 642 etiam
1153 595 1238 640 suis
1267 594 1412 656 quali-

21 668 186 714 tatibus
209 667 257 713 id
277 668 503 714 existentia
534 667 656 730 quod
681 666 881 713 videmus
897 703 908 724 ‚
933 677 1080 712 tamen
1101 676 1280 729 propter
1302 666 1414 712 faci-

22 737 112 784 lem
147 740 471 800 corruptionem
505 739 819 801 propinquiora
848 748 951 784 sunt
984 739 1127 784 eidem
1156 737 1414 784 informitati

20 820 155 872 'quam
175 811 368 858 coelestia
398 827 594 873 corpora.
621 814 678 857 Et
704 812 912 874 quoniam
935 827 1014 872 per
1039 811 1415 857 enumerationem

23 881 195 928 dierum
210 885 302 945 jam
323 899 375 930 ex
393 884 573 929 informi
595 899 783 945 quaeque
817 883 1004 928 formata
1025 892 1314 928 numerantur
1327 918 1342 939 ,
1373 890 1417 927 et

22 964 77 998 'ex
96 954 177 999 ista
198 954 413 1015 corporali
433 955 613 1000 materia
639 956 729 1016 jam
752 953 917 1000 factum
940 954 1105 1000 coelum
1135 963 1411 1010 narraverat,

22 1026 151 1086 eujus
190 1025 381 1071 multum
402 1026 534 1072 distat
562 1026 723 1087 species
743 1042 767 1072 a
789 1026 970 1071 terrenis
991 1047 1002 1085 3
1023 1027 1113 1088 jam
1141 1023 1262 1088 quod
1283 1041 1335 1070 ex
1366 1040 1416 1070 ea

22 1095 308 1143 formandum
338 1099 384 1143 in
413 1114 558 1144 rerum
584 1099 733 1144 infima
760 1108 884 1160 parte
917 1099 1129 1155 restabat,
1161 1096 1305 1143 noluit
1332 1096 1415 1141 sub

25 1167 92 1212 his
111 1168 255 1214 verbis
272 1170 317 1214 in
339 1184 486 1214 rerum
507 1179 749 1215 creatarum
772 1169 969 1215 ordinem
991 1169 1200 1223 inserere,
1221 1178 1272 1213 ut
1294 1167 1416 1213 dice—

26 1247 168 1295 retur,
199 1259 220 1283 «
245 1240 369 1299 Fiat3
397 1259 418 1283 υ
450 1257 540 1286 non
574 1251 804 1302 acceptura
836 1241 917 1286 ista
946 1241 1118 1286 residua
1151 1239 1419 1285 informitate

26 1309 158 1354 talem
179 1312 366 1371 speeiem
381 1347 392 1367 ‚
427 1312 602 1374 qualem
626 1322 850 1373 acceperat
873 1312 1058 1369 coelum,
1084 1312 1160 1358 sed
1178 1314 1270 1374 jam
1299 1311 1419 1356 infe-

28 1380 186 1426 riorem
218 1390 262 1425 et
292 1381 578 1428 infirmiorem
605 1394 736 1445 atque
767 1382 1025 1429 informitati
1058 1384 1300 1444 proximam
1333 1401 1342 1428 ε
1367 1390 1421 1427 ut

27 1452 94 1496 his
113 1453 258 1512 potius
272 1453 430 1509 verbis,
455 1469 556 1498 cum
577 1454 739 1507 dicitur
761 1473 770 1499 ε
795 1474 816 1498 «
841 1457 1177 1515 Congregentur
1203 1470 1354 1515 aquae,
1376 1461 1420 1498 et

30 1541 52 1565 »
73 1533 277 1584 appareat
298 1524 418 1570 arida
432 1560 443 1582 ,
472 1543 493 1567 »
519 1527 766 1586 acceperint
795 1527 891 1572 haec
913 1527 1003 1572 duo
1022 1527 1183 1588 speeies
1204 1526 1415 1588 proprias,

28 1595 128 1640 istas
150 1596 390 1642 notissimas
407 1597 623 1659 nobisque
635 1599 883 1644 tractabiles
894 1635 904 1655 ‚
921 1616 1033 1660 aqua
1049 1599 1257 1644 mobilem
1275 1635 1285 1655 ‚
1306 1608 1421 1644 terra

29 1666 298 1712 immobilem
321 1687 330 1713 :
354 1677 397 1713 et
410 1667 508 1714 ideo
531 1669 586 1713 de
602 1669 676 1714 illa
690 1669 858 1715 dictum
876 1680 954 1726 est,
980 1691 1000 1714 «
1026 1673 1326 1730 Congregetur
1354 1689 1362 1715 ε
1392 1688 1411 1711 »

29 1739 178 1784 dehac
200 1747 363 1795 autem,
383 1758 405 1782 «
423 1743 644 1801 Appareat
661 1760 671 1788 :
696 1759 717 1785 n
733 1757 846 1804 aqua
863 1742 981 1787 enim
998 1752 1062 1788 est
1079 1742 1268 1788 labiliter
1283 1742 1416 1797 fluxa,

29 1818 143 1856 terra
164 1810 375 1856 stabiliter
395 1811 494 1856 fixa.

30 1965 171 1983 mm

385 1966 526 1985 ΜΜΜΜ

1383 1972 1422 1988 W

536 2101 755 2153 CAPUT
791 2106 908 2153 XII.

224 2234 304 2281 De
322 2234 565 2282 versiculis
588 2243 636 2282 11
653 2272 664 2293 ‚
693 2245 746 2284 12
769 2247 815 2284 et
835 2245 887 2284 13
929 2238 1194 2288 Geneseos.

90 2371 230 2415 XXV.
250 2389 271 2414 «
287 2373 353 2417 ET
369 2372 476 2418 dixit
491 2376 628 2419 Deus:
655 2375 878 2422 Germinet
897 2386 1012 2423 terra
1033 2378 1216 2424 herbam
1232 2380 1408 2441 pabuli,

30 2455 58 2483 m
83 2439 295 2487 ferentem
315 2459 462 2489 semen
477 2444 718 2490 secundum
736 2462 871 2506 genus
893 2457 936 2493 et
956 2449 1200 2495 secundum
1217 2451 1420 2496 similitu-

33 2528 60 2556 »
85 2513 240 2558 dinem
270 2521 314 2559 et
341 2515 511 2576 lignum
541 2516 818 2564 fructiferum
841 2518 1004 2566 faciens
1037 2523 1258 2580 fructum,
1295 2525 1417 2585 cujus

29 2597 61 2626 ῆι
84 2599 230 2630 semen
249 2583 302 2631 sit
321 2584 368 2632 in
392 2587 487 2648 ipso
508 2588 749 2636 secundum
783 2589 1113 2639 similitudinem
1143 2609 1265 2640 suam
1288 2610 1419 2656 super
