1854 3219
422 219 478 255 82
860 228 891 252 s.
930 227 1158 255 ΑυουεΤιΝι
1194 230 1372 257 E1›1scor¹

420 310 440 334 »
476 290 824 350 contemptibiles
845 301 948 335 sunt
963 293 1007 336 in
1026 292 1216 337 Ecclesia
1230 329 1240 348 ,
1258 294 1336 338 hos
1353 295 1604 339 constituite
1622 295 1677 339 ad
1687 296 1808 356 judi-

421 382 441 404 »
476 361 682 407 candum.
709 363 776 406 Ad
803 363 1085 408 reverentiam
1108 364 1230 408 vobis
1268 364 1380 409 dieo.
1408 366 1476 410 Sic
1498 381 1588 409 non
1610 375 1674 410 est
1696 367 1808 411 inter

420 451 441 474 »
475 448 551 478 vos
585 433 815 494 quisquam
844 434 1034 493 sapiens,
1060 435 1135 495 qui
1158 435 1291 494 possit
1324 437 1435 479 inter
1468 436 1647 480 fratrem
1679 452 1806 481 suum
1838 473 1849 482 ,

418 523 438 545 »
468 503 696 565 judicare?
718 504 792 548 sed
827 504 959 549 frater
979 521 1079 549 cum
1103 505 1235 550 fratre
1246 506 1490 566 judicatur,
1517 517 1560 551 et
1582 508 1666 552 hoc
1689 508 1807 568 apud

419 594 440 617 »
475 575 684 621 infideles.
703 579 725 620 J
731 592 799 619 am
812 576 989 636 quidem
1008 579 1187 621 omnino
1205 577 1414 621 delictum
1428 587 1513 634 est,
1530 579 1631 639 quia
1643 579 1807 639 judicia

417 666 439 689 »
473 647 643 691 habetis
664 647 904 691 vobiscum.
927 650 1070 701 Quare
1105 663 1193 692 non
1216 648 1352 707 magis
1391 648 1668 709 iniquitatem
1690 649 1806 709 pati-

416 736 436 759 »
472 718 603 762 mini?
627 720 770 771 Quare
793 732 881 762 non
903 718 1048 777 potius
1073 718 1366 762 fraudamini?
1390 718 1473 763 Sed
1499 734 1575 763 vos
1596 718 1805 780 iniquita-

415 806 436 829 »
471 798 560 832 tem
583 787 744 843 facitis,
762 798 804 833 et
825 788 1061 843 fraudatis,
1081 798 1123 832 et
1137 790 1218 832 hoc
1237 788 1407 832 fratres.
1430 791 1499 832 An
1521 789 1693 833 nescitis
1704 790 1806 850 quia

415 877 435 899 »
471 858 619 919 injusti
640 874 824 918 regnum
840 860 915 904 Dei
933 875 1022 903 non
1035 859 1413 903 haereditabunffi‘
1434 876 1453 899 »
1471 859 1588 912 Quid
1609 860 1806 920 estquod

410 930 469 975 sic
491 931 746 990 indignatur
767 930 1026 991 Apostolus,
1053 931 1112 975 sic
1135 931 1340 990 corripit,
1366 931 1425 975 sie
1459 931 1717 991 exprobrat,
1745 932 1814 977 sic.
1851 931 1854 934 ⁴

411 1001 628 1062 increpat,
650 1004 708 1048 sic
735 1004 955 1048 minatur?
975 1003 1091 1057 Quid
1113 1013 1176 1048 est
1198 1004 1319 1064 quod
1352 1004 1417 1048 sui
1442 1004 1573 1048 animi
1597 1005 1804 1049 affectum

411 1083 498 1117 tam
522 1074 674 1118 crebra
697 1083 740 1119 et
763 1084 849 1119 tam
876 1091 1023 1135 aspera
1046 1075 1163 1120 vocis
1191 1076 1435 1120 mutatione
1456 1078 1666 1119 testatur?
1687 1075 1804 1129 Quid

409 1154 474 1189 est
495 1155 714 1205 postremo
736 1145 857 1207 quod
883 1146 938 1190 de
958 1147 1087 1190 rebus
1108 1146 1295 1190 minimis
1316 1155 1406 1190 tam
1430 1145 1652 1205 granditer
1670 1147 1804 1190 dicit?

410 1218 682 1260 Tantum-ne
710 1216 764 1260 de
791 1216 867 1260 illo
898 1217 1070 1274 negotia
1099 1216 1321 1260 saecularia
1353 1219 1637 1260 meruerunt?
1658 1217 1798 1261 Absit.

408 1286 492 1332 Sed
509 1288 594 1331 hoe
612 1287 715 1331 facit
727 1295 906 1346 propter
923 1287 1152 1347 justitiam,
1170 1287 1444 1342 charitatem,
1462 1287 1685 1347 pietatem,
1703 1304 1801 1349 quae

406 1357 528 1402 nulla
563 1357 707 1401 sobria
729 1366 876 1401 mente
897 1356 1152 1414 dubitante,
1178 1358 1308 1402 etiam
1331 1358 1375 1402 in
1399 1358 1528 1403 rebus
1557 1358 1800 1419 quamlibet

403 1429 595 1490 parvulis
617 1445 775 1489 magna
797 1439 912 1473 sunt.

463 1502 691 1545 XXXVII.
712 1503 822 1545 Sane
843 1501 875 1544 si
897 1515 1174 1545 moneremus
1187 1501 1405 1557 homines,
1423 1501 1798 1562 quemadmodum

403 1572 495 1632 ipsa
517 1571 688 1631 negotia
716 1570 936 1616 saeeularia
957 1571 1026 1616 vel
1045 1588 1124 1632 pro
1142 1588 1186 1616 se
1200 1608 1210 1628 ‚
1230 1571 1299 1616 vel
1321 1588 1400 1632 pro
1418 1573 1503 1617 suis
1524 1572 1641 1633 apud
1659 1573 1799 1618 eccle-
1853 1598 1854 1602 =

402 1641 591 1687 siasticos
619 1641 787 1703 judices
826 1657 949 1701 agere
988 1641 1221 1699 deberent,
1247 1652 1364 1687 recto
1393 1643 1726 1688 admoneremus
1748 1653 1798 1688 ut
1852 1662 1854 1677 2

403 1723 581 1773 agerent
599 1723 810 1775 tanquam
831 1730 962 1774 parva
994 1714 1203 1758 submisse
1224 1734 1231 1758 :
1258 1730 1359 1759 cum
1380 1730 1485 1759 vero
1506 1715 1560 1759 de
1583 1714 1697 1759 illius
1717 1715 1797 1760 viri

401 1785 658 1830 disseramus
681 1785 856 1846 eloquio
867 1822 877 1841 7
894 1801 1026 1846 quem
1043 1785 1246 1830 volumus
1258 1801 1408 1829 earum
1421 1800 1566 1829 rerum
1585 1802 1674 1830 esse
1687 1786 1795 1831 doc-

400 1865 538 1901 torem
553 1892 563 1912 ,
580 1856 740 1917 quibus
755 1855 992 1900 liberamur
1005 1856 1060 1899 ab
1076 1856 1246 1899 eeternis
1259 1854 1381 1899 malis
1393 1891 1403 1911 a
1419 1864 1550 1916 atque
1565 1855 1621 1900 ad
1634 1865 1795 1901 aeterna

398 1927 676 1988 pervenimus
699 1927 813 1971 bona
828 1948 838 1985 3
855 1927 1124 1987 ubicumque
1141 1935 1325 1985 agantur
1347 1927 1439 1970 hcee
1451 1962 1461 1982 ‚
1478 1927 1567 1970 sive
1581 1926 1637 1970 ad
1654 1942 1809 1991 popu-¹

398 1998 514 2054 lum,
551 1998 638 2042 sive
668 1998 868 2059 privatim
887 2033 897 2052 ‚
924 1998 1012 2041 sive
1041 1996 1095 2040 ad
1126 2012 1265 2040 unum
1282 2032 1292 2051 ,
1319 1997 1406 2040 sive
1430 1995 1483 2040 ad
1506 1996 1672 2056 plures,
1706 1997 1794 2042 sive

398 2069 455 2114 ad
477 2071 634 2115 amicos
651 2106 661 2126 ‚
688 2070 776 2115 sive
807 2069 861 2113 ad
894 2069 1115 2124 inimicos,
1141 2069 1229 2112 sive
1260 2068 1303 2111 in
1326 2077 1537 2128 perpetua
1576 2067 1788 2125 dictione,

394 2141 484 2186 sive
501 2141 546 2185 in
568 2140 859 2186 collocutione
874 2176 885 2195 ‚
907 2140 995 2184 sive
1015 2140 1061 2183 in
1074 2139 1353 2194 tractatibuS,
1372 2140 1459 2183 sive
1480 2140 1525 2183 in
1545 2139 1691 2196 libris,
1707 2140 1792 2185 sive

392 2213 438 2257 in
461 2212 650 2272 epistolis
668 2248 678 2268 ‚
700 2211 771 2256 vel
788 2210 1044 2270 longissimis
1060 2246 1070 2265 ,
1090 2209 1160 2255 vel
1184 2210 1442 2255 brevissimis
1458 2246 1468 2266 ‚
1494 2226 1652 2269 magna
1670 2220 1786 2255 sunt.
1804 2219 1808 2230 ‘

390 2283 480 2330 Nisi
502 2284 616 2328 forte
634 2283 843 2344 quoniam
866 2281 976 2326 calix
1003 2297 1128 2342 aquae
1151 2280 1323 2340 frigidae
1339 2316 1349 2336 ⁷
1370 2297 1436 2325 res
1457 2279 1637 2326 minima
1659 2291 1789 2343 atque

391 2352 593 2399 vilissima
616 2364 705 2410 est,
732 2353 832 2398 ideo
854 2352 1084 2397 minimum
1105 2351 1272 2412 aliquid
1290 2361 1421 2412 atque
1438 2352 1694 2397 vilissimum
1709 2357 1788 2398 Do-

391 2428 537 2472 minus
559 2428 638 2483 ait‚
671 2425 793 2487 quod
822 2441 924 2469 eum
952 2425 1030 2486 qui
1056 2423 1225 2468 dederit
1253 2422 1467 2484 discipulo
1490 2426 1605 2485 ejus,
1636 2443 1655 2467 «
1690 2427 1788 2470 Non

396 2516 417 2540 »
452 2497 608 2559 perdet
624 2495 869 2542 mercedem
889 2498 1051 2540 suam2.
1075 2515 1092 2536 ι)
1114 2497 1203 2539 Aut
1218 2509 1322 2539 vero
1338 2493 1517 2555 quando
1537 2494 1617 2539 iste
1634 2493 1786 2540 doctor

445 2591 452 2606 ¹
475 2596 486 2615 1
509 2587 579 2617 Cor.
603 2595 646 2624 vi,
674 2594 755 2615 1-10.
778 2600 818 2604 —
834 2589 845 2604 2
866 2581 974 2613 Manli.
996 2593 1025 2621 x,
1047 2582 1099 2622 *2¹¹*-

1830 994 1852 1020 ’et
