1854 3219
240 181 295 208 DE
326 182 477 210 GENESI
511 180 565 209 AD
599 180 841 219 LITTERAM,
878 181 1169 208 mmm-Beros
1201 181 1283 207 LIB.
1382 169 1464 206 113

11 275 13 277 -
77 245 162 290 rito
178 247 359 305 peccati.
395 247 488 292 Dici
513 256 660 292 autem
692 255 868 306 peccata
890 245 1103 290 naturalia
1119 281 1130 301 ,
1164 261 1264 306 quae
1294 259 1466 289 necesse

11 307 13 359 J
77 325 141 360 est
169 317 381 361 committi
413 326 512 361 ante
536 316 875 362 misericordiam
908 317 984 361 Dei
1000 353 1010 372 ‚
1032 326 1264 377 postquam
1283 316 1331 360 in
1352 316 1466 360 hanc

11 395 13 435 ἶ
76 387 210 433 vitam
241 404 318 449 per
338 398 567 449 peccatum
581 388 708 433 liberi
731 388 897 433 arbitrii
933 387 1042 448 lapsi
1063 403 1227 433 sumus.

138 462 214 504 IV.
265 461 482 507 Renovari
510 470 662 506 autem·
689 460 913 505 hominem
946 476 1023 520 per
1059 464 1209 506 ‚Iesum
1243 460 1465 505 Christum

77 531 314 576 Dominum
340 541 538 577 nostrum
554 567 565 588 ,
595 548 696 577 cum
721 532 812 592 ipsa
844 530 1076 577 ineffabilis
1099 548 1147 576 ac
1172 532 1468 576 incommuta-

77 600 175 646 bilis
205 602 282 646 Dei
311 603 528 663 Sapientia
548 602 730 663 plenum
752 612 984 663 totumque
1007 603 1232 648 hominem
1253 602 1469 661 suscipere

14 665 15 669 ¹
78 671 258 732 dignata
276 683 363 730 est,
396 683 440 718 et
460 673 578 719 nasci
606 673 662 718 de
693 673 856 734 Spiritu
878 682 1028 718 sancto
1050 684 1093 718 et
1114 673 1279 732 virgine
1297 673 1433 717 Maria
1454 707 1465 727 ‚

79 744 299 803 crucifigi,
331 744 524 805 sepeliri,
549 754 593 790 et
613 760 858 804 resurgere,
884 753 926 789 et
949 743 1181 789 ascendere
1208 744 1255 788 in
1276 742 1440 788 coelum
1457 778 1469 799 ‚

79 814 200 876 quod
222 816 314 875 jam
346 814 511 860 factum
539 825 631 873 est3
661 825 705 861 et
733 815 883 860 venire
915 815 970 860 ad
995 815 1256 876 judicandos
1281 815 1402 860 vivos
1429 825 1473 859 et

13 880 19 946 ζ
79 894 274 930 mortuos
301 885 349 930 in
375 887 463 930 fine
486 885 656 942 saeculi,
689 896 733 931 et
749 886 1109 932 resurrectionem
1129 895 1405 932 mortuorum
1426 885 1471 929 in

14 960 18 1015 'j
80 971 210 1000 carne
225 991 236 1012 ,
262 956 384 1017 quod
405 955 549 1001 adhuc
569 955 770 1002 futurum
791 956 1068 1018 praedicatur.
1091 961 1252 1002 Datum
1270 971 1359 1000 esse
1384 955 1473 1015 Spi-

15 1037 19 1087 13
83 1026 220 1071 ritum
237 1036 438 1073 sanctum
469 1027 746 1073 credentibus
779 1029 825 1074 in
856 1045 972 1074 eum.
1005 1029 1300 1075 Constitutam
1322 1027 1376 1071 ab
1399 1025 1475 1071 illo

17 1095 19 1114 ⁴
80 1108 265 1144 matrem
302 1099 567 1157 Ecclesiam,
599 1117 699 1162 quae
724 1100 950 1147 Catholica
979 1100 1138 1146 dicitur
1155 1136 1165 1156 ,
1207 1116 1257 1145 ex
1289 1114 1340 1144 eo
1373 1098 1475 1159 quia

18 1167 21 1234 ζ
80 1170 379 1216 universaliter
394 1169 587 1232 perfecta
609 1181 693 1228 est,
720 1181 764 1217 et
784 1173 830 1216 in
847 1171 972 1217 nullo
996 1171 1212 1217 claudicat
1228 1207 1238 1227 ‚
1257 1181 1300 1216 et
1315 1186 1393 1231 per
1411 1181 1475 1215 to-

79 1251 175 1287 tum
198 1243 351 1288 orbem
373 1242 532 1288 diffusa
551 1253 629 1289 est.
658 1246 852 1289 Remissa
873 1260 962 1289 esse
983 1244 1302 1304 poenitentibus
1328 1244 1474 1303 priora

81 1323 281 1373 peccata,
307 1324 351 1359 et
366 1314 500 1360 vitam
527 1324 737 1360 aeternam
758 1315 1060 1377 coelorumque
1083 1329 1268 1375 regnum
1287 1315 1476 1375 promis-

20 1403 21 1408 *
82 1398 196 1430 sum„

19 1502 23 1538 ³.
83 1517 1474 1537 mmmmmw1mmmrmmmmmmmm

623 1629 841 1682 CAPUT
874 1633 943 1680 II.

21 1731 25 1733 “
85 1748 229 1796 Modz·
258 1749 557 1812 exponendae
588 1752 745 1815 Legis.
771 1780 828 1786 -
850 1752 1092 1800 Historia.
1119 1782 1175 1788 —-
1201 1754 1474 1819 Allegorz'a.

21 1831 23 1833 ’
410 1850 467 1857 -
482 1822 752 1887 Analogia.
777 1852 834 1859 ·-
856 1824 1145 1890 AEtz'ologia.

25 2002 28 2008 .
146 1948 200 1990 V.
218 1947 456 1992 SECUNDUM
466 1947 580 1992 hanc
596 1947 730 1992 fidem
743 1964 843 2009 quae
855 1959 1038 2010 possunt
1048 1950 1094 1994 in
1107 1951 1191 1995 hoc
1208 1949 1323 1996 libro
1340 1951 1480 2012 quaeri

24 2010 27 2068 f
88 2026 133 2062 et
172 2016 384 2078 disputari
399 2053 410 2074 ,
450 2017 816 2064 considerandum
850 2030 929 2065 est.
978 2041 998 2064 «
1035 2024 1086 2066 In
1121 2022 1336 2082 principio
1375 2021 1480 2068 fecit

91 2106 114 2131 ³)
146 2092 262 2134 Deus
283 2089 449 2135 coelum
466 2099 511 2135 et
530 2098 692 2136 terram
706 2093 737 2135 1.
765 2109 786 2134 »
805 2094 1004 2146 Quatuor
1027 2092 1148 2138 modi
1166 2110 1190 2138 a
1212 2093 1478 2155 quibusdam

26 2210 28 2214 ἱ
91 2159 412 2220 Scripturarum
439 2161 746 2206 tractatoribus
766 2162 1002 2208 traduntur
1025 2164 1151 2224 Legis
1177 2165 1446 2225 exponendae
1463 2200 1476 2222 ,

24 2224 32 2266 ἰ
89 2246 279 2293 quorum
297 2231 513 2277 vocabula
534 2233 754 2277 enuntiari
783 2248 921 2293 graece
942 2245 1149 2295 possunt,
1174 2234 1309 2281 latine
1331 2237 1479 2282 au'tem

27 2294 29 2313 ⁷
90 2299 261 2346 desmiri
280 2311 325 2347 et
345 2302 548 2363 explicari
577 2323 586 2350 :
609 2304 853 2349 secundum
873 2305 1122 2363 historiam,
1147 2306 1388 2353 secundum
1411 2307 1478 2353 al·-

25 2416 31 2431 ,
89 2369 321 2430 legoriam‚
352 2373 593 2419 secundum
625 2374 894 2433 analogiam,
930 2376 1172 2422 secundum
1198 2378 1474 2437 aetiologiam.

92 2442 280 2488 Historia
302 2453 388 2502 est,
415 2461 517 2491 cum
540 2446 632 2509 >sive
650 2444 858 2492 divinitus
885 2448 972 2493 sive
998 2448 1250 2495 humanitus
1271 2465 1337 2495 res
1361 2460 1478 2509 gesta

141 2535 151 2553 ¹
167 2531 247 2564 Gen.
266 2541 290 2573 1,
308 2542 337 2564 1.

281 2594 386 2626 cxn.
1216 2590 1240 2629 8
