1854 3219
347 243 400 269 DE
432 240 641 269 noc'rRmA
673 240 925 268 CHRISTIANA
958 242 1040 267 Lm.
1079 242 1137 267 lv.
1377 226 1431 265 83

47 305 94 350 in
116 306 306 352 Ecclesia
339 305 442 351 facit
478 306 580 351 inde
602 322 866 362 sermonem,
891 321 1074 367 parvum
1104 303 1268 365 aliquid
1302 300 1435 348 debet

48 376 289 423 existimare
310 393 355 422 se
377 376 520 421 dicere
538 399 549 435 3
574 386 618 421 et
638 376 736 422 ideo
757 393 848 422 non
870 385 1129 437 temperate,
1154 391 1243 419 non
1263 373 1434 434 grandi-

46 456 134 504 ter,
160 448 236 493 sed
247 447 456 492 submisse
469 448 551 492 sibi
573 464 662 493 esse
679 447 930 493 dicendum.
948 451 1102 493 Nonne
1116 446 1295 508 quando
1318 445 1433 490 acci-

49 516 116 562 dit
136 527 187 563 ut
207 517 262 563 de
282 518 364 563 hac
390 534 434 562 re
455 517 736 579 loqueremur
758 517 813 562 ad
830 518 1068 578 populum,
1099 526 1143 562 et
1168 520 1283 561 Deus
1306 514 1436 560 affuit

48 597 100 632 ut
116 604 206 633 non
221 589 462 649 incongrue
478 588 741 645 diceremus,
763 598 973 649 tanquam
987 588 1040 632 de
1058 587 1130 632 illa
1147 603 1259 648 aqua
1282 585 1436 644 frigida

49 659 253 721 quaedam
280 660 455 705 flamma
481 661 703 716 surrexit1,
743 677 842 722 quae
872 661 1003 704 etiam
1027 658 1183 719 frigida
1204 658 1436 703 hominum

50 740 241 792 pectora,
257 731 316 776 ad
327 732 633 778 misericordiae
650 748 780 793 opera
792 730 989 777 facienda
1000 767 1010 787 ,
1028 747 1101 791 spe
1118 729 1305 775 coelestis
1320 744 1437 774 mer-

49 801 166 847 cedis
183 803 464 848 accenderet?

57 962 1440 981 mmmmmimmmmnmmmommimmwm.

577 1087 796 1137 CAPUT
834 1084 932 1141 XO<

260 1229 404 1276 Alias
435 1229 532 1276 alio
563 1229 792 1275 utendum
823 1229 1018 1276 dicendi
1042 1246 1234 1292 genere.

113 1366 364 1410 XXXVIII.
386 1368 450 1410 ΕΤ
462 1374 721 1410 tamencum
738 1365 892 1410 doctor
912 1366 992 1409 iste
1009 1364 1167 1409 debeat
1184 1380 1327 1409 rerum
1350 1365 1446 1410 dic-

53 1445 123 1482 tor
134 1451 224 1481 esse
234 1452 492 1496 magnarum
506 1473 516 1492 ,
533 1453 624 1482 non
638 1452 808 1496 semper
821 1452 890 1480 eas
904 1435 1036 1480 debet
1048 1435 1269 1494 granditer
1281 1436 1441 1493 dicere,

0 1533 2 1555 x
50 1506 129 1553 sed
150 1505 378 1564 submisse,
403 1524 504 1552 cum
528 1507 694 1568 aliquid
715 1506 926 1559 docetur3
954 1507 1186 1567 temperate
1204 1543 1214 1562 ,
1239 1523 1339 1552 cum
1364 1508 1445 1552 ali-

0 1581 1 1598 *
53 1578 163 1641 q'uid
172 1579 461 1640 vituperatur,
476 1580 563 1624 sive
575 1578 801 1623 laudatur:
818 1594 918 1623 cum
930 1594 1033 1624 vero
1048 1577 1214 1639 aliquid
1227 1580 1446 1638 agendum

52 1660 138 1707 est,
164 1660 208 1696 et
224 1649 280 1696 ad
302 1667 374 1696 eos
395 1649 639 1712 loquimur,
660 1651 831 1712 quihoc
854 1667 979 1710 agere
998 1650 1182 1706 debent,
1200 1667 1279 1695 1166
1298 1661 1446 1695 tamen

55 1722 233 1779 volunt,
249 1732 356 1767 tunc
377 1738 426 1766 ea
442 1738 542 1783 quae
562 1737 720 1780 magna
742 1733 864 1778 sunt,
882 1722 1068 1767 dicenda
1089 1732 1191 1768 sunt
1204 1722 1440 1781 granditer,

55 1804 107 1840 et·
122 1794 176 1839 ad
194 1793 432 1839 flectendos
447 1796 611 1839 animos
631 1804 936 1854 congruenter.
957 1798 1013 1840 Et
1035 1795 1272 1856 aliquando
1285 1796 1340 1840 de
1358 1813 1446 1840 una

57 1864 297 1926 eademque
318 1880 364 1909 re
391 1880 570 1923 magna,
602 1875 646 1910 et
673 1866 882 1910 submisse
905 1865 1085 1922 dicitur,
1113 1867 1147 1911 si
1168 1867 1378 1925 docetur,
1404 1877 1447 1912 et

55 1945 323 1997 temperate,
348 1936 383 1981 si
408 1937 699 1997 praedicatur,
725 1946 768 1980 61
803 1937 1040 1996 granditer,
1072 1937 1105 1981 si
1137 1953 1308 1982 aversus
1345 1938 1447 1983 inde

59 2009 228 2053 animus
241 2017 578 2054 utconvertatur
590 2007 966 2069 impellitur.Quid
979 2008 1093 2053 enim
1104 2013 1194 2054 Deo
1208 2010 1300 2070 ipso
1312 2011 1449 2071 majus

60 2083 148 2126 est?
162 2080 390 2141 Numquid
409 2080 508 2126 ideo
529 2097 620 2126 non
637 2080 845 2125 discitur?
866 2084 955 2126 Aut
980 2082 1057 2142 qui
1079 2080 1208 2126 docet
1237 2083 1450 2127 unitatem

59 2151 302 2208 Trinitatis,
327 2151 459 2197 debet
479 2152 561 2196 nisi
583 2152 794 2197 submissa
817 2152 1112 2212 disputatione
1135 2169 1261 2212 agere
1276 2189 1286 2208 ,
1310 2163 1362 2198 ut
1384 2169 1449 2198 res

11 2271 16 2276 ⁴
62 2222 469 2283 addignoscendum
485 2223 687 2279 difficilis,
699 2234 913 2285 quantum
927 2224 1078 2279 datur,
1094 2225 1227 2285 possit
1240 2225 1452 2284 intelligi?

10 2277 18 2390 1
61 2293 286 2354 Numquid
307 2294 378 2339 1116
399 2303 654 2340 ornamenta
669 2331 679 2350 ,
706 2304 750 2339 et
770 2311 860 2339 non
878 2295 1142 2340 documenta
1165 2297 1453 2357 quaeruntur?

14 2393 18 2436 ἶ
55 2363 287 2433 ¹Numquid
310 2374 361 2409 ut
389 2364 554 2426 aliquid
593 2374 690 2423 agat
718 2374 783 2409 est
809 2365 1051 2410 flectendus
1079 2365 1271 2421 auditor,
1297 2365 1455 2410 et'non

15 2440 19 2472 1
63 2435 209 2495 potius
234 2445 286 2480 ut
308 2435 447 2481 discat
474 2436 781 2481 instruendus?
799 2441 934 2481 Porro
971 2453 1072 2482 cum
1106 2436 1312 2482 laudatur
1340 2440 1453 2482 Deus

15 2473 21 2577 1
57 2506 154 2551 ‘sive
166 2507 218 2550 de
239 2518 283 2551 se
299 2507 407 2567 ipso,
423 2507 512 2552 sive
528 2507 583 2552 de
600 2508 805 2568 operibus
819 2508 919 2563 suis,
936 2517 1100 2568 quauta
1115 2507 1244 2553 facies
1261 2507 1454 2568 pulchrae

20 2677 21 2699 1

118 2607 125 2624 ³
150 2602 285 2635 mach.
306 2615 328 2644 ι,
343 2603 394 2635 32.
1177 2647 1200 2683 ὓ
