1854 3219
320 239 374 265 DE
406 237 557 264 GENEst
591 235 646 262 An
679 237 917 275 LITTERAM,
954 239 1034 264 Lis.
1072 238 1166 264 vm.
1352 223 1436 263 405

51 301 159 347 dant
180 317 203 346 a
217 304 308 347 Deo
324 301 503 356 factum,
521 301 631 345 sicut
651 300 760 345 alius
783 300 930 346 nullus
949 300 1087 346 factus
1105 310 1191 359 est,
1211 316 1288 345 cur
1307 315 1437 361 para-

52 372 196 417 disum
217 372 375 418 nolunt
404 372 464 416 ita
488 371 653 417 factum
683 370 886 428 credere,
920 372 1293 433 quemadmodum
1320 387 1439 416 nunc

49 442 201 489 vident
219 443 360 502 sylvas
381 443 505 488 fieri?

110 518 186 559 IV.
213 513 284 559 Ad
315 529 387 559 eos
424 514 588 575 quippe
620 512 805 575 loquor,
842 514 918 574 qui
951 514 1254 559 auctoritatem
1282 514 1440 558 harum

51 584 314 630 Litterarum
336 593 605 646 sequuntur:
626 599 779 629 eorum
800 584 917 628 enim
938 584 1119 645 quidam
1141 599 1232 628 non
1246 585 1437 643 proprie,

49 656 126 700 sed
152 657 334 714 figurate
357 656 606 716 paradisum
628 655 812 714 intelligi
833 655 1003 701 volunt.
1029 658 1139 701 Nam
1161 655 1238 716 qui
1260 655 1440 700 omnino

50 727 335 773 adversantur
347 729 413 774 his
425 728 614 784 Litteris,
631 727 734 772 alias
747 743 848 773 cum
863 727 922 772 eis
941 737 1071 788 atque
1087 726 1211 771 aliter
1224 727 1408 786 egimus¹
1427 745 1437 771 :

48 815 303 860 quanquam
333 809 378 844 et
407 800 502 844 haec
537 800 582 843 in
613 799 698 844 hoc
728 799 822 858 ipso
854 813 984 858 opere
1015 807 1187 853 nostro,
1222 806 1440 859 quantum

48 869 257 926 valemus,
282 870 342 915 ita
359 869 645 914 defendamus
667 869 723 914 ad
738 868 950 924 litteram,
976 878 1026 912 ut
1048 870 1124 929 qui
1146 885 1235 914 non
1253 869 1441 913 rationa-

48 940 194 985 biliter
225 940 360 996 moti,
384 950 563 1000 propter
596 941 791 985 animum
821 941 1091 1000 pervicacem
1116 939 1187 984 vel
1210 939 1436 994 hebetem,

47 1012 223 1055 credere
259 1012 339 1056 ista
371 1011 616 1056 detrectant
634 1047 644 1066 ,
676 1010 844 1055 nullam
875 1020 1022 1055 tamen
1052 1010 1278 1054 inveniant
1309 1010 1442 1054 ratio-

48 1096 148 1126 nem
179 1082 298 1126 unde
328 1080 434 1127 salsa
463 1097 552 1127 esse
584 1083 862 1127 convincant.
901 1084 1066 1126 Verum
1096 1082 1164 1126 isti
1197 1081 1332 1126 nostri
1362 1081 1441 1141 qui

47 1152 180 1197 fidem
203 1153 370 1197 habent
395 1153 461 1198 his
490 1152 647 1199 divinis
669 1154 810 1198 Libris
826 1189 836 1208 ,
866 1162 910 1197 et
939 1152 1098 1197 nolunt
1120 1151 1366 1212 paradisum
1386 1153 1439 1196 ad

46 1224 352 1283 proprietatem
386 1223 542 1268 litterae
575 1223 786 1283 intelligi,
822 1224 969 1267 locum
1001 1223 1163 1267 scilicet
1194 1223 1438 1267 amoenissi-

45 1309 169 1337 mum
186 1293 419 1339 fructuosis
440 1294 695 1337 nemoribus
718 1302 971 1352 opacatum,
999 1292 1294 1352 eumdemque
1315 1308 1439 1352 mag-

46 1380 155 1410 num
197 1374 240 1409 et
281 1381 441 1424 magno
479 1365 602 1410 fonte
634 1363 895 1409 foecundum
919 1400 930 1419 ,
977 1380 1079 1409 cum
1109 1363 1286 1409 videant
1316 1364 1439 1409 nulla

46 1437 237 1481 humana
254 1451 384 1496 opera
408 1444 473 1480 tot
494 1452 542 1480 ac
564 1445 686 1480 tanta
699 1436 835 1480 vireta
853 1435 1093 1493 sylvescere
1111 1434 1284 1480 occulto
1309 1451 1440 1495 opere

46 1507 145 1563 Dei,
175 1507 309 1552 miror
340 1506 716 1567 quemadmodum
746 1507 934 1551 credunt
965 1507 1108 1566 ipsum
1134 1507 1359 1551 hominem
1380 1508 1439 1551 ita

44 1576 236 1634 factum,
277 1576 654 1638 quemadmodum
685 1592 912 1637 nunquam
951 1576 1172 1621 viderunt.
1209 1580 1300 1621 Aut
1330 1578 1365 1621 si
1396 1587 1440 1622 et

44 1649 135 1709 ipse
152 1650 335 1706 figurate
351 1647 663 1706 intelligendus
681 1656 760 1702 est,
781 1647 877 1707 quis
896 1647 1048 1706 genuit
1068 1649 1180 1691 Cai'n
1197 1656 1240 1690 et
1261 1647 1375 1691 Abel
1397 1656 1440 1691 et

46 1719 176 1764 Seth?
197 1721 268 1763 An
289 1727 333 1762 et
359 1717 440 1777 ipsi
462 1718 647 1776 figurate
669 1725 844 1761 tantum
866 1715 1062 1771 fuerunt,
1089 1732 1180 1761 non
1203 1718 1336 1761 etiam
1356 1718 1440 1761 ho-

43 1789 182 1833 mines
215 1803 266 1832 ex
295 1787 548 1832 hominibus
579 1788 696 1832 nati?
733 1791 796 1832 De
836 1787 1034 1846 proximo
1066 1802 1169 1845 ergo
1209 1786 1439 1832 attendant

43 1860 170 1904 istam
191 1859 579 1919 praesumptionem
596 1874 685 1918 quo
703 1856 857 1901 tendat
873 1893 884 1911 ,
910 1866 954 1900 ct
975 1866 1191 1901 conentur
1207 1857 1438 1902 nobiscum

44 1939 202 1975 cuncta
232 1930 432 1989 primitus
463 1945 565 1990 quae
607 1938 725 1988 gesta
767 1937 1000 1972 narrantur
1042 1928 1085 1971 in
1119 1927 1436 1987 expressionem

44 2000 319 2060 proprietatis
341 1999 551 2059 accipere.
573 2000 680 2053 Quis
702 1998 819 2043 enim
843 1998 903 2042 eis
923 2007 1072 2058 postea
1097 2013 1184 2043 non
1200 1998 1345 2043 faveat
1364 1999 1436 2042 in-

45 2070 339 2130 telligentibus
356 2070 465 2131 quid
476 2071 556 2115 ista
569 2071 699 2115 etiam
715 2072 899 2130 figurata
917 2071 1231 2130 significatione
1245 2086 1438 2115 commo-

43 2151 199 2198 neant,
230 2142 318 2186 sive
344 2142 536 2200 ipsarum
559 2141 820 2201 spiritalium
850 2151 1105 2186 naturarum
1135 2140 1205 2186 vel
1237 2141 1435 2186 affectio-

44 2228 174 2268 num,
199 2213 288 2257 sive
315 2227 462 2255 rerum
490 2211 621 2255 etiam
654 2211 929 2256 futurarum?
955 2215 1063 2257 Sanc
1086 2213 1120 2256 si
1146 2212 1271 2257 nullo
1302 2213 1436 2257 modo

43 2292 221 2343 possent
236 2282 352 2327 salva
373 2281 460 2326 fide
479 2282 673 2326 veritatis
691 2298 756 2338 ea,
777 2300 877 2344 quae
895 2282 1178 2343 corporaliter
1199 2285 1270 2329 hic
1287 2284 1434 2329 nomi-

43 2364 144 2398 nata
161 2362 278 2409 sunt,
295 2352 578 2412 corporaliter
594 2353 724 2396 etiam
743 2355 894 2414 accipi,
913 2354 1021 2415 quid
1038 2353 1158 2398 aliud
1172 2364 1431 2409 remaneret,

45 2425 127 2469 nisi
143 2434 193 2468 ut
210 2440 258 2469 ea
275 2425 419 2484 potius
432 2425 616 2485 figurate
634 2425 748 2469 dicta
766 2425 1122 2485 intelligeremus,
1143 2443 1277 2487 quam
1296 2427 1435 2486 Scrip-

46 2503 190 2539 turam
218 2504 409 2539 sanctam
438 2496 571 2555 impic
604 2495 907 2556 culparemus?
941 2500 1075 2541 Porro
1105 2506 1252 2542 autem
1275 2498 1308 2540 si
1345 2512 1434 2542 non

92 2587 102 2602 ¹
123 2579 193 2613 Lib.
208 2581 248 2613 do
267 2582 345 2614 Gen.
364 2584 478 2614 contra
497 2580 633 2613 Marich.
