1854 3219
336 228 391 255 DE
424 227 574 256 GENESI
607 225 662 254 AD
694 225 929 267 LITTERAM,
953 228 1035 255 Lm.
1073 229 1120 254 11.
1337 218 1418 256 193

40 292 234 338 dantem.
262 293 306 339 Si
327 302 473 338 autem
493 293 575 338 sub
604 308 735 354 aquas
756 293 817 337 ire
847 294 1019 353 cogitur
1041 309 1091 338 ex
1121 307 1242 349 vase,
1275 302 1326 337 ut
1346 293 1422 338 illo

38 363 221 409 cedente
239 380 313 410 vas
334 364 389 409 ab
407 379 481 409 ore
498 364 544 408 in
560 363 646 408 ima
662 379 808 424 presso
823 363 981 424 repleri
1000 365 1105 410 velis
1117 400 1127 420 ,
1146 363 1316 409 facilius
1338 380 1424 408 un-

40 434 105 480 dis
126 435 323 497 undique
347 451 520 482 versum
537 436 786 496 cooperitur
801 471 812 491 ,
835 451 968 496 quani
989 452 1066 496 per
1087 452 1133 481 os
1156 438 1248 496 ejus
1272 436 1327 481 ab
1351 436 1422 480 in-

40 504 197 552 feriore
218 515 340 567 parte
360 504 551 551 intrandi
573 515 695 566 gutta
717 506 874 566 exigua
890 507 1047 567 repetit
1067 506 1229 552 locum.

42 664 356 682 wwvvmmmmwbae
361 663 782 682 mmmmm
787 663 1425 681 wwxwwmmnmwvwwwmwmwtm

535 787 752 838 CAPUT
797 789 889 836 III.

469 931 611 997 Ignis
632 934 850 996 superior
870 939 1001 979 cedre.

103 1084 179 1128 VI.
215 1086 240 1129 J
244 1099 419 1129 AMVEno
441 1084 589 1144 ignem
603 1084 659 1129 ad
671 1099 858 1144 superna
880 1083 1138 1128 emicantem
1157 1081 1287 1125 etiam
1300 1081 1432 1141 ipsius

45 1153 151 1199 aeris
191 1164 394 1200 naturam
433 1153 547 1201 velle
588 1154 915 1210 transcendere,
968 1152 1064 1214 quis
1112 1168 1203 1197 non
1252 1152 1435 1196 sentiat?

44 1225 408 1286 quandoquidem
422 1225 456 1270 si
479 1226 706 1270 ardentem
727 1223 917 1269 faculam
938 1223 1078 1283 capite
1096 1222 1299 1268 deorsum
1316 1223 1436 1283 quis-

45 1311 133 1357 que
153 1304 325 1352 teneat,
351 1295 636 1357 nihilominus
658 1297 848 1340 ssammae
872 1295 1001 1340 crinis
1019 1294 1074 1338 ad
1092 1295 1312 1354 superiora
1333 1303 1441 1338 con-⁴

45 1364 204 1410 tendit.
238 1365 323 1411 Sed
344 1366 555 1426 quoniam
587 1365 841 1411 circumfusi
871 1381 920 1410 ac
947 1364 1163 1425 superfusi
1197 1365 1304 1409 ae'ris
1326 1380 1440 1424 prae-

44 1435 229 1496 pollenti
245 1436 562 1497 constipatione
582 1436 769 1481 subinde
782 1436 890 1494 ignis
908 1435 1193 1495 extinguitur,
1215 1444 1258 1479 et
1279 1435 1325 1478 in
1349 1435 1440 1494 ejus

47 1506 304 1568 qualitatem
332 1523 412 1568 per
441 1506 757 1552 abundantiam
785 1516 1013 1567 superatus
1038 1505 1225 1551 subinde
1244 1522 1438 1551 commu-

47 1587 166 1623 tatur
186 1593 235 1623 ac
255 1578 441 1624 vertitur
457 1613 468 1634 ,
495 1577 551 1623 ad
581 1578 828 1624 universam
851 1579 944 1638 ejus
977 1577 1254 1621 altitudinem
1284 1577 1440 1621 transi-

47 1648 240 1694 liendam
263 1665 354 1695 non
375 1658 517 1710 potest
529 1649 781 1710 perdurare.
809 1652 964 1709 Itaque
985 1664 1115 1709 super
1136 1652 1278 1693 aerem
1302 1664 1438 1709 purus

47 1719 157 1778 ignis
178 1735 268 1765 esse
289 1719 450 1766 dicitur
473 1719 637 1766 coelum
653 1756 664 1775 ,
693 1720 814 1765 unde
835 1721 966 1764 etiam
993 1720 1131 1764 sidera
1153 1729 1285 1781 atque
1306 1720 1441 1765 lumi-

50 1791 172 1836 naria
198 1791 314 1837 facta
335 1793 583 1852 conjectant
597 1827 609 1847 ,
641 1791 757 1836 illius
789 1790 992 1836 videlicet
1013 1791 1152 1850 igneae
1174 1790 1283 1835 lucis
1305 1792 1352 1835 in
1371 1807 1440 1836 eas

50 1861 235 1919 formas,
256 1877 364 1923 quas
392 1862 439 1906 in
467 1862 580 1907 coelo
594 1862 837 1917 cernimus,
865 1860 1124 1919 conglobata
1147 1861 1442 1923 dispositaque

50 1942 208 1978 natura
234 1949 244 1974 ε
278 1949 327 1978 ac
353 1947 432 1993 per
453 1933 538 1978 hoc
566 1933 677 1977 sicut
708 1941 922 1976 terrarum
943 1930 1213 1991 ponderibus
1236 1941 1279 1977 et
1300 1937 1372 1977 aer
1397 1943 1440 1978 et

51 2019 163 2065 aqua
189 2002 329 2059 cedit,
368 2012 420 2047 ut
438 2002 494 2047 ad
514 2011 673 2048 terram
695 2002 980 2063 perveniant:
1004 2003 1063 2046 sic
1086 2018 1300 2063 aquarum
1325 2019 1440 2063 pon-

50 2072 171 2130 deri,
195 2083 240 2119 et
268 2073 360 2134 ipse
381 2078 454 2118 aer
479 2073 622 2130 cedit,
651 2083 703 2118 ut
722 2073 792 2118 vel
821 2074 877 2117 ad
909 2064 1070 2117 terram
1097 2072 1165 2118 vel
1205 2073 1260 2118 ad
1282 2091 1442 2136 aquam

51 2145 290 2206 perveniat.
312 2145 438 2190 Unde
454 2144 637 2204 intelligi
653 2145 809 2190 volunt
829 2145 914 2190 hoc
936 2145 1069 2190 modo
1091 2160 1264 2190 necesse
1285 2145 1437 2203 fuisse,

53 2225 106 2261 ut
127 2219 200 2260 aer
213 2231 390 2277 quoque
406 2216 441 2260 si
461 2216 558 2277 quis
579 2216 671 2276 ejus
692 2215 951 2276 particulam
967 2216 1013 2260 in
1036 2217 1181 2277 spatiis
1198 2217 1280 2262 illis
1303 2218 1441 2262 subli—

44 2287 198 2331 -mibus
212 2286 313 2332 coeli
333 2296 477 2347 posset
499 2286 738 2342 dimittere,
765 2286 960 2346 pondere
981 2303 1059 2332 suo
1082 2288 1281 2344 caderet,
1304 2288 1443 2334 donec

59 2357 115 2401 ad
135 2357 247 2402 aeria
288 2358 439 2402 subter
461 2357 597 2418 spatia
631 2357 888 2417 perveniret.
922 2361 1198 2419 Quapropter
1229 2359 1444 2419 colligunt

57 2427 199 2473 multo
219 2428 364 2473 minus
386 2444 478 2473 esse
499 2444 624 2489 posse
654 2428 774 2489 aquis
797 2444 926 2489 supra
947 2428 1060 2474 illud
1080 2430 1256 2488 igneum
1281 2432 1443 2476 coelum

59 2497 227 2560 aliquid
247 2498 333 2545 loci
345 2534 357 2556 ,
376 2515 478 2545 cum
494 2499 582 2545 illic
599 2502 672 2545 ae'r
691 2499 833 2545 multo
860 2501 982 2561 aquis
1003 2500 1140 2547 levior
1161 2517 1336 2547 manere
1353 2518 1444 2547 non

59 2571 208 2630 possit.

273 2653 378 2684 exn.
1183 2646 1231 2685 13
