1854 3219
367 225 422 253 DE
454 221 606 253 GENESI
639 221 695 252 An
725 221 965 263 LITTERAM,
1000 225 1082 253 Lm.
1119 225 1162 252 x.
1382 211 1465 253 495

79 363 1467 383 WWWWUUWWWENWWRMNWWUMMNUNJWWMNWVUWMVWWWWW

582 461 799 513 CAPUT
848 466 956 514 XV.

227 581 370 630 Idem
392 593 729 648 argumentum
745 585 958 644 penitius
982 584 1308 630 examinatur.

133 708 296 754 XXVI.
324 711 441 763 Qum
468 724 597 769 ergo,
633 710 692 755 ait
714 709 868 771 aliquis
885 746 896 766 ,
929 711 962 755 si
991 711 1075 756 hoc
1102 725 1192 755 non
1223 709 1469 754 curaverint

74 779 141 824 sui
156 815 167 836 ,
188 779 260 825 vel
282 780 540 826 infidelitate
555 817 565 837 ,
596 780 667 827 vel
688 780 984 841 negligentia?
1014 784 1108 826 Hoc
1136 780 1317 842 quidem
1338 780 1468 824 etiam

74 848 130 895 de
151 851 389 911 majoribus
408 851 491 896 dici
508 860 668 912 potest.
689 856 876 897 Possunt
896 853 1013 896 enim
1029 852 1101 898 vel
1116 861 1294 913 repente
1311 851 1465 906 emori,

73 919 142 965 vel
175 921 293 981 apud
320 937 392 967 eos
420 931 655 981 aegrotare,
694 923 772 967 ubi
802 923 862 968 eis
894 939 984 983 quo
1017 923 1310 983 baptizentur,
1336 937 1468 967 nemo

73 992 317 1038 subveniat.
346 993 431 1039 Sed
451 993 537 1049 illi,
563 994 722 1054 inquit,
739 994 907 1039 liabent
928 994 1058 1038 etiam
1078 994 1253 1054 propria
1271 999 1464 1053 peccata,

72 1078 262 1123 quorum
276 1063 501 1124 indigeant
516 1065 765 1109 remissione
777 1100 787 1120 ,
809 1081 908 1125 quae
926 1065 960 1109 si
983 1064 1156 1109 dimissa
1174 1079 1264 1108 non
1282 1062 1463 1118 fuerint,

73 1147 203 1177 nemo
217 1149 289 1178 eos
306 1143 422 1178 recte
438 1135 553 1178 dicet
565 1134 784 1179 immerito
797 1134 929 1194 plecti
942 1151 1022 1194 pro
1036 1135 1101 1190 iis,
1116 1134 1274 1195 quasin
1289 1149 1366 1178 sua
1380 1133 1467 1178 vita

71 1219 147 1248 sua
168 1204 394 1249 voluntate
416 1205 734 1249 commiserint:
761 1205 835 1249 illa
853 1221 957 1250 vero
980 1206 1144 1261 anima,
1171 1205 1242 1249 cui
1264 1203 1465 1265 quaedam

71 1276 274 1334 contagio
301 1284 439 1320 tracta
469 1275 524 1319 de
552 1291 681 1320 carne
715 1276 907 1336 peccati,
933 1277 966 1320 si
989 1276 1043 1320 de
1066 1275 1139 1320 illa
1163 1276 1301 1336 prima
1322 1276 1466 1320 anima

69 1345 310 1404 peccatrice
332 1361 422 1390 non
450 1355 593 1390 creata
621 1355 710 1401 cst,
744 1345 867 1390 nullo
901 1346 1033 1390 modo
1062 1346 1269 1406 imputari
1298 1354 1462 1405 potest3

69 1416 239 1475 (neque
262 1416 377 1462 enim
390 1416 482 1460 ullo
500 1425 678 1475 peccato
694 1451 704 1470 ,
730 1416 807 1460 scd
829 1425 984 1460 natura
1006 1432 1092 1476 qua
1110 1417 1169 1460 sic
1188 1415 1302 1461 facta
1324 1425 1402 1471 est,
1423 1425 1466 1460 et

70 1487 160 1530 Deo
182 1485 314 1530 dante
330 1486 450 1530 carni
471 1485 573 1530 data
591 1488 703 1544 est3)
725 1501 802 1530 cur
825 1485 1087 1530 alienabitur
1105 1487 1159 1530 ab
1177 1496 1338 1531 aeterna
1356 1488 1460 1543 vita,

69 1556 104 1600 si
120 1556 381 1616 baptizando
398 1556 555 1601 infanti
575 1573 704 1602 nemo
726 1557 1011 1602 subvenerit?
1033 1560 1101 1601 An
1121 1558 1235 1602 forte
1257 1557 1366 1602 nihil
1388 1558 1465 1602 ol)-

70 1626 177 1671 erit?
200 1627 318 1681 Quid
340 1643 443 1688 ergo
463 1627 640 1688 prodest
662 1628 728 1683 ei,
755 1628 825 1672 cui
846 1628 1121 1682 subvenitur,
1147 1629 1182 1672 si
1204 1627 1315 1673 nihil
1340 1629 1465 1674 obest

68 1697 141 1741 cui
163 1713 254 1742 non
271 1697 564 1754 subvenitur?

125 1770 313 1813 XXVII.
341 1767 421 1812 Hic
439 1783 518 1828 pro
536 1783 613 1811 sua
631 1783 759 1812 causa
781 1766 890 1828 quid
908 1767 1169 1828 respondere
1186 1769 1366 1830 possint,
1386 1770 1463 1830 qui

68 1839 310 1885 secundum
335 1839 574 1899 Scripturas
603 1848 770 1884 sanctas
788 1874 799 1894 ,
828 1838 900 1883 vel
933 1838 1055 1899 quod
1089 1839 1208 1900 apud
1234 1856 1304 1885 eas
1338 1841 1463 1886 inve-

68 1911 229 1967 niatur,
265 1908 336 1956 vel
372 1909 493 1971 quod
525 1910 584 1954 eis
608 1926 698 1954 non
721 1908 988 1965 adversetur,
1020 1920 1237 1956 conantur
1274 1927 1461 1956 asserere

68 1981 231 2026 animas
253 1996 385 2025 novas
408 1996 497 2025 non
518 1979 573 2024 de
594 1980 850 2040 parentibus
874 1989 1030 2025 tractas
1054 1982 1310 2042 corporibus
1337 1981 1458 2038 dari,

67 2051 267 2097 nondum
288 2067 358 2096 me
380 2050 572 2107 audisse,
596 2049 667 2096 vel
690 2052 859 2110 uspiam
881 2051 1032 2110 legisse
1056 2051 1208 2097 fatcor.
1238 2056 1337 2099 Non
1361 2053 1461 2099 ideo

58 2127 170 2168 ‘sane
197 2123 443 2168 absentium
467 2123 695 2182 negotium
718 2122 1007 2167 deserendum
1030 2133 1120 2180 est,
1143 2125 1177 2168 si
1196 2124 1304 2186 quid
1326 2125 1458 2181 mihi,

67 2210 157 2256 quo
179 2193 375 2255 adjuvari
405 2192 630 2248 videatur,
663 2193 915 2238 occurrerit.
949 2197 1136 2239 Possunt
1161 2195 1278 2239 enim
1317 2195 1461 2241 adhuc

67 2265 235 2321 dicere,
271 2268 413 2310 Deum
433 2265 662 2326 praescium
680 2300 690 2320 ,
719 2266 944 2326 quomodo
974 2282 1166 2327 quaeque
1196 2267 1341 2312 anima
1370 2268 1460 2313 vic-

66 2345 166 2381 tura
196 2344 330 2392 esset,
363 2335 397 2380 si
426 2335 589 2380 diutius
630 2335 676 2379 in
711 2351 891 2396 corpore
925 2336 1117 2393 viveret,
1154 2338 1194 2382 ei
1225 2354 1459 2398 procurare

67 2406 227 2452 lavacri
261 2407 457 2452 salutaris
496 2406 884 2463 ministrationem,
921 2409 1046 2469 cujus
1097 2407 1291 2454 futuram
1328 2409 1459 2454 fuisse

65 2477 278 2538 praevidet
298 2478 504 2538 pietatem
520 2513 530 2533 ,
557 2492 658 2522 cum
681 2477 735 2522 ad
757 2494 893 2522 annos
922 2477 1024 2522 fidei
1052 2494 1230 2539 capaces
1257 2480 1450 2535 veniret,

68 2548 102 2593 si
121 2564 212 2595 non
234 2563 336 2593 eum
365 2557 584 2608 oporteret
606 2557 784 2608 propter
813 2547 1003 2608 aliquam
1036 2549 1255 2595 occultam
1282 2565 1458 2596 causam
