1854 3219
401 187 415 223 1
429 183 482 223 86
824 194 856 220 s.
895 192 1127 224 Aucus-nm
1159 196 1342 226 Brlscom

395 366 434 382 πὶ
440 365 576 381 νὶΜΝνἋ
582 364 791 382 ’ΚΜῚΛΝἎᾸΝἋ
797 364 1788 385 mmvmmmmmmmmmmwm

908 498 1125 550 CAPUT
1160 502 1274 550 XX.

400 658 628 706 Genesim
654 673 742 704 eur
770 659 1109 720 interpretetur
1137 660 1401 705 sententias
1419 661 1590 706 varias
1614 660 1784 724 profi?—

578 729 758 787 rendo,
783 746 879 777 non
902 729 1122 790 aliquam
1146 746 1296 776 unam
1318 729 1596 778 asserendo.

445 881 539 925 XL.
580 882 647 924 An
677 880 761 925 hoc
796 880 914 924 enim
945 879 1315 925 considerandum
1351 888 1396 925 et
1432 879 1786 938 observandum,

387 951 488 996 libri
522 953 737 996 Geneseos
772 951 1091 1011 multipficiter,
1125 961 1343 1012 quantum
1372 951 1524 1011 potui,
1561 950 1790 997 enucleavi

386 1022 641 1083 protulique
661 1023 894 1067 sententias
908 1021 963 1066 de
982 1022 1126 1067 verbis
1147 1021 1202 1066 ad
1217 1022 1573 1068 exercitationem
1596 1031 1790 1068 nostram

387 1095 570 1139 obscure
583 1094 731 1154 positis
748 1130 758 1150 ,
785 1110 874 1139 non
898 1093 1064 1155 aliquid
1086 1110 1227 1138 unum
1250 1103 1413 1138 temere
1437 1095 1659 1139 affirmans
1688 1109 1790 1140 cum

385 1165 642 1226 praejudicio
677 1165 854 1209 alterius
877 1165 1154 1225 expositionis
1176 1165 1359 1210 fortasse
1387 1166 1605 1222 melioris,
1632 1175 1683 1211 ut
1709 1181 1790 1226 pro

385 1253 463 1282 suo
481 1237 663 1281 modulo
688 1236 819 1295 eligat
833 1237 1019 1297 quisque
1041 1236 1163 1297 quod
1181 1253 1335 1297 capere
1358 1237 1494 1297 possit
1512 1257 1520 1282 :
1546 1237 1625 1281 ubi
1644 1246 1790 1282 autem

385 1307 629 1367 intelligere
663 1323 752 1351 non
785 1316 954 1367 potest,
983 1308 1219 1367 Scripturae
1248 1308 1326 1353 Dei
1346 1307 1421 1353 det
1443 1309 1680 1364 honorem,
1708 1308 1791 1353 sibi

385 1380 602 1424 timorem.
632 1379 716 1424 Sed
738 1394 840 1423 cum
863 1388 953 1423 tam
975 1378 1124 1423 multis
1148 1379 1335 1423 exitibus
1357 1379 1491 1424 verba
1524 1380 1784 1440 Scripturae,

384 1467 484 1512 quse
507 1450 810 1506 tractavimus,
843 1459 1135 1509 exponantur,
1165 1450 1400 1494 cohibeant
1433 1465 1477 1494 se
1509 1450 1690 1495 tandem
1713 1451 1791 1512 qui

383 1521 536 1566 litteris
566 1521 706 1565 inssati
737 1521 1018 1565 saecularibus
1050 1521 1144 1565 haec
1176 1520 1235 1565 ita
1264 1521 1403 1580 posita
1423 1556 1433 1576 ,
1471 1530 1521 1565 ut
1551 1521 1697 1566 omnia
1718 1521 1791 1581 pia

385 1591 515 1637 corda
534 1592 751 1647 nutriant,
777 1590 900 1636 velut
916 1592 1169 1652 imperitum
1191 1600 1323 1653 atque
1345 1590 1598 1651 impolitum
1622 1591 1790 1653 aliquid

384 1665 628 1724 exagitant,
655 1665 746 1709 sine
769 1664 924 1724 pennis
947 1664 991 1707 in
1017 1673 1131 1708 terra
1154 1673 1374 1724 reptantes
1391 1699 1401 1719 ,
1428 1673 1472 1708 et
1487 1663 1637 1709 volatu
1660 1679 1789 1708 rana-

383 1752 481 1780 rum
512 1737 659 1780 avium
692 1734 817 1779 nidos
846 1734 1091 1779 irridentes.
1135 1734 1423 1779 Periculosius
1462 1744 1611 1779 autem
1644 1743 1789 1779 errant

384 1806 567 1868 quidam
583 1807 745 1851 infirmi
769 1805 921 1850 fratres
934 1841 944 1861 ,
966 1807 1158 1866 quicum
1174 1806 1278 1850 istos
1293 1806 1449 1866 impios
1468 1806 1525 1851 de
1543 1795 1788 1851 coelestium

382 1894 617 1939 corporum
667 1878 887 1933 numeris,
933 1876 1004 1922 vel
1052 1876 1107 1921 de
1152 1877 1427 1938 quibuslibet
1467 1877 1789 1922 elementorum

383 1949 538 1994 mundi
571 1950 701 2010 hujus
725 1947 1044 2009 quaestionibus
1067 1946 1286 1992 subtiliter
1315 1957 1359 1993 et
1380 1948 1555 2008 copiose
1579 1947 1790 1992 disserere

384 2021 597 2077 audiunt,
619 2029 886 2066 evanescunt
903 2056 913 2075 ‚
940 2028 983 2064 et
1006 2035 1078 2064 eos
1097 2019 1179 2064 sibi
1203 2035 1305 2064 cum
1324 2020 1509 2080 suspirio
1529 2035 1790 2080 praeponen-

384 2101 469 2148 tes,
494 2101 537 2136 et
559 2107 738 2150 magnos
759 2099 964 2151 putantes
978 2126 989 2146 ,
1015 2090 1314 2135 saluberrimae
1331 2090 1503 2150 pietatis
1526 2089 1662 2135 libros
1685 2105 1789 2136 cum

383 2162 557 2207 fastidio
579 2171 786 2222 repetunt
802 2197 812 2217 ,
838 2170 882 2206 et
909 2177 1018 2223 quos
1040 2160 1230 2206 dulciter
1252 2162 1429 2206 haurire
1453 2161 1690 2219 deberent,
1714 2162 1788 2208 vix

383 2235 598 2295 patienter
628 2235 872 2292 attingunt,
908 2249 931 2278 a
959 2234 1114 2293 segetis
1143 2234 1375 2294 asperitate
1405 2234 1713 2290 abhorrentes,
1744 2242 1788 2278 et

381 2306 605 2365 spinarum
616 2305 798 2350 floribus
816 2305 1051 2349 inhiantes.
1071 2307 1169 2350 Non
1189 2305 1306 2349 enim
1317 2314 1476 2350 vacant
1490 2305 1637 2350 videre
1651 2319 1787 2366 quam
1853 2300 1854 2303 ¹

383 2378 523 2422 suavis
544 2386 607 2421 cst
625 2377 836 2422 Dominus
851 2379 881 2432 ¹,
907 2392 987 2421 nec
1008 2377 1054 2420 in
1076 2377 1256 2423 sabbato
1273 2378 1514 2436 esuriunt23
1539 2387 1672 2438 atque
1685 2376 1786 2422 ideo
1853 2397 1854 2403 ¹

382 2447 495 2508 pigri
527 2457 650 2503 sunt,
684 2456 898 2507 potestate
923 2464 946 2491 a
979 2448 1168 2494 Domino
1197 2448 1368 2495 sabbati
1396 2457 1596 2509 accepta,
1625 2446 1786 2494 vellere

437 2562 442 2576 ¹
465 2554 544 2587 Psal.
567 2566 683 2594 xxxin,
702 2566 735 2598 9.
758 2572 795 2577 -
815 2554 929 2587 Manli.
949 2565 1012 2596 xii,
1037 2566 1064 2586 1.
