1854 3219
376 252 430 278 DE
462 250 612 278 GENEsl
646 245 700 275 AD
732 246 972 286 LiT'rmiAu,
1009 248 1089 275 Lm.
1126 248 1156 273 1.
1374 235 1454 272 185

78 325 121 360 ct
141 325 404 375 temporum,
422 316 477 359 de
496 313 660 359 naturis
675 311 925 357 animalium
943 347 953 367 ,
975 311 1181 356 fruticum
1194 347 1204 366 ,
1230 309 1425 370 lapidum
1443 345 1454 366 ,

77 396 208 446 atque
229 384 478 446 hujusmodi
509 384 673 430 caeteris
688 419 699 439 ,
724 383 854 429 etiam
875 398 964 426 non
997 382 1266 427 Christianus
1288 381 1347 425 ita
1374 397 1458 425 no-

76 456 211 512 verit,
237 466 286 501 ut
307 456 540 501 certissima
561 455 727 499 ratione
747 453 817 499 vel
842 454 1104 513 experientia
1126 462 1285 497 teneat.
1315 455 1457 513 Turpe

76 535 141 570 est
162 536 308 571 autem
325 527 453 571 nimis
474 535 517 571 et
537 526 826 587 perniciosum
843 540 892 569 ac
913 525 1097 569 maxime
1119 523 1362 569 cavendum
1378 560 1388 579 ,
1413 533 1459 568 ut

75 599 371 646 Christianum
391 596 447 643 de
466 598 532 642 his
554 597 683 642 rebus
704 596 825 657 quasi
846 596 1088 641 secuudum
1110 595 1364 640 christianas
1391 594 1460 639 lit-

76 680 187 716 teras
207 669 483 731 loquentem,
505 669 564 714 ita
585 667 768 713 delirare
790 666 976 729 quilibet
998 665 1184 711 infidelis
1213 665 1362 711 audiat
1376 702 1387 723 ,
1412 675 1462 711 ut

75 740 475 802 (quemadmodum
503 740 690 799 dicitur)
722 748 816 784 toto
846 738 960 783 coelo
993 753 1134 782 errare
1162 737 1431 797 conspiciens
1449 773 1460 793 ,

75 813 210 857 risum
238 823 388 858 tenere
414 813 485 857 vix
506 812 652 873 possit.
682 814 739 857 Et
760 826 851 856 non
872 820 961 854 tam
978 809 1210 854 molestum
1233 818 1320 865 est,
1343 808 1464 869 quod
1502 825 1505 827 ·

75 899 221 929 errans
247 884 381 929 homo
408 883 646 939 deridetur,
681 882 758 928 sed
786 880 909 944 quod
935 891 1132 927 auctores
1163 881 1299 926 nostri
1327 880 1382 925 ab
1404 880 1464 925 eis

75 954 152 1015 qui
177 952 283 1000 foris
313 963 438 1011 sunt,
476 953 579 999 talia
614 954 791 999 sensisse
821 953 1077 1010 creduntur,
1102 961 1145 997 et
1175 967 1277 996 cum
1303 966 1462 1010 magno

73 1041 227 1071 eorum
248 1025 377 1071 exitio
391 1060 402 1082 ,
421 1025 476 1070 de
497 1041 686 1087 quorum
710 1025 847 1070 salute
874 1025 1107 1084 satagimus
1123 1059 1134 1080 ,
1159 1032 1371 1084 tanquam
1393 1023 1463 1067 in-

73 1096 191 1142 docti
203 1096 587 1157 reprehenduntur
600 1106 732 1158 atque
749 1104 1030 1157 respuuntur.
1049 1096 1162 1140 Cum
1175 1095 1292 1138 enim
1305 1109 1462 1155 quem-

72 1183 207 1229 quam
236 1167 292 1213 de
312 1183 496 1213 numero
518 1168 864 1214 Christianorum
885 1167 933 1211 in
965 1182 1014 1211 ea
1043 1181 1110 1221 re,
1142 1179 1275 1227 quam
1298 1165 1461 1224 optime

72 1247 237 1284 norunt
251 1274 262 1295 ,
304 1252 446 1283 errare
490 1237 858 1299 deprehenderint
874 1273 885 1294 ,
923 1247 968 1282 et
1004 1253 1161 1282 vanam
1202 1237 1462 1281 sententiam

72 1325 196 1354 suam
216 1308 272 1354 de
293 1309 451 1354 nostris
470 1308 592 1354 libris
616 1323 829 1366 asserere,
854 1323 943 1369 quo
964 1316 1092 1367 pacto
1116 1306 1199 1351 illis
1221 1301 1342 1351 librss
1365 1322 1461 1351 cre-

73 1379 207 1424 dituri
229 1389 355 1436 sunt,
381 1379 435 1424 de
464 1378 779 1424 resurrectione
801 1387 1098 1433 mortuorum,
1127 1387 1170 1422 et
1190 1376 1244 1422 de
1267 1392 1340 1438 spe
1361 1378 1462 1422 vitae

2 1495 4 1497 ,
73 1459 249 1497 aeternae
264 1486 276 1508 ,
301 1466 524 1511 regnoque
545 1450 758 1495 coelorum
774 1485 785 1506 ,
811 1449 988 1511 quando
1012 1450 1066 1494 de
1085 1450 1152 1494 his
1177 1449 1330 1505 rebus,
1355 1464 1464 1509 quas
1487 1479 1489 1481 -

67 1524 159 1584 jam
176 1522 359 1582 experiri
369 1558 380 1578 ,
395 1521 466 1568 vel
485 1521 744 1566 indubitatis
756 1521 948 1566 numeris
962 1522 1185 1581 percipere
1201 1529 1458 1580 potuerunt,

4 1623 5 1654 3
71 1593 284 1639 fallaciter
298 1594 548 1654 putaverint
564 1609 654 1639 esse
675 1594 966 1654 conscriptos?
983 1592 1100 1647 Quid
1117 1592 1232 1637 enim
1251 1591 1462 1637 molestia,-

68 1664 340 1725 tristitiaeque
362 1665 563 1724 ingerant
580 1662 872 1724 prudentibus
888 1663 1095 1709 fratribus
1110 1663 1327 1707 temerarii
1344 1678 1461 1723 prae-

68 1745 311 1795 sumptores
327 1771 339 1791 ,
355 1735 454 1780 satis
473 1734 560 1780 dici
576 1751 668 1780 non
683 1743 852 1795 potest,
872 1751 974 1779 cum
991 1735 1025 1779 si
1047 1733 1226 1795 quando
1251 1733 1305 1778 de
1327 1749 1460 1794 prava

4 1799 7 1857 ¹,
68 1815 113 1851 et
129 1805 238 1851 falsa
254 1806 457 1866 opinione
478 1822 555 1851 sua
576 1806 858 1865 reprehendi,
880 1815 924 1849 et
944 1805 1145 1850 convinci
1167 1805 1382 1864 coeperint
1402 1804 1458 1848 ab

68 1877 128 1922 eis
144 1912 156 1932 ,
180 1878 258 1938 qui
281 1886 532 1922 nostrorum
552 1877 767 1922 librorum
783 1876 1040 1921 auctoritate
1055 1892 1146 1921 non
1163 1885 1384 1932 tenentur,
1403 1876 1459 1921 ad

69 1945 398 1992 defendendum
419 1947 465 1992 id
487 1948 609 2009 quod
624 1947 838 1993 levissima
859 1947 1103 1992 temeritate
1126 1955 1169 1992 et
1191 1947 1458 2007 apertissima

6 2034 8 2079 ζ
70 2016 255 2064 falsitate
267 2017 486 2075 dixerunt,
507 2018 683 2064 eosdem
696 2017 829 2064 libros
845 2028 1030 2074 sanctos,
1047 2018 1166 2064 unde
1181 2018 1226 2063 id
1240 2018 1451 2079 probent,

6 2098 9 2114 ⁸
67 2088 261 2149 proferre
281 2098 512 2145 conantur,
535 2089 606 2135 vel
627 2090 758 2135 etiam
775 2090 1039 2146 memoriter,
1060 2106 1159 2151 quae
1178 2089 1235 2134 ad
1256 2091 1452 2135 testimo-

8 2161 10 2168 '
70 2160 193 2204 nium
213 2159 357 2205 valere
379 2161 659 2218 arbitrantur,
685 2160 823 2206 multa
844 2160 947 2205 inde
976 2161 1110 2205 verba
1138 2162 1451 2221 pronuntiant,

8 2271 9 2274 ,
70 2246 160 2275 non
180 2231 470 2292 intelligentes
490 2247 633 2294 neque
653 2248 754 2294 quae
775 2232 1032 2294 loquuntur,
1053 2248 1196 2293 neque
1217 2233 1272 2277 de
1295 2232 1456 2293 quibus

8 2345 11 2350 ,
71 2301 304 2349 affirmant.
