<?xml version="1.0" encoding="UTF-8"?>
<!DOCTYPE html PUBLIC "-//W3C//DTD XHTML 1.0 Transitional//EN"
    "http://www.w3.org/TR/xhtml1/DTD/xhtml1-transitional.dtd">
<html xmlns="http://www.w3.org/1999/xhtml" xml:lang="en" lang="en">
 <head>
  <title>
</title>
<meta http-equiv="Content-Type" content="text/html;charset=utf-8" />
  <meta name='ocr-system' content='tesseract 3.04.00' />
  <meta name='ocr-capabilities' content='ocr_page ocr_carea ocr_par ocr_line ocrx_word'/>
</head>
<body>
  <div class='ocr_page' id='page_1' title='image "./operaomniaaccura05auguuoft_0177.png"; bbox 0 0 1854 3219; ppageno 0'>
   <div class='ocr_carea' id='block_1_1' title="bbox 380 220 1462 269">
    <p class='ocr_par' dir='ltr' id='par_1_1' title="bbox 380 220 1462 269">
     <span class='ocr_line' id='line_1_1' title="bbox 380 220 1462 269; baseline -0.002 -10"><span class='ocrx_word' id='word_1_1' title='bbox 380 234 434 260; x_wconf 83' lang='lat' dir='ltr'>DE</span> <span class='ocrx_word' id='word_1_2' title='bbox 465 233 616 260; x_wconf 72' lang='lat' dir='ltr'>GENEsl</span> <span class='ocrx_word' id='word_1_3' title='bbox 650 231 703 258; x_wconf 73' lang='lat' dir='ltr'>AD</span> <span class='ocrx_word' id='word_1_4' title='bbox 735 231 976 269; x_wconf 69' lang='lat' dir='ltr'>LnTERAM,</span> <span class='ocrx_word' id='word_1_5' title='bbox 1000 234 1080 258; x_wconf 70' lang='lat' dir='ltr'>Lus.</span> <span class='ocrx_word' id='word_1_6' title='bbox 1110 234 1138 257; x_wconf 83' lang='lat'>1.</span> <span class='ocrx_word' id='word_1_7' title='bbox 1387 220 1462 258; x_wconf 80' lang='lat'>161</span> 
     </span>
    </p>
   </div>
   <div class='ocr_carea' id='block_1_2' title="bbox 85 297 1469 359">
    <p class='ocr_par' dir='ltr' id='par_1_2' title="bbox 85 297 1469 359">
     <span class='ocr_line' id='line_1_2' title="bbox 85 297 1469 359; baseline -0.001 -16"><span class='ocrx_word' id='word_1_8' title='bbox 85 309 231 343; x_wconf 85' lang='lat' dir='ltr'>tamen</span> <span class='ocrx_word' id='word_1_9' title='bbox 246 308 310 343; x_wconf 85' lang='lat' dir='ltr'>est</span> <span class='ocrx_word' id='word_1_10' title='bbox 335 298 381 343; x_wconf 92' lang='lat' dir='ltr'>in</span> <span class='ocrx_word' id='word_1_11' title='bbox 402 298 547 343; x_wconf 82' lang='lat' dir='ltr'>Verbo</span> <span class='ocrx_word' id='word_1_12' title='bbox 569 297 672 353; x_wconf 80' lang='lat' dir='ltr'>Dei,</span> <span class='ocrx_word' id='word_1_13' title='bbox 698 297 875 357; x_wconf 82' lang='lat' dir='ltr'>quando</span> <span class='ocrx_word' id='word_1_14' title='bbox 904 298 996 342; x_wconf 82' lang='lat' dir='ltr'>fieri</span> <span class='ocrx_word' id='word_1_15' title='bbox 1019 298 1184 359; x_wconf 83' lang='lat' dir='ltr'>aliquid</span> <span class='ocrx_word' id='word_1_16' title='bbox 1206 297 1364 342; x_wconf 79' lang='lat' dir='ltr'>debeat</span> <span class='ocrx_word' id='word_1_17' title='bbox 1390 317 1398 342; x_wconf 73' lang='grc' dir='ltr'>ι</span> <span class='ocrx_word' id='word_1_18' title='bbox 1426 307 1469 342; x_wconf 81' lang='lat' dir='ltr'>et</span> 
     </span>
    </p>
   </div>
   <div class='ocr_carea' id='block_1_3' title="bbox 11 368 1467 430">
    <p class='ocr_par' dir='ltr' id='par_1_3' title="bbox 11 368 1467 430">
     <span class='ocr_line' id='line_1_3' title="bbox 11 368 1467 430; baseline -0.001 -16"><span class='ocrx_word' id='word_1_19' title='bbox 11 372 20 379; x_wconf 78' lang='grc'><strong>’</strong></span> <span class='ocrx_word' id='word_1_20' title='bbox 84 379 191 415; x_wconf 87' lang='lat' dir='ltr'>tunc</span> <span class='ocrx_word' id='word_1_21' title='bbox 214 371 266 414; x_wconf 83' lang='lat' dir='ltr'>fit</span> <span class='ocrx_word' id='word_1_22' title='bbox 295 368 473 430; x_wconf 86' lang='lat' dir='ltr'>quando</span> <span class='ocrx_word' id='word_1_23' title='bbox 495 369 588 413; x_wconf 82' lang='lat' dir='ltr'>fieri</span> <span class='ocrx_word' id='word_1_24' title='bbox 610 369 811 413; x_wconf 81' lang='lat' dir='ltr'>debuisse</span> <span class='ocrx_word' id='word_1_25' title='bbox 831 369 878 412; x_wconf 88' lang='lat' dir='ltr'>in</span> <span class='ocrx_word' id='word_1_26' title='bbox 910 369 986 414; x_wconf 80' lang='lat' dir='ltr'>isso</span> <span class='ocrx_word' id='word_1_27' title='bbox 1014 370 1160 414; x_wconf 84' lang='lat' dir='ltr'>Verbo</span> <span class='ocrx_word' id='word_1_28' title='bbox 1182 379 1268 425; x_wconf 79' lang='lat' dir='ltr'>est,</span> <span class='ocrx_word' id='word_1_29' title='bbox 1299 370 1345 413; x_wconf 90' lang='lat' dir='ltr'>in</span> <span class='ocrx_word' id='word_1_30' title='bbox 1378 385 1467 430; x_wconf 85' lang='lat' dir='ltr'>quo</span> 
     </span>
    </p>
   </div>
   <div class='ocr_carea' id='block_1_4' title="bbox 84 438 1470 556">
    <p class='ocr_par' dir='ltr' id='par_1_4' title="bbox 84 438 1470 556">
     <span class='ocr_line' id='line_1_4' title="bbox 84 438 1470 501; baseline 0 -17"><span class='ocrx_word' id='word_1_31' title='bbox 84 446 175 485; x_wconf 84' lang='lat' dir='ltr'>non</span> <span class='ocrx_word' id='word_1_32' title='bbox 196 450 261 485; x_wconf 84' lang='lat' dir='ltr'>est</span> <span class='ocrx_word' id='word_1_33' title='bbox 281 439 458 501; x_wconf 86' lang='lat' dir='ltr'>quando</span> <span class='ocrx_word' id='word_1_34' title='bbox 480 449 523 484; x_wconf 84' lang='lat' dir='ltr'>et</span> <span class='ocrx_word' id='word_1_35' title='bbox 546 438 781 501; x_wconf 86' lang='lat' dir='ltr'>aliquando</span> <span class='ocrx_word' id='word_1_36' title='bbox 801 475 812 496; x_wconf 90' lang='lat'>‚</span> <span class='ocrx_word' id='word_1_37' title='bbox 837 440 1047 500; x_wconf 83' lang='lat' dir='ltr'>quoniam</span> <span class='ocrx_word' id='word_1_38' title='bbox 1064 450 1208 485; x_wconf 79' lang='lat' dir='ltr'>totum</span> <span class='ocrx_word' id='word_1_39' title='bbox 1227 439 1340 484; x_wconf 77' lang='lat' dir='ltr'>illud</span> <span class='ocrx_word' id='word_1_40' title='bbox 1360 443 1470 484; x_wconf 87' lang='lat' dir='ltr'>Ver-</span> 
     </span>
     <span class='ocr_line' id='line_1_5' title="bbox 85 511 530 556; baseline 0 -1"><span class='ocrx_word' id='word_1_41' title='bbox 85 511 194 556; x_wconf 89' lang='lat' dir='ltr'>bum</span> <span class='ocrx_word' id='word_1_42' title='bbox 215 521 430 556; x_wconf 84' lang='lat' dir='ltr'>aeternum</span> <span class='ocrx_word' id='word_1_43' title='bbox 451 520 530 556; x_wconf 86' lang='lat' dir='ltr'><strong>est.</strong></span> 
     </span>
    </p>
   </div>
   <div class='ocr_carea' id='block_1_5' title="bbox 85 656 1473 674">
    <p class='ocr_par' dir='ltr' id='par_1_5' title="bbox 85 656 1473 674">
     <span class='ocr_line' id='line_1_6' title="bbox 85 656 1473 674; baseline -0.001 0"><span class='ocrx_word' id='word_1_44' title='bbox 85 658 155 674; x_wconf 71' lang='grc' dir='ltr'>ΜΜ</span> <span class='ocrx_word' id='word_1_45' title='bbox 160 656 1473 674; x_wconf 60' lang='lat' dir='ltr'>mmmmmmmmmmmmmmmmmm</span> 
     </span>
    </p>
   </div>
   <div class='ocr_carea' id='block_1_6' title="bbox 606 778 968 829">
    <p class='ocr_par' dir='ltr' id='par_1_6' title="bbox 606 778 968 829">
     <span class='ocr_line' id='line_1_7' title="bbox 606 778 968 829; baseline -0.006 -1"><span class='ocrx_word' id='word_1_46' title='bbox 606 778 821 829; x_wconf 88' lang='lat' dir='ltr'><strong>CAPUT</strong></span> <span class='ocrx_word' id='word_1_47' title='bbox 874 780 968 827; x_wconf 90' lang='grc' dir='ltr'><strong>ΙΙΙ.</strong></span> 
     </span>
    </p>
   </div>
   <div class='ocr_carea' id='block_1_7' title="bbox 86 920 1479 1054">
    <p class='ocr_par' dir='ltr' id='par_1_7' title="bbox 86 920 1479 1054">
     <span class='ocr_line' id='line_1_8' title="bbox 86 920 1479 986; baseline -0.001 -18"><span class='ocrx_word' id='word_1_48' title='bbox 86 922 165 968; x_wconf 87' lang='lat' dir='ltr'>De</span> <span class='ocrx_word' id='word_1_49' title='bbox 177 920 344 968; x_wconf 84' lang='lat' dir='ltr'><em>eodem</em></span> <span class='ocrx_word' id='word_1_50' title='bbox 355 921 587 967; x_wconf 76' lang='lat' dir='ltr'><em>versiculo</em></span> <span class='ocrx_word' id='word_1_51' title='bbox 600 928 640 966; x_wconf 86' lang='lat'>3.</span> <span class='ocrx_word' id='word_1_52' title='bbox 665 921 800 986; x_wconf 78' lang='lat' dir='ltr'>Quid</span> <span class='ocrx_word' id='word_1_53' title='bbox 808 923 869 966; x_wconf 80' lang='lat' dir='ltr'>sit</span> <span class='ocrx_word' id='word_1_54' title='bbox 881 921 965 967; x_wconf 69' lang='lat' dir='ltr'>lux</span> <span class='ocrx_word' id='word_1_55' title='bbox 980 921 1082 967; x_wconf 78' lang='lat' dir='ltr'><em>illa.</em></span> <span class='ocrx_word' id='word_1_56' title='bbox 1106 923 1259 968; x_wconf 67' lang='lat' dir='ltr'>Caro-⁴3</span> <span class='ocrx_word' id='word_1_57' title='bbox 1271 939 1367 968; x_wconf 83' lang='lat' dir='ltr'>non</span> <span class='ocrx_word' id='word_1_58' title='bbox 1381 922 1479 967; x_wconf 74' lang='lat' dir='ltr'>die-</span> 
     </span>
     <span class='ocr_line' id='line_1_9' title="bbox 118 992 1443 1054; baseline -0.002 -16"><span class='ocrx_word' id='word_1_59' title='bbox 118 1002 217 1038; x_wconf 77' lang='lat' dir='ltr'>tam</span> <span class='ocrx_word' id='word_1_60' title='bbox 238 1010 248 1035; x_wconf 74' lang='grc' dir='ltr'>ε</span> <span class='ocrx_word' id='word_1_61' title='bbox 272 992 397 1038; x_wconf 74' lang='lat' dir='ltr'>Fiat</span> <span class='ocrx_word' id='word_1_62' title='bbox 416 992 603 1049; x_wconf 79' lang='lat' dir='ltr'><strong><em>coelum,</em></strong></span> <span class='ocrx_word' id='word_1_63' title='bbox 625 1002 714 1038; x_wconf 82' lang='lat' dir='ltr'>etc.</span> <span class='ocrx_word' id='word_1_64' title='bbox 738 994 860 1038; x_wconf 76' lang='lat' dir='ltr'><em>Sicut</em></span> <span class='ocrx_word' id='word_1_65' title='bbox 877 993 974 1038; x_wconf 82' lang='lat' dir='ltr'>Fiat</span> <span class='ocrx_word' id='word_1_66' title='bbox 993 993 1068 1038; x_wconf 83' lang='lat' dir='ltr'>lux</span> <span class='ocrx_word' id='word_1_67' title='bbox 1081 1030 1092 1049; x_wconf 80' lang='lat'><strong><em>‚</em></strong></span> <span class='ocrx_word' id='word_1_68' title='bbox 1116 994 1383 1054; x_wconf 72' lang='lat' dir='ltr'><em>Responsio</em></span> <span class='ocrx_word' id='word_1_69' title='bbox 1403 1002 1421 1036; x_wconf 98' lang='lat'>1</span> <span class='ocrx_word' id='word_1_70' title='bbox 1434 1028 1443 1036; x_wconf 94' lang='lat'><strong>.</strong></span> 
     </span>
    </p>
   </div>
   <div class='ocr_carea' id='block_1_8' title="bbox 89 1127 1491 2249">
    <p class='ocr_par' dir='ltr' id='par_1_8' title="bbox 89 1127 1484 1614">
     <span class='ocr_line' id='line_1_10' title="bbox 148 1127 1482 1190; baseline -0.002 -16"><span class='ocrx_word' id='word_1_71' title='bbox 148 1131 248 1174; x_wconf 81' lang='lat' dir='ltr'><strong>Vll.</strong></span> <span class='ocrx_word' id='word_1_72' title='bbox 275 1131 339 1174; x_wconf 78' lang='lat' dir='ltr'>ET</span> <span class='ocrx_word' id='word_1_73' title='bbox 356 1128 466 1189; x_wconf 84' lang='lat' dir='ltr'>quid</span> <span class='ocrx_word' id='word_1_74' title='bbox 483 1138 547 1174; x_wconf 82' lang='lat' dir='ltr'>est</span> <span class='ocrx_word' id='word_1_75' title='bbox 562 1129 638 1174; x_wconf 86' lang='lat' dir='ltr'>lux</span> <span class='ocrx_word' id='word_1_76' title='bbox 656 1130 747 1190; x_wconf 87' lang='lat' dir='ltr'>ipsa</span> <span class='ocrx_word' id='word_1_77' title='bbox 765 1146 864 1190; x_wconf 83' lang='lat' dir='ltr'>quae</span> <span class='ocrx_word' id='word_1_78' title='bbox 882 1128 996 1174; x_wconf 82' lang='lat' dir='ltr'>facta</span> <span class='ocrx_word' id='word_1_79' title='bbox 1013 1139 1078 1174; x_wconf 72' lang='lat' dir='ltr'>est</span> <span class='ocrx_word' id='word_1_80' title='bbox 1095 1165 1105 1185; x_wconf 80' lang='lat'><strong>‚</strong></span> <span class='ocrx_word' id='word_1_81' title='bbox 1125 1138 1276 1173; x_wconf 82' lang='lat' dir='ltr'>utrum</span> <span class='ocrx_word' id='word_1_82' title='bbox 1291 1127 1482 1188; x_wconf 60' lang='lat' dir='ltr'>spiritale</span> 
     </span>
     <span class='ocr_line' id='line_1_11' title="bbox 89 1198 1481 1261; baseline -0.002 -17"><span class='ocrx_word' id='word_1_83' title='bbox 89 1198 223 1261; x_wconf 77' lang='lat' dir='ltr'>quid,</span> <span class='ocrx_word' id='word_1_84' title='bbox 255 1216 311 1244; x_wconf 89' lang='lat' dir='ltr'>an</span> <span class='ocrx_word' id='word_1_85' title='bbox 339 1200 577 1260; x_wconf 78' lang='lat' dir='ltr'>corporale.</span> <span class='ocrx_word' id='word_1_86' title='bbox 612 1201 655 1245; x_wconf 93' lang='lat' dir='ltr'>Si</span> <span class='ocrx_word' id='word_1_87' title='bbox 688 1200 804 1244; x_wconf 78' lang='lat' dir='ltr'>enim</span> <span class='ocrx_word' id='word_1_88' title='bbox 831 1200 1020 1260; x_wconf 80' lang='lat' dir='ltr'>spiritale</span> <span class='ocrx_word' id='word_1_89' title='bbox 1040 1236 1050 1255; x_wconf 87' lang='lat'>‚</span> <span class='ocrx_word' id='word_1_90' title='bbox 1087 1209 1229 1260; x_wconf 79' lang='lat' dir='ltr'>potest</span> <span class='ocrx_word' id='word_1_91' title='bbox 1264 1200 1356 1259; x_wconf 83' lang='lat' dir='ltr'>ipsa</span> <span class='ocrx_word' id='word_1_92' title='bbox 1392 1214 1481 1242; x_wconf 72' lang='lat' dir='ltr'>esse</span> 
     </span>
     <span class='ocr_line' id='line_1_12' title="bbox 89 1271 1482 1332; baseline -0.001 -17"><span class='ocrx_word' id='word_1_93' title='bbox 89 1272 228 1331; x_wconf 84' lang='lat' dir='ltr'>prima</span> <span class='ocrx_word' id='word_1_94' title='bbox 249 1281 468 1327; x_wconf 83' lang='lat' dir='ltr'>creatura,</span> <span class='ocrx_word' id='word_1_95' title='bbox 487 1273 578 1332; x_wconf 84' lang='lat' dir='ltr'>jam</span> <span class='ocrx_word' id='word_1_96' title='bbox 599 1272 683 1316; x_wconf 87' lang='lat' dir='ltr'>hoc</span> <span class='ocrx_word' id='word_1_97' title='bbox 712 1271 828 1317; x_wconf 80' lang='lat' dir='ltr'>dicto</span> <span class='ocrx_word' id='word_1_98' title='bbox 851 1271 1042 1332; x_wconf 70' lang='lat' dir='ltr'><strong>perfecta</strong></span> <span class='ocrx_word' id='word_1_99' title='bbox 1058 1308 1068 1327; x_wconf 70' lang='lat'>⁷</span> <span class='ocrx_word' id='word_1_100' title='bbox 1095 1287 1194 1331; x_wconf 80' lang='lat' dir='ltr'>quae</span> <span class='ocrx_word' id='word_1_101' title='bbox 1224 1271 1365 1331; x_wconf 85' lang='lat' dir='ltr'>primo</span> <span class='ocrx_word' id='word_1_102' title='bbox 1387 1286 1482 1314; x_wconf 71' lang='grc' dir='ltr'>οω-</span> 
     </span>
     <span class='ocr_line' id='line_1_13' title="bbox 89 1340 1482 1401; baseline -0.001 -16"><span class='ocrx_word' id='word_1_103' title='bbox 89 1341 182 1385; x_wconf 87' lang='lat' dir='ltr'>lum</span> <span class='ocrx_word' id='word_1_104' title='bbox 205 1340 422 1401; x_wconf 81' lang='lat' dir='ltr'><strong>appellata</strong></span> <span class='ocrx_word' id='word_1_105' title='bbox 443 1351 529 1397; x_wconf 79' lang='lat' dir='ltr'><strong>est,</strong></span> <span class='ocrx_word' id='word_1_106' title='bbox 566 1358 667 1386; x_wconf 84' lang='lat' dir='ltr'>cum</span> <span class='ocrx_word' id='word_1_107' title='bbox 689 1342 857 1386; x_wconf 83' lang='lat' dir='ltr'>dictum</span> <span class='ocrx_word' id='word_1_108' title='bbox 885 1351 949 1386; x_wconf 82' lang='lat' dir='ltr'>est</span> <span class='ocrx_word' id='word_1_109' title='bbox 972 1362 980 1386; x_wconf 91' lang='lat'>:</span> <span class='ocrx_word' id='word_1_110' title='bbox 1006 1362 1026 1384; x_wconf 88' lang='lat'>‹&lt;</span> <span class='ocrx_word' id='word_1_111' title='bbox 1053 1345 1105 1385; x_wconf 87' lang='lat' dir='ltr'>In</span> <span class='ocrx_word' id='word_1_112' title='bbox 1135 1341 1350 1401; x_wconf 80' lang='lat' dir='ltr'>principio</span> <span class='ocrx_word' id='word_1_113' title='bbox 1378 1340 1482 1400; x_wconf 62' lang='lat' dir='ltr'>fecit</span> 
     </span>
     <span class='ocr_line' id='line_1_14' title="bbox 94 1410 1481 1472; baseline 0 -19"><span class='ocrx_word' id='word_1_114' title='bbox 94 1430 114 1453; x_wconf 91' lang='lat'>»</span> <span class='ocrx_word' id='word_1_115' title='bbox 140 1415 255 1456; x_wconf 87' lang='lat' dir='ltr'>Deus</span> <span class='ocrx_word' id='word_1_116' title='bbox 277 1410 443 1455; x_wconf 87' lang='lat' dir='ltr'>coelum</span> <span class='ocrx_word' id='word_1_117' title='bbox 465 1420 508 1454; x_wconf 86' lang='lat' dir='ltr'>et</span> <span class='ocrx_word' id='word_1_118' title='bbox 530 1420 690 1456; x_wconf 82' lang='lat' dir='ltr'>terram</span> <span class='ocrx_word' id='word_1_119' title='bbox 711 1432 720 1456; x_wconf 88' lang='grc'>;</span> <span class='ocrx_word' id='word_1_120' title='bbox 744 1422 794 1456; x_wconf 84' lang='lat' dir='ltr'>ut</span> <span class='ocrx_word' id='word_1_121' title='bbox 815 1412 935 1472; x_wconf 87' lang='lat' dir='ltr'>quod</span> <span class='ocrx_word' id='word_1_122' title='bbox 957 1412 1064 1456; x_wconf 76' lang='lat' dir='ltr'>dixit</span> <span class='ocrx_word' id='word_1_123' title='bbox 1085 1416 1198 1456; x_wconf 78' lang='lat' dir='ltr'><strong>Deus</strong></span> <span class='ocrx_word' id='word_1_124' title='bbox 1218 1432 1227 1456; x_wconf 79' lang='lat' dir='ltr'><em>z</em></span> <span class='ocrx_word' id='word_1_125' title='bbox 1254 1412 1351 1455; x_wconf 78' lang='lat' dir='ltr'>Fiat</span> <span class='ocrx_word' id='word_1_126' title='bbox 1378 1410 1481 1467; x_wconf 75' lang='lat' dir='ltr'>lux3</span> 
     </span>
     <span class='ocr_line' id='line_1_15' title="bbox 94 1480 1484 1538; baseline 0.001 -14"><span class='ocrx_word' id='word_1_127' title='bbox 94 1501 114 1524; x_wconf 72' lang='lat' dir='ltr'>n</span> <span class='ocrx_word' id='word_1_128' title='bbox 140 1491 184 1527; x_wconf 84' lang='lat' dir='ltr'>et</span> <span class='ocrx_word' id='word_1_129' title='bbox 208 1481 323 1526; x_wconf 80' lang='lat' dir='ltr'>facta</span> <span class='ocrx_word' id='word_1_130' title='bbox 351 1491 394 1526; x_wconf 84' lang='lat' dir='ltr'>et</span> <span class='ocrx_word' id='word_1_131' title='bbox 421 1480 524 1538; x_wconf 84' lang='lat' dir='ltr'>lux,</span> <span class='ocrx_word' id='word_1_132' title='bbox 553 1500 572 1523; x_wconf 89' lang='lat'>»</span> <span class='ocrx_word' id='word_1_133' title='bbox 598 1498 693 1526; x_wconf 79' lang='lat' dir='ltr'>eam</span> <span class='ocrx_word' id='word_1_134' title='bbox 720 1492 952 1527; x_wconf 76' lang='lat' dir='ltr'>revocante</span> <span class='ocrx_word' id='word_1_135' title='bbox 970 1482 1025 1526; x_wconf 79' lang='lat' dir='ltr'>ad</span> <span class='ocrx_word' id='word_1_136' title='bbox 1057 1497 1100 1526; x_wconf 79' lang='lat' dir='ltr'>se</span> <span class='ocrx_word' id='word_1_137' title='bbox 1120 1485 1326 1527; x_wconf 77' lang='lat' dir='ltr'><strong>creatore</strong></span> <span class='ocrx_word' id='word_1_138' title='bbox 1342 1518 1352 1537; x_wconf 90' lang='lat'>,</span> <span class='ocrx_word' id='word_1_139' title='bbox 1378 1497 1484 1526; x_wconf 86' lang='lat' dir='ltr'>eon-</span> 
     </span>
     <span class='ocr_line' id='line_1_16' title="bbox 91 1551 1192 1614; baseline -0.002 -17"><span class='ocrx_word' id='word_1_140' title='bbox 91 1553 229 1598; x_wconf 84' lang='lat' dir='ltr'>versio</span> <span class='ocrx_word' id='word_1_141' title='bbox 251 1553 342 1614; x_wconf 85' lang='lat' dir='ltr'>ejus</span> <span class='ocrx_word' id='word_1_142' title='bbox 360 1551 473 1597; x_wconf 81' lang='lat' dir='ltr'>faeta</span> <span class='ocrx_word' id='word_1_143' title='bbox 491 1562 621 1613; x_wconf 81' lang='lat' dir='ltr'><strong>atque</strong></span> <span class='ocrx_word' id='word_1_144' title='bbox 642 1552 889 1597; x_wconf 82' lang='lat' dir='ltr'>illuminata</span> <span class='ocrx_word' id='word_1_145' title='bbox 909 1552 1192 1611; x_wconf 74' lang='lat' dir='ltr'>intelligatur.</span> 
     </span>
    </p>

    <p class='ocr_par' dir='ltr' id='par_1_9' title="bbox 94 1623 1491 2249">
     <span class='ocr_line' id='line_1_17' title="bbox 152 1623 1486 1684; baseline -0.001 -15"><span class='ocrx_word' id='word_1_146' title='bbox 152 1627 275 1669; x_wconf 88' lang='lat' dir='ltr'>VIII.</span> <span class='ocrx_word' id='word_1_147' title='bbox 302 1626 359 1668; x_wconf 88' lang='lat' dir='ltr'>Et</span> <span class='ocrx_word' id='word_1_148' title='bbox 379 1639 457 1669; x_wconf 87' lang='lat' dir='ltr'>cur</span> <span class='ocrx_word' id='word_1_149' title='bbox 478 1623 538 1668; x_wconf 86' lang='lat' dir='ltr'>ita</span> <span class='ocrx_word' id='word_1_150' title='bbox 573 1623 740 1669; x_wconf 83' lang='lat' dir='ltr'>dictum</span> <span class='ocrx_word' id='word_1_151' title='bbox 757 1634 820 1668; x_wconf 85' lang='lat' dir='ltr'>est</span> <span class='ocrx_word' id='word_1_152' title='bbox 846 1644 855 1669; x_wconf 73' lang='grc' dir='ltr'>ε</span> <span class='ocrx_word' id='word_1_153' title='bbox 880 1644 900 1666; x_wconf 88' lang='lat'>«</span> <span class='ocrx_word' id='word_1_154' title='bbox 927 1628 978 1668; x_wconf 89' lang='lat' dir='ltr'>In</span> <span class='ocrx_word' id='word_1_155' title='bbox 1000 1624 1212 1684; x_wconf 83' lang='lat' dir='ltr'>principio</span> <span class='ocrx_word' id='word_1_156' title='bbox 1235 1623 1339 1667; x_wconf 76' lang='lat' dir='ltr'>fecit</span> <span class='ocrx_word' id='word_1_157' title='bbox 1372 1627 1486 1668; x_wconf 79' lang='lat' dir='ltr'><strong>Deus</strong></span> 
     </span>
     <span class='ocr_line' id='line_1_18' title="bbox 97 1694 1484 1754; baseline 0.001 -18"><span class='ocrx_word' id='word_1_158' title='bbox 97 1714 118 1737; x_wconf 90' lang='lat'>»</span> <span class='ocrx_word' id='word_1_159' title='bbox 138 1694 303 1739; x_wconf 83' lang='lat' dir='ltr'>coelum</span> <span class='ocrx_word' id='word_1_160' title='bbox 315 1704 360 1739; x_wconf 87' lang='lat' dir='ltr'>et</span> <span class='ocrx_word' id='word_1_161' title='bbox 375 1704 552 1746; x_wconf 77' lang='lat' dir='ltr'>terram3</span> <span class='ocrx_word' id='word_1_162' title='bbox 575 1713 595 1736; x_wconf 85' lang='lat'>»</span> <span class='ocrx_word' id='word_1_163' title='bbox 617 1704 660 1739; x_wconf 83' lang='lat' dir='ltr'>et</span> <span class='ocrx_word' id='word_1_164' title='bbox 681 1711 771 1739; x_wconf 87' lang='lat' dir='ltr'>non</span> <span class='ocrx_word' id='word_1_165' title='bbox 785 1694 953 1739; x_wconf 67' lang='lat' dir='ltr'>dictum</span> <span class='ocrx_word' id='word_1_166' title='bbox 966 1704 1044 1739; x_wconf 79' lang='lat' dir='ltr'>est:</span> <span class='ocrx_word' id='word_1_167' title='bbox 1074 1714 1094 1736; x_wconf 87' lang='lat'>«</span> <span class='ocrx_word' id='word_1_168' title='bbox 1112 1697 1164 1738; x_wconf 90' lang='lat' dir='ltr'>In</span> <span class='ocrx_word' id='word_1_169' title='bbox 1181 1695 1406 1754; x_wconf 72' lang='lat' dir='ltr'>principio¹</span> <span class='ocrx_word' id='word_1_170' title='bbox 1421 1694 1484 1738; x_wconf 85' lang='lat' dir='ltr'>di-</span> 
     </span>
     <span class='ocr_line' id='line_1_19' title="bbox 94 1764 1491 1821; baseline -0.001 -11"><span class='ocrx_word' id='word_1_171' title='bbox 94 1766 158 1810; x_wconf 85' lang='lat' dir='ltr'>xit</span> <span class='ocrx_word' id='word_1_172' title='bbox 174 1769 289 1810; x_wconf 86' lang='lat' dir='ltr'><strong>Deus</strong></span> <span class='ocrx_word' id='word_1_173' title='bbox 318 1765 446 1810; x_wconf 79' lang='lat' dir='ltr'>:Fiat</span> <span class='ocrx_word' id='word_1_174' title='bbox 465 1764 631 1809; x_wconf 85' lang='lat' dir='ltr'>coelum</span> <span class='ocrx_word' id='word_1_175' title='bbox 665 1774 708 1809; x_wconf 81' lang='lat' dir='ltr'>et</span> <span class='ocrx_word' id='word_1_176' title='bbox 740 1775 852 1809; x_wconf 83' lang='lat' dir='ltr'>terra</span> <span class='ocrx_word' id='word_1_177' title='bbox 869 1801 880 1821; x_wconf 85' lang='lat'><strong>‚</strong></span> <span class='ocrx_word' id='word_1_178' title='bbox 918 1775 961 1810; x_wconf 84' lang='lat' dir='ltr'>et</span> <span class='ocrx_word' id='word_1_179' title='bbox 989 1765 1102 1810; x_wconf 79' lang='lat' dir='ltr'>facta</span> <span class='ocrx_word' id='word_1_180' title='bbox 1133 1775 1235 1809; x_wconf 76' lang='lat' dir='ltr'><strong>sunt</strong></span> <span class='ocrx_word' id='word_1_181' title='bbox 1264 1765 1428 1809; x_wconf 76' lang='lat' dir='ltr'>coelum</span> <span class='ocrx_word' id='word_1_182' title='bbox 1446 1775 1491 1809; x_wconf 79' lang='lat' dir='ltr'>et</span> 
     </span>
     <span class='ocr_line' id='line_1_20' title="bbox 95 1835 1489 1893; baseline -0.001 -13"><span class='ocrx_word' id='word_1_183' title='bbox 95 1845 210 1880; x_wconf 84' lang='lat' dir='ltr'><strong>terra</strong></span> <span class='ocrx_word' id='word_1_184' title='bbox 231 1855 240 1880; x_wconf 91' lang='lat'><strong>:</strong></span> <span class='ocrx_word' id='word_1_185' title='bbox 260 1835 448 1893; x_wconf 30' lang='lat' dir='ltr'>sicutgde</span> <span class='ocrx_word' id='word_1_186' title='bbox 471 1835 570 1879; x_wconf 82' lang='lat' dir='ltr'>luce</span> <span class='ocrx_word' id='word_1_187' title='bbox 592 1844 793 1879; x_wconf 75' lang='lat' dir='ltr'>narratur</span> <span class='ocrx_word' id='word_1_188' title='bbox 813 1871 823 1890; x_wconf 84' lang='lat'><strong>‚</strong></span> <span class='ocrx_word' id='word_1_189' title='bbox 849 1855 869 1877; x_wconf 89' lang='lat'>«</span> <span class='ocrx_word' id='word_1_190' title='bbox 895 1836 1012 1880; x_wconf 72' lang='lat' dir='ltr'>Dixit</span> <span class='ocrx_word' id='word_1_191' title='bbox 1028 1839 1143 1880; x_wconf 77' lang='lat' dir='ltr'><strong>Deus</strong></span> <span class='ocrx_word' id='word_1_192' title='bbox 1166 1856 1174 1880; x_wconf 91' lang='lat'>:</span> <span class='ocrx_word' id='word_1_193' title='bbox 1197 1836 1294 1879; x_wconf 72' lang='lat' dir='ltr'>Fiat</span> <span class='ocrx_word' id='word_1_194' title='bbox 1320 1835 1394 1879; x_wconf 76' lang='lat' dir='ltr'>lux</span> <span class='ocrx_word' id='word_1_195' title='bbox 1411 1871 1421 1890; x_wconf 82' lang='lat'>‚</span> <span class='ocrx_word' id='word_1_196' title='bbox 1446 1845 1489 1879; x_wconf 78' lang='lat' dir='ltr'>et</span> 
     </span>
     <span class='ocr_line' id='line_1_21' title="bbox 99 1904 1489 1966; baseline 0.002 -18"><span class='ocrx_word' id='word_1_197' title='bbox 99 1925 120 1949; x_wconf 83' lang='lat'>))</span> <span class='ocrx_word' id='word_1_198' title='bbox 147 1905 260 1951; x_wconf 85' lang='lat' dir='ltr'><strong>facta</strong></span> <span class='ocrx_word' id='word_1_199' title='bbox 281 1915 345 1950; x_wconf 79' lang='lat' dir='ltr'>est</span> <span class='ocrx_word' id='word_1_200' title='bbox 365 1904 466 1950; x_wconf 78' lang='lat' dir='ltr'>lux?</span> <span class='ocrx_word' id='word_1_201' title='bbox 491 1924 511 1947; x_wconf 90' lang='lat'>»</span> <span class='ocrx_word' id='word_1_202' title='bbox 539 1909 694 1951; x_wconf 82' lang='lat' dir='ltr'><strong>Utrum</strong></span> <span class='ocrx_word' id='word_1_203' title='bbox 712 1907 858 1966; x_wconf 82' lang='lat' dir='ltr'>potius</span> <span class='ocrx_word' id='word_1_204' title='bbox 876 1907 1176 1951; x_wconf 77' lang='lat' dir='ltr'>universaliter</span> <span class='ocrx_word' id='word_1_205' title='bbox 1194 1907 1372 1956; x_wconf 79' lang='lat' dir='ltr'>nomine¹</span> <span class='ocrx_word' id='word_1_206' title='bbox 1386 1905 1489 1951; x_wconf 78' lang='lat' dir='ltr'>coeli</span> 
     </span>
     <span class='ocr_line' id='line_1_22' title="bbox 97 1976 1491 2037; baseline 0 -16"><span class='ocrx_word' id='word_1_207' title='bbox 97 1986 142 2021; x_wconf 81' lang='lat' dir='ltr'>et</span> <span class='ocrx_word' id='word_1_208' title='bbox 161 1987 287 2021; x_wconf 82' lang='lat' dir='ltr'>terrae</span> <span class='ocrx_word' id='word_1_209' title='bbox 306 1976 768 2036; x_wconf 81' lang='lat' dir='ltr'>comprehendendum</span> <span class='ocrx_word' id='word_1_210' title='bbox 784 1986 876 2021; x_wconf 81' lang='lat' dir='ltr'><strong>erat</strong></span> <span class='ocrx_word' id='word_1_211' title='bbox 895 1987 938 2021; x_wconf 81' lang='lat' dir='ltr'>et</span> <span class='ocrx_word' id='word_1_212' title='bbox 955 1976 1353 2021; x_wconf 75' lang='lat' dir='ltr'>commendandum</span> <span class='ocrx_word' id='word_1_213' title='bbox 1368 1976 1491 2037; x_wconf 84' lang='lat' dir='ltr'>quod</span> 
     </span>
     <span class='ocr_line' id='line_1_23' title="bbox 97 2046 1489 2108; baseline -0.001 -15"><span class='ocrx_word' id='word_1_214' title='bbox 97 2048 201 2093; x_wconf 84' lang='lat' dir='ltr'>fecit</span> <span class='ocrx_word' id='word_1_215' title='bbox 222 2051 360 2106; x_wconf 76' lang='lat' dir='ltr'>Deus3</span> <span class='ocrx_word' id='word_1_216' title='bbox 396 2056 439 2091; x_wconf 86' lang='lat' dir='ltr'>et</span> <span class='ocrx_word' id='word_1_217' title='bbox 461 2046 619 2091; x_wconf 85' lang='lat' dir='ltr'>deinde</span> <span class='ocrx_word' id='word_1_218' title='bbox 640 2064 717 2107; x_wconf 82' lang='lat' dir='ltr'>per</span> <span class='ocrx_word' id='word_1_219' title='bbox 738 2057 881 2108; x_wconf 78' lang='lat' dir='ltr'>partes</span> <span class='ocrx_word' id='word_1_220' title='bbox 907 2048 1214 2108; x_wconf 80' lang='lat' dir='ltr'>exequendum</span> <span class='ocrx_word' id='word_1_221' title='bbox 1232 2084 1242 2104; x_wconf 66' lang='lat'>⁷</span> <span class='ocrx_word' id='word_1_222' title='bbox 1266 2048 1489 2108; x_wconf 84' lang='lat' dir='ltr'>quomodo</span> 
     </span>
     <span class='ocr_line' id='line_1_24' title="bbox 97 2117 1491 2179; baseline 0 -17"><span class='ocrx_word' id='word_1_223' title='bbox 97 2117 217 2174; x_wconf 87' lang='lat' dir='ltr'>fecit,</span> <span class='ocrx_word' id='word_1_224' title='bbox 232 2133 335 2169; x_wconf 78' lang='lat' dir='ltr'>cum</span> <span class='ocrx_word' id='word_1_225' title='bbox 356 2133 434 2178; x_wconf 85' lang='lat' dir='ltr'>per</span> <span class='ocrx_word' id='word_1_226' title='bbox 453 2117 623 2176; x_wconf 81' lang='lat' dir='ltr'>singula</span> <span class='ocrx_word' id='word_1_227' title='bbox 637 2117 817 2162; x_wconf 78' lang='lat' dir='ltr'>dicitur:</span> <span class='ocrx_word' id='word_1_228' title='bbox 840 2138 859 2160; x_wconf 92' lang='lat'>«</span> <span class='ocrx_word' id='word_1_229' title='bbox 877 2119 991 2163; x_wconf 82' lang='lat' dir='ltr'>Dixit</span> <span class='ocrx_word' id='word_1_230' title='bbox 1012 2122 1126 2163; x_wconf 80' lang='lat' dir='ltr'>Deus</span> <span class='ocrx_word' id='word_1_231' title='bbox 1145 2138 1154 2163; x_wconf 87' lang='lat'><strong>:</strong></span> <span class='ocrx_word' id='word_1_232' title='bbox 1182 2136 1201 2160; x_wconf 85' lang='lat'>»</span> <span class='ocrx_word' id='word_1_233' title='bbox 1227 2117 1274 2162; x_wconf 87' lang='lat' dir='ltr'>id</span> <span class='ocrx_word' id='word_1_234' title='bbox 1291 2127 1370 2174; x_wconf 79' lang='lat' dir='ltr'>est,</span> <span class='ocrx_word' id='word_1_235' title='bbox 1387 2118 1491 2179; x_wconf 84' lang='lat' dir='ltr'>quia</span> 
     </span>
     <span class='ocr_line' id='line_1_25' title="bbox 98 2186 1079 2249; baseline 0.001 -17"><span class='ocrx_word' id='word_1_236' title='bbox 98 2203 176 2249; x_wconf 82' lang='lat' dir='ltr'>per</span> <span class='ocrx_word' id='word_1_237' title='bbox 196 2188 394 2233; x_wconf 89' lang='lat' dir='ltr'>Verbum</span> <span class='ocrx_word' id='word_1_238' title='bbox 415 2203 544 2233; x_wconf 91' lang='lat' dir='ltr'><strong>suum</strong></span> <span class='ocrx_word' id='word_1_239' title='bbox 566 2186 685 2244; x_wconf 73' lang='lat' dir='ltr'>fecit,</span> <span class='ocrx_word' id='word_1_240' title='bbox 711 2188 929 2249; x_wconf 64' lang='lat' dir='ltr'>quidquid</span> <span class='ocrx_word' id='word_1_241' title='bbox 945 2187 1079 2234; x_wconf 76' lang='lat' dir='ltr'>fecit?</span> 
     </span>
    </p>
   </div>
   <div class='ocr_carea' id='block_1_9' title="bbox 266 2636 1305 2673">
    <p class='ocr_par' dir='ltr' id='par_1_10' title="bbox 266 2636 1305 2673">
     <span class='ocr_line' id='line_1_26' title="bbox 266 2636 1305 2673; baseline 0.002 -2"><span class='ocrx_word' id='word_1_242' title='bbox 266 2641 370 2671; x_wconf 85' lang='lat' dir='ltr'><strong>cxu.</strong></span> <span class='ocrx_word' id='word_1_243' title='bbox 1264 2636 1278 2673; x_wconf 76' lang='lat' dir='ltr'>i</span> <span class='ocrx_word' id='word_1_244' title='bbox 1293 2636 1305 2673; x_wconf 87' lang='lat'><em>1</em></span> 
     </span>
    </p>
   </div>
  </div>
 </body>
</html>
