1854 3219
323 247 378 275 m:
410 245 562 274 GENESI
595 242 650 272 AD
683 241 924 282 ιῙτΤΕιιΛΜ,
960 245 1041 272 ΜΒ.
1078 245 1126 271 11.
1355 232 1440 270 219

58 317 231 361 niorum
251 315 442 360 animam
463 312 713 372 deceptam,
733 320 861 371 pacto
889 311 1081 372 quodam
1102 309 1316 357 societatis
1338 310 1443 354 irre-

61 395 185 431 Uant.
1386 396 1388 398 ·

58 528 1442 552 MURMMNWWWMMNMUMNWWWWWMWWWMWWWWWWW

526 658 743 710 CAPUT
779 659 961 707 XVIII.

60 788 335 857 Difficultas
356 790 417 840 de
435 790 694 849 sideribus,
719 807 787 837 an
804 807 896 851 per
908 789 1116 852 Spiritus
1142 798 1375 854 reguntur
1400 798 1446 835 et

616 871 902 908 animentur.

117 1001 369 1044 XXXVIII.
402 999 539 1045 SOLET
566 999 697 1044 etiam
725 998 885 1060 quaeri,
909 1007 1059 1043 utrum
1087 995 1189 1042 coeli
1217 996 1446 1041 luminaria

59 1071 139 1116 ista
156 1070 389 1130 conspicua
409 1085 592 1131 corpora
609 1069 699 1115 sola
712 1070 812 1125 sint,
835 1086 890 1114 an
905 1069 1101 1114 habeant
1117 1078 1304 1114 rectores
1321 1082 1449 1129 quos-

5 1170 7 1172 ·
60 1142 162 1187 dam
182 1141 358 1201 spiritus
379 1156 478 1186 suos
496 1160 504 1186 ε
537 1149 581 1185 et
601 1140 636 1185 si
655 1140 837 1197 habent⁷
857 1149 1008 1185 utrum
1030 1140 1085 1184 ab
1108 1140 1167 1184 eis
1190 1139 1321 1184 etiam
1341 1139 1447 1184 vita-

59 1212 158 1258 liter
179 1212 468 1272 inspirentur,
493 1212 606 1257 sicut
627 1213 876 1257 animantur
903 1227 1052 1257 carnes
1074 1226 1152 1272 per
1175 1212 1336 1255 animas
1358 1210 1448 1254 ani-

60 1284 262 1339 malium,
284 1299 340 1327 an
371 1282 586 1328 sola·sine
607 1283 697 1328 ulla
726 1283 1014 1343 permixtione
1044 1283 1288 1343 praesentia.
1316 1280 1447 1335 Quod

61 1354 163 1400 licet
182 1355 229 1398 in
251 1355 456 1415 praesenti
476 1371 567 1400 non
587 1354 714 1400 facile
742 1355 1054 1416 comprehendi
1078 1354 1236 1415 possit3
1262 1354 1447 1398 arbitror

63 1435 208 1470 tamen
235 1425 281 1468 in
312 1440 516 1485 processu
538 1425 865 1470 tractandarum
890 1427 1209 1486 Scripturarum
1241 1433 1448 1484 opportu-

61 1496 185 1541 niora
205 1495 302 1541 loca
334 1511 459 1557 posse
487 1511 736 1552 occurrere,
762 1496 838 1541 ubi
859 1496 985 1541 nobis
1009 1495 1063 1540 de
1083 1496 1166 1541 hac
1199 1511 1267 1551 re,
1297 1510 1447 1539 secun-

62 1566 170 1612 dum
191 1576 351 1612 sanctae
379 1567 646 1612 auctoritatis
674 1567 864 1626 regulas,
889 1567 969 1612 etsi
988 1583 1080 1613 non
1108 1565 1336 1612 ostendere
1358 1581 1448 1611 cer-

62 1647 158 1683 tum
188 1637 375 1700 aliquid,
400 1648 548 1684 tamen
574 1637 750 1684 credere
774 1637 938 1684 licebit.
964 1641 1091 1684 Nunc
1113 1647 1259 1683 autem
1280 1646 1447 1683 servata

62 1724 231 1769 semper
257 1709 556 1755 moderatione
585 1709 669 1770 piae
691 1710 930 1768 gravitatis,
960 1709 1071 1754 nihil
1103 1709 1280 1755 credere
1313 1708 1368 1754 de
1401 1724 1448 1753 re

63 1779 246 1825 obscura
281 1789 444 1825 temere
475 1779 708 1836 debemus,
728 1796 784 1824 ne
815 1778 928 1826 forte
958 1779 1080 1841 quod
1111 1790 1262 1841 postea
1288 1781 1446 1825 veritas

63 1850 330 1910 patefecerit,
348 1850 545 1912 quamvis
565 1850 687 1896 libris
708 1851 864 1896 sanctis
887 1851 974 1896 sive
994 1851 1258 1896 Testamenti
1278 1850 1447 1895 Veteris

64 1920 152 1966 sive
171 1922 282 1967 Novi
298 1920 421 1967 nuno
437 1921 569 1967 modo
586 1937 674 1966 esse
690 1922 823 1982 possit
841 1922 1085 1978 adversum,
1105 1932 1252 1967 tamen
1268 1931 1448 1982 propter

65 2006 257 2036 amorem
282 1992 419 2038 nostri
440 1992 594 2037 erroris
620 1991 855 2038 oderimus.
881 1995 1007 2041 Nunc
1035 1992 1091 2038 ad
1117 1993 1280 2038 librum
1308 1992 1447 2052 operis

65 2063 200 2108 nostri
217 2063 307 2124 jam
327 2064 506 2110 tertium
522 2073 806 2110 transeamus,
