1854 3219
341 213 395 251 ’76
737 220 769 247 s.
808 220 1034 250 Arcusnm
1070 224 1248 251 EPISCOPI

342 308 360 328 η
389 290 469 331 bus
484 288 635 335 subnot
654 286 776 345 plebs
795 302 886 330 mea
901 287 1048 331 dilexit
1072 289 1145 332 sie.
1160 287 1336 349 thuid
1359 288 1522 332 facietis
1541 288 1583 331 in
1605 286 1728 332 futu-

341 378 360 399 »
389 374 482 401 rum
499 360 505 382 ¹
525 360 621 401 ΡΜ)
637 356 884 417 eloquentia
911 367 1030 402 tanto
1052 358 1474 420 terribilior,quanto
1494 358 1659 418 purior,
1686 367 1730 401 ct

336 439 500 491 quanto
520 428 711 475 solidior,
740 438 860 472 tanto
878 430 1195 473 v‹.·hementior!
1218 432 1254 474 O
1277 446 1376 474 vere
1395 430 1555 474 securis
1578 429 1729 473 conci-

336 501 442 544 dens
456 500 642 559 petras²l
661 500 762 543 huic
776 500 891 542 enim
907 501 965 543 rei
987 500 1125 545 simile
1140 517 1230 545 esse
1243 501 1430 545 verbum
1448 515 1591 554 suum,
1608 498 1730 560 quod

338 587 411 630 per
437 581 605 615 sanctos
638 572 873 630 Prophetas
899 571 998 615 fecit
1016 607 1025 625 ‚
1054 588 1128 631 per
1151 573 1269 615 bunc
1294 572 1440 631 ipsum
1465 571 1731 631 Prophetam

336 646 449 685 Deus
473 643 562 701 ipse
581 642 701 685 (lixit.
725 642 849 685 Absit
873 642 1019 702 itaque
1036 678 1046 697 ,
1068 643 1179 686 absit
1194 659 1215 685 a
1235 643 1358 686 nobis
1379 677 1388 693 ,
1417 651 1464 685 ut
1487 640 1730 685 sacerdotes

335 713 546 772 plaudant
566 713 716 772 iniqua
736 712 983 757 dicentibus
1001 749 1010 767 ,
1033 723 1075 756 et
1090 713 1213 772 plebs
1232 714 1309 757 Dei
1328 712 1480 771 diligat
1504 712 1577 755 sic.
1606 711 1732 755 Absit

335 802 356 828 a
382 784 507 827 nobis
526 819 535 837 ,
562 784 743 844 inquam
760 821 770 839 ,
791 794 911 828 tanta
930 784 1149 828 dementia
1177 804 1185 828 ε
1210 799 1311 827 nam
1329 784 1436 844 quid
1460 781 1667 826 faciemus
1685 783 1730 825 in

334 855 533 898 futurum
547 856 564 898 Ξ)
590 858 645 899 Et
673 865 787 899 certe
807 856 948 899 minus
972 854 1273 913 intelligantur
1289 890 1299 909 ‚
1328 855 1471 897 minus
1494 853 1697 913 placeant
1716 888 1727 908 ‚

333 926 476 969 minus
498 936 700 970 moveant
718 942 816 986 quse
838 926 1046 970 dicuntur
1070 947 1080 982 3
1105 934 1409 969 verumtamen
1432 924 1663 981 dicantur3
1688 931 1732 966 et

327 997 442 1056 justa
461 1032 471 1051 ,
510 1012 600 1041 non
626 997 776 1057 iniqua
798 996 986 1041 libenter
1012 996 1247 1041 audiantur
1270 1016 1277 1041 ;
1301 995 1422 1057 quod
1456 996 1608 1056 utique
1640 1009 1731 1039 non

333 1067 456 1111 fieret
471 1103 481 1122 ‚
512 1068 592 1112 nisi
614 1069 804 1112 suaviter
829 1067 1095 1113 dicerentur.

392 1140 557 1181 XXXI.
585 1141 635 1181 In
648 1137 813 1198 populo
832 1148 978 1183 autem
997 1139 1114 1198 gravi
1132 1174 1142 1194 ,
1164 1138 1219 1183 de
1232 1154 1321 1199 quo
1339 1136 1508 1182 dictum
1528 1146 1592 1182 est
1615 1140 1724 1192 Deo,

338 1228 355 1248 »
382 1211 432 1251 In
454 1208 619 1267 populo
643 1209 760 1266 gravi
782 1208 974 1253 laudabo
996 1219 1040 1253 te
1058 1211 1073 1235 3
1091 1245 1101 1263 ,
1130 1227 1150 1250 »
1177 1225 1256 1253 nec
1274 1208 1347 1253 illa
1370 1209 1558 1253 suavitas
1581 1207 1730 1251 delec-

337 1277 477 1321 tabilis
499 1287 562 1321 est
580 1313 590 1332 ,
616 1294 703 1337 qua
726 1293 815 1321 non
839 1279 1018 1337 quidem
1043 1278 1192 1337 iniqua
1210 1279 1420 1322 dicuntur
1435 1313 1446 1332 ,
1478 1277 1555 1322 sed
1577 1278 1728 1336 exigua

333 1357 375 1391 et
394 1347 559 1405 fragilia
576 1347 692 1392 bona
715 1363 895 1407 spumeo
913 1348 1150 1392 verborum
1168 1348 1336 1392 ambitu
1353 1357 1588 1403 ornantur,
1609 1347 1729 1408 quali

332 1434 413 1463 nec
435 1434 592 1478 magna
615 1427 746 1478 atque
769 1417 943 1462 stabilia
964 1417 1169 1462 decenter
1184 1427 1227 1462 et
1245 1419 1431 1477 graviter
1444 1427 1726 1463 ornarentur.

332 1492 409 1533 Est
443 1489 528 1534 tale
561 1488 728 1549 aliquid
757 1490 802 1532 in
828 1488 1023 1549 Epistola
1048 1489 1287 1533 beatissimi
1305 1490 1570 1549 Cypriani*⁹
1607 1488 1731 1550 quod

334 1560 430 1604 ideo
453 1570 560 1619 puto
580 1558 647 1604 vel
669 1558 873 1604 accidisse
888 1595 898 1614 ,
923 1558 994 1604 vel
1017 1558 1218 1604 consulto
1240 1559 1404 1603 factum
1425 1575 1537 1615 esse,
1563 1568 1625 1615 *ut
1644 1559 1728 1603 sci·
1746 1586 1753 1592 -

333 1639 452 1675 retur
475 1647 496 1675 a
522 1632 700 1691 posteris
717 1667 727 1685 ,
762 1646 896 1691 quam
919 1630 1117 1690 linguam
1150 1629 1360 1675 doctrinae
1382 1630 1628 1674 christianae
1656 1646 1726 1675 sa-

333 1702 442 1747 nitas
466 1702 520 1745 ab
543 1702 623 1746 ista
646 1701 941 1745 redundantia
964 1702 1255 1757 revocaverit,
1282 1711 1325 1746 et
1351 1701 1406 1745 ad
1432 1700 1727 1762 eloquentiam

333 1772 571 1830 graviorem
608 1772 1005 1832 modestioremque
1050 1771 1347 1829 restrinxerit3
1381 1771 1519 1832 qualis
1559 1772 1604 1815 in
1637 1773 1728 1833 ejus

333 1843 616 1903 consequenti
624 1843 702 1887 bus
715 1842 868 1887 litteris
892 1858 1040 1887 secure
1054 1852 1239 1897 amatur,
1265 1841 1462 1902 religiose
1476 1844 1697 1903 appetitur
1712 1879 1724 1899 ‚

333 1913 408 1959 sed
430 1913 683 1958 difficillime
706 1914 927 1974 impletur.
956 1914 1029 1959 Ait
1051 1928 1152 1971 ergo
1174 1913 1367 1973 quodam
1395 1912 1493 1958 loco
1522 1933 1531 1958 ;
1556 1933 1577 1956 «
1598 1917 1727 1958 Peta-

336 2004 355 2027 »
382 2002 477 2030 mus
514 1986 624 2030 banc
652 1985 798 2031 sedem
832 2006 840 2030 :
866 1985 973 2030 dant
1004 2001 1218 2030 secessum
1255 1985 1396 2030 vicina
1429 1995 1619 2042 secreta,
1649 1987 1727 2031 ubi

335 2076 355 2098 »
388 2057 494 2101 dum
532 2059 698 2102 erratici
735 2058 966 2118 palmitum
1002 2056 1147 2117 lapsus
1184 2056 1387 2117 pendulis
1427 2058 1610 2102 nexibus
1649 2074 1727 2119 per

336 2146 356 2169 »
395 2128 627 2173 arundines
664 2129 828 2189 bajulas
861 2138 1045 2189 repunt,
1090 2128 1250 2172 viteam
1287 2128 1505 2188 porticum
1542 2128 1726 2174 frondea

335 2217 355 2240 >›
394 2209 503 2243 tecta
546 2200 762 2245 fecerunt.
806 2219 825 2242 »
850 2204 949 2246 Non
984 2200 1192 2245 dicuntur
1234 2199 1314 2244 ista
1351 2199 1432 2243 nisi
1470 2200 1726 2245 mirabiliter

333 2271 657 2315 affluentissima
672 2271 960 2316 foecunditate
977 2269 1211 2325 facundiae,
1233 2270 1308 2314 sed
1325 2270 1578 2331 profusione
1592 2271 1726 2316 nimia

333 2340 530 2399 gravitati
554 2340 839 2401 disciplicent.
866 2342 950 2395 Qui
977 2357 1079 2386 vero
1102 2341 1196 2385 haec
1215 2350 1387 2396 amant,
1413 2340 1611 2401 profecto
1633 2357 1721 2397 eos,

332 2411 509 2470 quinon
532 2411 590 2455 ita
614 2411 766 2456 dieunt
781 2448 791 2467 ‚
817 2411 892 2456 sed
909 2412 1156 2472 castigatius
1175 2411 1464 2472 eloquuntur,
1490 2427 1580 2456 non
1602 2428 1725 2472 posse

380 2512 389 2528 ¹
408 2509 474 2539 Jer.
498 2519 530 2549 v,
549 2507 607 2549 30,
626 2509 678 2540 31.
692 2526 733 2531 --
753 2516 766 2531 ²
785 2509 830 2542 ld.
852 2520 938 2548 xnvu,
955 2518 1008 2542 22.
1030 2526 1071 2532 --
1093 2508 1106 2531 3
1121 2509 1201 2541 Psal.
1221 2520 1327 2541 xxxiv.
1354 2509 1459 2542 18.-
1476 2508 1492 2539 ·'··
1512 2509 1613 2552 Epist.
1639 2521 1652 2541 1
1682 2510 1721 2542 ad

334 2565 502 2596 Donatum.
