<?xml version="1.0" encoding="UTF-8"?>
<!DOCTYPE html PUBLIC "-//W3C//DTD XHTML 1.0 Transitional//EN"
    "http://www.w3.org/TR/xhtml1/DTD/xhtml1-transitional.dtd">
<html xmlns="http://www.w3.org/1999/xhtml" xml:lang="en" lang="en">
 <head>
  <title>
</title>
<meta http-equiv="Content-Type" content="text/html;charset=utf-8" />
  <meta name='ocr-system' content='tesseract 3.04.00' />
  <meta name='ocr-capabilities' content='ocr_page ocr_carea ocr_par ocr_line ocrx_word'/>
</head>
<body>
  <div class='ocr_page' id='page_1' title='image "./operaomniaaccura05auguuoft_0145.png"; bbox 0 0 1854 3219; ppageno 0'>
   <div class='ocr_carea' id='block_1_1' title="bbox 212 223 1432 276">
    <p class='ocr_par' dir='ltr' id='par_1_1' title="bbox 212 223 1432 276">
     <span class='ocr_line' id='line_1_1' title="bbox 212 223 1432 276; baseline -0.01 -5"><span class='ocrx_word' id='word_1_1' title='bbox 212 246 265 271; x_wconf 86' lang='lat' dir='ltr'>DE</span> <span class='ocrx_word' id='word_1_2' title='bbox 298 244 448 271; x_wconf 76' lang='lat' dir='ltr'>GENEsl</span> <span class='ocrx_word' id='word_1_3' title='bbox 481 241 539 267; x_wconf 87' lang='lat' dir='ltr'>AD</span> <span class='ocrx_word' id='word_1_4' title='bbox 572 239 813 276; x_wconf 70' lang='lat' dir='ltr'><strong>LITTERAM,</strong></span> <span class='ocrx_word' id='word_1_5' title='bbox 850 237 1141 264; x_wconf 68' lang='lat' dir='ltr'>IMPERFECTUS</span> <span class='ocrx_word' id='word_1_6' title='bbox 1174 237 1256 261; x_wconf 71' lang='grc' dir='ltr'>ΜΒ.</span> <span class='ocrx_word' id='word_1_7' title='bbox 1356 223 1432 260; x_wconf 82' lang='grc'>131</span> 
     </span>
    </p>
   </div>
   <div class='ocr_carea' id='block_1_2' title="bbox 52 302 1455 1131">
    <p class='ocr_par' dir='ltr' id='par_1_2' title="bbox 52 302 1455 1131">
     <span class='ocr_line' id='line_1_2' title="bbox 54 302 1439 369; baseline -0.009 -15"><span class='ocrx_word' id='word_1_8' title='bbox 54 321 163 354; x_wconf 84' lang='lat' dir='ltr'>turae</span> <span class='ocrx_word' id='word_1_9' title='bbox 184 307 442 369; x_wconf 77' lang='lat' dir='ltr'>temporales</span> <span class='ocrx_word' id='word_1_10' title='bbox 462 315 606 350; x_wconf 89' lang='lat' dir='ltr'>motus</span> <span class='ocrx_word' id='word_1_11' title='bbox 644 320 742 348; x_wconf 89' lang='lat' dir='ltr'>suos</span> <span class='ocrx_word' id='word_1_12' title='bbox 777 302 1071 362; x_wconf 74' lang='lat' dir='ltr'>temporaliter</span> <span class='ocrx_word' id='word_1_13' title='bbox 1107 309 1334 361; x_wconf 80' lang='lat' dir='ltr'>peragunt.</span> <span class='ocrx_word' id='word_1_14' title='bbox 1373 302 1439 343; x_wconf 83' lang='lat' dir='ltr'>Ita</span> 
     </span>
     <span class='ocr_line' id='line_1_3' title="bbox 52 373 1441 440; baseline -0.009 -15"><span class='ocrx_word' id='word_1_15' title='bbox 52 397 157 440; x_wconf 83' lang='lat' dir='ltr'>ergo</span> <span class='ocrx_word' id='word_1_16' title='bbox 191 380 368 425; x_wconf 83' lang='lat' dir='ltr'>sortasse</span> <span class='ocrx_word' id='word_1_17' title='bbox 405 377 569 421; x_wconf 89' lang='lat' dir='ltr'>dictum</span> <span class='ocrx_word' id='word_1_18' title='bbox 605 385 668 420; x_wconf 86' lang='lat' dir='ltr'>est</span> <span class='ocrx_word' id='word_1_19' title='bbox 700 395 708 419; x_wconf 89' lang='lat'><strong>:</strong></span> <span class='ocrx_word' id='word_1_20' title='bbox 753 393 773 417; x_wconf 83' lang='lat'>«</span> <span class='ocrx_word' id='word_1_21' title='bbox 807 377 864 418; x_wconf 90' lang='lat' dir='ltr'>Et</span> <span class='ocrx_word' id='word_1_22' title='bbox 898 373 1009 417; x_wconf 86' lang='lat' dir='ltr'>facta</span> <span class='ocrx_word' id='word_1_23' title='bbox 1041 382 1105 417; x_wconf 86' lang='lat' dir='ltr'>est</span> <span class='ocrx_word' id='word_1_24' title='bbox 1144 387 1319 431; x_wconf 86' lang='lat' dir='ltr'>vespera</span> <span class='ocrx_word' id='word_1_25' title='bbox 1337 406 1347 426; x_wconf 78' lang='lat'>‚</span> <span class='ocrx_word' id='word_1_26' title='bbox 1397 378 1441 414; x_wconf 91' lang='lat' dir='ltr'>et</span> 
     </span>
     <span class='ocr_line' id='line_1_4' title="bbox 57 443 1438 502; baseline -0.005 -10"><span class='ocrx_word' id='word_1_27' title='bbox 57 469 78 492; x_wconf 85' lang='lat'>»</span> <span class='ocrx_word' id='word_1_28' title='bbox 114 451 278 496; x_wconf 86' lang='lat' dir='ltr'>factum</span> <span class='ocrx_word' id='word_1_29' title='bbox 298 459 361 494; x_wconf 82' lang='lat' dir='ltr'>est</span> <span class='ocrx_word' id='word_1_30' title='bbox 383 463 510 493; x_wconf 85' lang='lat' dir='ltr'>mane</span> <span class='ocrx_word' id='word_1_31' title='bbox 528 447 618 491; x_wconf 84' lang='lat' dir='ltr'>dies</span> <span class='ocrx_word' id='word_1_32' title='bbox 639 461 752 490; x_wconf 86' lang='lat' dir='ltr'>unus</span> <span class='ocrx_word' id='word_1_33' title='bbox 769 481 779 501; x_wconf 75' lang='grc'>,</span> <span class='ocrx_word' id='word_1_34' title='bbox 799 463 819 486; x_wconf 85' lang='lat'>»</span> <span class='ocrx_word' id='word_1_35' title='bbox 841 445 952 488; x_wconf 89' lang='lat' dir='ltr'>sicut</span> <span class='ocrx_word' id='word_1_36' title='bbox 969 445 1135 488; x_wconf 83' lang='lat' dir='ltr'>ratione</span> <span class='ocrx_word' id='word_1_37' title='bbox 1149 443 1410 502; x_wconf 82' lang='lat' dir='ltr'>prospicitur</span> <span class='ocrx_word' id='word_1_38' title='bbox 1426 476 1438 497; x_wconf 72' lang='lat'>⁷</span> 
     </span>
     <span class='ocr_line' id='line_1_5' title="bbox 55 512 1443 577; baseline -0.008 -11"><span class='ocrx_word' id='word_1_39' title='bbox 55 521 115 565; x_wconf 75' lang='lat' dir='ltr'>iia</span> <span class='ocrx_word' id='word_1_40' title='bbox 142 522 236 565; x_wconf 86' lang='lat' dir='ltr'>ficri</span> <span class='ocrx_word' id='word_1_41' title='bbox 267 520 427 565; x_wconf 86' lang='lat' dir='ltr'>debere</span> <span class='ocrx_word' id='word_1_42' title='bbox 471 527 544 563; x_wconf 84' lang='lat' dir='ltr'>aut</span> <span class='ocrx_word' id='word_1_43' title='bbox 573 532 695 577; x_wconf 85' lang='lat' dir='ltr'>posse</span> <span class='ocrx_word' id='word_1_44' title='bbox 712 551 724 572; x_wconf 81' lang='lat'>‚</span> <span class='ocrx_word' id='word_1_45' title='bbox 750 531 839 559; x_wconf 90' lang='lat' dir='ltr'>non</span> <span class='ocrx_word' id='word_1_46' title='bbox 869 515 929 558; x_wconf 82' lang='lat' dir='ltr'>ita</span> <span class='ocrx_word' id='word_1_47' title='bbox 952 523 1002 558; x_wconf 87' lang='lat' dir='ltr'>ut</span> <span class='ocrx_word' id='word_1_48' title='bbox 1034 515 1085 557; x_wconf 87' lang='lat' dir='ltr'>fit</span> <span class='ocrx_word' id='word_1_49' title='bbox 1130 512 1443 572; x_wconf 81' lang='lat' dir='ltr'>temporalibus</span> 
     </span>
     <span class='ocr_line' id='line_1_6' title="bbox 56 583 1445 648; baseline -0.007 -13"><span class='ocrx_word' id='word_1_50' title='bbox 56 592 282 635; x_wconf 86' lang='lat' dir='ltr'>tractibus.</span> <span class='ocrx_word' id='word_1_51' title='bbox 303 593 413 636; x_wconf 84' lang='lat' dir='ltr'>Nam</span> <span class='ocrx_word' id='word_1_52' title='bbox 436 590 482 633; x_wconf 87' lang='lat' dir='ltr'>in</span> <span class='ocrx_word' id='word_1_53' title='bbox 504 589 596 648; x_wconf 84' lang='lat' dir='ltr'>ipsa</span> <span class='ocrx_word' id='word_1_54' title='bbox 618 587 785 631; x_wconf 81' lang='lat' dir='ltr'>ratione</span> <span class='ocrx_word' id='word_1_55' title='bbox 807 586 1101 645; x_wconf 82' lang='lat' dir='ltr'>operationem</span> <span class='ocrx_word' id='word_1_56' title='bbox 1125 583 1445 644; x_wconf 80' lang='lat' dir='ltr'>contemplatus</span> 
     </span>
     <span class='ocr_line' id='line_1_7' title="bbox 57 655 1442 721; baseline -0.007 -15"><span class='ocrx_word' id='word_1_57' title='bbox 57 671 122 706; x_wconf 86' lang='lat' dir='ltr'>est</span> <span class='ocrx_word' id='word_1_58' title='bbox 142 662 187 705; x_wconf 91' lang='lat' dir='ltr'>in</span> <span class='ocrx_word' id='word_1_59' title='bbox 213 661 374 721; x_wconf 84' lang='lat' dir='ltr'>Spiritu</span> <span class='ocrx_word' id='word_1_60' title='bbox 388 670 538 705; x_wconf 85' lang='lat' dir='ltr'>sancto</span> <span class='ocrx_word' id='word_1_61' title='bbox 555 695 565 714; x_wconf 81' lang='lat'><strong>‚</strong></span> <span class='ocrx_word' id='word_1_62' title='bbox 591 659 668 719; x_wconf 84' lang='lat' dir='ltr'>qui</span> <span class='ocrx_word' id='word_1_63' title='bbox 686 657 793 701; x_wconf 85' lang='lat' dir='ltr'>dixit</span> <span class='ocrx_word' id='word_1_64' title='bbox 813 677 822 702; x_wconf 89' lang='lat'>:</span> <span class='ocrx_word' id='word_1_65' title='bbox 847 676 867 699; x_wconf 70' lang='grc' dir='ltr'>α</span> <span class='ocrx_word' id='word_1_66' title='bbox 883 657 1128 709; x_wconf 85' lang='lat' dir='ltr'>Quimanet</span> <span class='ocrx_word' id='word_1_67' title='bbox 1139 655 1185 698; x_wconf 92' lang='lat' dir='ltr'>in</span> <span class='ocrx_word' id='word_1_68' title='bbox 1205 663 1442 709; x_wconf 75' lang='lat' dir='ltr'>aeternum,</span> 
     </span>
     <span class='ocr_line' id='line_1_8' title="bbox 61 724 1443 780; baseline -0.005 -5"><span class='ocrx_word' id='word_1_69' title='bbox 61 751 82 775; x_wconf 84' lang='lat'>»</span> <span class='ocrx_word' id='word_1_70' title='bbox 109 732 269 778; x_wconf 84' lang='lat' dir='ltr'>creavit</span> <span class='ocrx_word' id='word_1_71' title='bbox 282 732 426 777; x_wconf 86' lang='lat' dir='ltr'>omnia</span> <span class='ocrx_word' id='word_1_72' title='bbox 448 730 627 776; x_wconf 86' lang='lat' dir='ltr'>simul¹:</span> <span class='ocrx_word' id='word_1_73' title='bbox 657 748 677 771; x_wconf 85' lang='lat'>»</span> <span class='ocrx_word' id='word_1_74' title='bbox 699 729 775 773; x_wconf 86' lang='lat' dir='ltr'>sed</span> <span class='ocrx_word' id='word_1_75' title='bbox 788 728 1133 773; x_wconf 81' lang='lat' dir='ltr'>commodissime</span> <span class='ocrx_word' id='word_1_76' title='bbox 1155 727 1201 770; x_wconf 89' lang='lat' dir='ltr'>in</span> <span class='ocrx_word' id='word_1_77' title='bbox 1213 725 1288 770; x_wconf 91' lang='lat' dir='ltr'>illo</span> <span class='ocrx_word' id='word_1_78' title='bbox 1305 724 1443 780; x_wconf 79' lang='lat' dir='ltr'>libro,</span> 
     </span>
     <span class='ocr_line' id='line_1_9' title="bbox 59 795 1449 865; baseline -0.006 -17"><span class='ocrx_word' id='word_1_79' title='bbox 59 804 181 865; x_wconf 83' lang='lat' dir='ltr'>quasi</span> <span class='ocrx_word' id='word_1_80' title='bbox 205 818 425 847; x_wconf 83' lang='lat' dir='ltr'>morarum</span> <span class='ocrx_word' id='word_1_81' title='bbox 447 818 524 861; x_wconf 83' lang='lat' dir='ltr'>per</span> <span class='ocrx_word' id='word_1_82' title='bbox 545 799 770 845; x_wconf 86' lang='lat' dir='ltr'>intervalla</span> <span class='ocrx_word' id='word_1_83' title='bbox 793 798 1007 843; x_wconf 87' lang='lat' dir='ltr'>factarum</span> <span class='ocrx_word' id='word_1_84' title='bbox 1030 815 1053 842; x_wconf 87' lang='lat' dir='ltr'>a</span> <span class='ocrx_word' id='word_1_85' title='bbox 1082 802 1172 842; x_wconf 83' lang='lat' dir='ltr'>Deo</span> <span class='ocrx_word' id='word_1_86' title='bbox 1201 812 1347 841; x_wconf 84' lang='lat' dir='ltr'>rerum</span> <span class='ocrx_word' id='word_1_87' title='bbox 1380 795 1449 839; x_wconf 88' lang='lat' dir='ltr'>di-</span> 
     </span>
     <span class='ocr_line' id='line_1_10' title="bbox 62 867 1449 934; baseline -0.006 -16"><span class='ocrx_word' id='word_1_88' title='bbox 62 883 178 934; x_wconf 85' lang='lat' dir='ltr'>gesta</span> <span class='ocrx_word' id='word_1_89' title='bbox 189 874 377 918; x_wconf 82' lang='lat' dir='ltr'>narratio</span> <span class='ocrx_word' id='word_1_90' title='bbox 391 882 475 927; x_wconf 81' lang='lat' dir='ltr'>est,</span> <span class='ocrx_word' id='word_1_91' title='bbox 492 881 544 916; x_wconf 92' lang='lat' dir='ltr'>ut</span> <span class='ocrx_word' id='word_1_92' title='bbox 559 872 651 931; x_wconf 83' lang='lat' dir='ltr'>ipsa</span> <span class='ocrx_word' id='word_1_93' title='bbox 674 871 896 930; x_wconf 87' lang='lat' dir='ltr'>dispositio</span> <span class='ocrx_word' id='word_1_94' title='bbox 917 906 927 924; x_wconf 86' lang='lat'>‚</span> <span class='ocrx_word' id='word_1_95' title='bbox 948 886 1047 930; x_wconf 79' lang='lat' dir='ltr'>quae</span> <span class='ocrx_word' id='word_1_96' title='bbox 1066 869 1120 913; x_wconf 80' lang='lat' dir='ltr'>ab</span> <span class='ocrx_word' id='word_1_97' title='bbox 1135 867 1449 912; x_wconf 86' lang='lat' dir='ltr'>infirmioribus</span> 
     </span>
     <span class='ocr_line' id='line_1_11' title="bbox 62 940 1450 1003; baseline -0.006 -14"><span class='ocrx_word' id='word_1_98' title='bbox 62 944 216 989; x_wconf 84' lang='lat' dir='ltr'>animis</span> <span class='ocrx_word' id='word_1_99' title='bbox 234 942 601 1003; x_wconf 80' lang='lat' dir='ltr'>contemplatione</span> <span class='ocrx_word' id='word_1_100' title='bbox 623 941 767 987; x_wconf 83' lang='lat' dir='ltr'>stabili</span> <span class='ocrx_word' id='word_1_101' title='bbox 785 940 919 987; x_wconf 87' lang='lat' dir='ltr'>videri</span> <span class='ocrx_word' id='word_1_102' title='bbox 941 957 1030 986; x_wconf 90' lang='lat' dir='ltr'>non</span> <span class='ocrx_word' id='word_1_103' title='bbox 1049 949 1219 1001; x_wconf 82' lang='lat' dir='ltr'>poterat</span> <span class='ocrx_word' id='word_1_104' title='bbox 1233 975 1244 995; x_wconf 63' lang='lat'>7</span> <span class='ocrx_word' id='word_1_105' title='bbox 1266 955 1344 1000; x_wconf 86' lang='lat' dir='ltr'>per</span> <span class='ocrx_word' id='word_1_106' title='bbox 1362 940 1450 982; x_wconf 90' lang='lat' dir='ltr'>hu-</span> 
     </span>
     <span class='ocr_line' id='line_1_12' title="bbox 56 1010 1455 1077; baseline -0.004 -18"><span class='ocrx_word' id='word_1_107' title='bbox 56 1016 248 1077; x_wconf 81' lang='lat' dir='ltr'>jusmodi</span> <span class='ocrx_word' id='word_1_108' title='bbox 275 1015 473 1061; x_wconf 79' lang='lat' dir='ltr'>ordinem</span> <span class='ocrx_word' id='word_1_109' title='bbox 494 1015 704 1060; x_wconf 77' lang='lat' dir='ltr'>serm‘onis</span> <span class='ocrx_word' id='word_1_110' title='bbox 734 1014 925 1074; x_wconf 84' lang='lat' dir='ltr'>exposita</span> <span class='ocrx_word' id='word_1_111' title='bbox 946 1012 1068 1074; x_wconf 86' lang='lat' dir='ltr'>quasi</span> <span class='ocrx_word' id='word_1_112' title='bbox 1088 1012 1177 1057; x_wconf 86' lang='lat' dir='ltr'>istis</span> <span class='ocrx_word' id='word_1_113' title='bbox 1205 1010 1342 1057; x_wconf 90' lang='lat' dir='ltr'>oculis</span> <span class='ocrx_word' id='word_1_114' title='bbox 1364 1024 1455 1055; x_wconf 87' lang='lat' dir='ltr'>cer-</span> 
     </span>
     <span class='ocr_line' id='line_1_13' title="bbox 63 1096 253 1131; baseline 0 0"><span class='ocrx_word' id='word_1_115' title='bbox 63 1096 253 1131; x_wconf 85' lang='lat' dir='ltr'>neretur.</span> 
     </span>
    </p>
   </div>
   <div class='ocr_carea' id='block_1_3' title="bbox 74 1238 1454 1262">
    <p class='ocr_par' dir='ltr' id='par_1_3' title="bbox 74 1238 1454 1262">
     <span class='ocr_line' id='line_1_14' title="bbox 74 1238 1454 1262; baseline -0.004 0"><span class='ocrx_word' id='word_1_116' title='bbox 74 1238 1454 1262; x_wconf 62' lang='lat' dir='ltr'>mvmmmwwmmmwwwwmmmwvvmmvwwvmwwwvuwwwwwwww</span> 
     </span>
    </p>
   </div>
   <div class='ocr_carea' id='block_1_4' title="bbox 426 1375 1090 1433">
    <p class='ocr_par' dir='ltr' id='par_1_4' title="bbox 426 1375 1090 1433">
     <span class='ocr_line' id='line_1_15' title="bbox 426 1375 1090 1433; baseline -0.006 0"><span class='ocrx_word' id='word_1_117' title='bbox 426 1382 663 1433; x_wconf 85' lang='lat' dir='ltr'>CAPITA</span> <span class='ocrx_word' id='word_1_118' title='bbox 700 1384 825 1433; x_wconf 85' lang='lat' dir='ltr'>VIII</span> <span class='ocrx_word' id='word_1_119' title='bbox 863 1383 945 1430; x_wconf 77' lang='lat' dir='ltr'>ET</span> <span class='ocrx_word' id='word_1_120' title='bbox 980 1375 1090 1430; x_wconf 68' lang='lat' dir='ltr'>IX2.</span> 
     </span>
    </p>
   </div>
   <div class='ocr_carea' id='block_1_5' title="bbox 66 1523 1458 1661">
    <p class='ocr_par' dir='ltr' id='par_1_5' title="bbox 66 1523 1458 1661">
     <span class='ocr_line' id='line_1_16' title="bbox 66 1523 1458 1589; baseline -0.002 -15"><span class='ocrx_word' id='word_1_121' title='bbox 66 1526 366 1589; x_wconf 74' lang='lat' dir='ltr'>Explicatur·</span> <span class='ocrx_word' id='word_1_122' title='bbox 421 1525 682 1573; x_wconf 74' lang='lat' dir='ltr'>versiculus</span> <span class='ocrx_word' id='word_1_123' title='bbox 727 1531 753 1571; x_wconf 87' lang='lat'>6</span> <span class='ocrx_word' id='word_1_124' title='bbox 813 1524 1068 1572; x_wconf 75' lang='lat' dir='ltr'>GetzeseOS.</span> <span class='ocrx_word' id='word_1_125' title='bbox 1108 1551 1167 1562; x_wconf 81' lang='lat'>—-</span> <span class='ocrx_word' id='word_1_126' title='bbox 1217 1523 1458 1571; x_wconf 74' lang='lat' dir='ltr'>Saturnus</span> 
     </span>
     <span class='ocr_line' id='line_1_17' title="bbox 149 1595 1368 1661; baseline -0.002 -16"><span class='ocrx_word' id='word_1_127' title='bbox 149 1597 373 1661; x_wconf 66' lang='lat' dir='ltr'>planeta.</span> <span class='ocrx_word' id='word_1_128' title='bbox 403 1625 462 1633; x_wconf 93' lang='lat'>—-</span> <span class='ocrx_word' id='word_1_129' title='bbox 484 1597 749 1644; x_wconf 76' lang='lat' dir='ltr'>Tractatur</span> <span class='ocrx_word' id='word_1_130' title='bbox 779 1595 1040 1644; x_wconf 72' lang='lat' dir='ltr'>versiculus</span> <span class='ocrx_word' id='word_1_131' title='bbox 1063 1604 1085 1642; x_wconf 88' lang='lat'>8</span> <span class='ocrx_word' id='word_1_132' title='bbox 1110 1595 1368 1642; x_wconf 77' lang='lat' dir='ltr'>Geneseos.</span> 
     </span>
    </p>
   </div>
   <div class='ocr_carea' id='block_1_6' title="bbox 72 1730 1467 2503">
    <p class='ocr_par' dir='ltr' id='par_1_6' title="bbox 72 1730 1467 2503">
     <span class='ocr_line' id='line_1_18' title="bbox 126 1730 1458 1778; baseline -0.002 0"><span class='ocrx_word' id='word_1_133' title='bbox 126 1735 292 1778; x_wconf 83' lang='lat' dir='ltr'>XXIX.</span> <span class='ocrx_word' id='word_1_134' title='bbox 332 1751 353 1775; x_wconf 90' lang='lat'>«</span> <span class='ocrx_word' id='word_1_135' title='bbox 380 1735 445 1777; x_wconf 84' lang='lat' dir='ltr'>ET</span> <span class='ocrx_word' id='word_1_136' title='bbox 466 1731 574 1777; x_wconf 82' lang='lat' dir='ltr'>dixit</span> <span class='ocrx_word' id='word_1_137' title='bbox 594 1736 710 1777; x_wconf 85' lang='lat' dir='ltr'>Deus</span> <span class='ocrx_word' id='word_1_138' title='bbox 736 1753 745 1778; x_wconf 87' lang='lat'>:</span> <span class='ocrx_word' id='word_1_139' title='bbox 773 1733 871 1777; x_wconf 86' lang='lat' dir='ltr'>Fiat</span> <span class='ocrx_word' id='word_1_140' title='bbox 891 1734 1215 1777; x_wconf 83' lang='lat' dir='ltr'>firmamentum</span> <span class='ocrx_word' id='word_1_141' title='bbox 1243 1732 1289 1775; x_wconf 91' lang='lat' dir='ltr'>in</span> <span class='ocrx_word' id='word_1_142' title='bbox 1313 1730 1458 1776; x_wconf 87' lang='lat' dir='ltr'>medio</span> 
     </span>
     <span class='ocr_line' id='line_1_19' title="bbox 74 1802 1454 1864; baseline 0.001 -19"><span class='ocrx_word' id='word_1_143' title='bbox 74 1823 92 1846; x_wconf 87' lang='lat'>»</span> <span class='ocrx_word' id='word_1_144' title='bbox 114 1819 254 1864; x_wconf 74' lang='lat' dir='ltr'>aquae,</span> <span class='ocrx_word' id='word_1_145' title='bbox 274 1811 316 1846; x_wconf 90' lang='lat' dir='ltr'>et</span> <span class='ocrx_word' id='word_1_146' title='bbox 324 1803 377 1847; x_wconf 88' lang='lat' dir='ltr'>sit</span> <span class='ocrx_word' id='word_1_147' title='bbox 387 1802 585 1847; x_wconf 86' lang='lat' dir='ltr'>dividens</span> <span class='ocrx_word' id='word_1_148' title='bbox 596 1803 875 1863; x_wconf 84' lang='lat' dir='ltr'>interaquam</span> <span class='ocrx_word' id='word_1_149' title='bbox 890 1813 933 1847; x_wconf 91' lang='lat' dir='ltr'>et</span> <span class='ocrx_word' id='word_1_150' title='bbox 949 1807 1187 1864; x_wconf 73' lang='lat' dir='ltr'>aquani.Et</span> <span class='ocrx_word' id='word_1_151' title='bbox 1199 1804 1257 1848; x_wconf 91' lang='lat' dir='ltr'>sic</span> <span class='ocrx_word' id='word_1_152' title='bbox 1271 1803 1454 1858; x_wconf 78' lang='lat' dir='ltr'>factum,</span> 
     </span>
     <span class='ocr_line' id='line_1_20' title="bbox 73 1873 1456 1937; baseline 0.002 -20"><span class='ocrx_word' id='word_1_153' title='bbox 73 1894 94 1917; x_wconf 89' lang='lat'>»</span> <span class='ocrx_word' id='word_1_154' title='bbox 114 1884 193 1919; x_wconf 89' lang='lat' dir='ltr'>est.</span> <span class='ocrx_word' id='word_1_155' title='bbox 214 1877 271 1919; x_wconf 88' lang='lat' dir='ltr'>Et</span> <span class='ocrx_word' id='word_1_156' title='bbox 285 1873 386 1918; x_wconf 75' lang='lat' dir='ltr'>fecit</span> <span class='ocrx_word' id='word_1_157' title='bbox 397 1877 512 1918; x_wconf 86' lang='lat' dir='ltr'>Deus</span> <span class='ocrx_word' id='word_1_158' title='bbox 533 1876 882 1930; x_wconf 75' lang='lat' dir='ltr'>firmamentum,</span> <span class='ocrx_word' id='word_1_159' title='bbox 904 1886 947 1920; x_wconf 89' lang='lat' dir='ltr'>et</span> <span class='ocrx_word' id='word_1_160' title='bbox 973 1875 1116 1920; x_wconf 86' lang='lat' dir='ltr'>divisit</span> <span class='ocrx_word' id='word_1_161' title='bbox 1136 1877 1250 1920; x_wconf 84' lang='lat' dir='ltr'>inter</span> <span class='ocrx_word' id='word_1_162' title='bbox 1280 1892 1456 1937; x_wconf 78' lang='lat' dir='ltr'>aquam,</span> 
     </span>
     <span class='ocr_line' id='line_1_21' title="bbox 73 1944 1462 2007; baseline 0.003 -20"><span class='ocrx_word' id='word_1_163' title='bbox 73 1963 94 1986; x_wconf 92' lang='lat'>»</span> <span class='ocrx_word' id='word_1_164' title='bbox 117 1961 217 2005; x_wconf 86' lang='lat' dir='ltr'>quae</span> <span class='ocrx_word' id='word_1_165' title='bbox 233 1953 326 1988; x_wconf 88' lang='lat' dir='ltr'>erat</span> <span class='ocrx_word' id='word_1_166' title='bbox 343 1944 425 1988; x_wconf 83' lang='lat' dir='ltr'>sub</span> <span class='ocrx_word' id='word_1_167' title='bbox 448 1944 745 2000; x_wconf 80' lang='lat' dir='ltr'>firmamento,</span> <span class='ocrx_word' id='word_1_168' title='bbox 786 1955 829 1989; x_wconf 91' lang='lat' dir='ltr'>et</span> <span class='ocrx_word' id='word_1_169' title='bbox 864 1946 978 1990; x_wconf 88' lang='lat' dir='ltr'>inter</span> <span class='ocrx_word' id='word_1_170' title='bbox 1013 1962 1187 2006; x_wconf 82' lang='lat' dir='ltr'>aquam,</span> <span class='ocrx_word' id='word_1_171' title='bbox 1230 1963 1329 2007; x_wconf 85' lang='lat' dir='ltr'>quae</span> <span class='ocrx_word' id='word_1_172' title='bbox 1369 1956 1462 1991; x_wconf 85' lang='lat' dir='ltr'>erat</span> 
     </span>
     <span class='ocr_line' id='line_1_22' title="bbox 74 2015 1462 2077; baseline 0.004 -21"><span class='ocrx_word' id='word_1_173' title='bbox 74 2033 95 2057; x_wconf 86' lang='lat'>»</span> <span class='ocrx_word' id='word_1_174' title='bbox 118 2031 247 2075; x_wconf 86' lang='lat' dir='ltr'>supra</span> <span class='ocrx_word' id='word_1_175' title='bbox 267 2015 604 2059; x_wconf 86' lang='lat' dir='ltr'>firmamentum.</span> <span class='ocrx_word' id='word_1_176' title='bbox 640 2033 659 2055; x_wconf 90' lang='lat'>»</span> <span class='ocrx_word' id='word_1_177' title='bbox 688 2017 842 2059; x_wconf 90' lang='lat' dir='ltr'>Utrum</span> <span class='ocrx_word' id='word_1_178' title='bbox 862 2032 989 2076; x_wconf 73' lang='lat' dir='ltr'>aquae</span> <span class='ocrx_word' id='word_1_179' title='bbox 1006 2016 1112 2060; x_wconf 82' lang='lat' dir='ltr'>tales</span> <span class='ocrx_word' id='word_1_180' title='bbox 1130 2017 1215 2061; x_wconf 88' lang='lat' dir='ltr'>sint</span> <span class='ocrx_word' id='word_1_181' title='bbox 1234 2033 1363 2077; x_wconf 84' lang='lat' dir='ltr'>supra</span> <span class='ocrx_word' id='word_1_182' title='bbox 1384 2019 1462 2062; x_wconf 88' lang='lat' dir='ltr'>fir-</span> 
     </span>
     <span class='ocr_line' id='line_1_23' title="bbox 72 2085 1464 2145; baseline 0.002 -16"><span class='ocrx_word' id='word_1_183' title='bbox 72 2094 342 2130; x_wconf 86' lang='lat' dir='ltr'>mamentum</span> <span class='ocrx_word' id='word_1_184' title='bbox 364 2121 374 2141; x_wconf 78' lang='lat'>,</span> <span class='ocrx_word' id='word_1_185' title='bbox 417 2085 566 2145; x_wconf 82' lang='lat' dir='ltr'>quales</span> <span class='ocrx_word' id='word_1_186' title='bbox 589 2085 670 2129; x_wconf 79' lang='lat' dir='ltr'>sul)</span> <span class='ocrx_word' id='word_1_187' title='bbox 707 2087 983 2131; x_wconf 84' lang='lat' dir='ltr'>firmamento</span> <span class='ocrx_word' id='word_1_188' title='bbox 1017 2088 1109 2131; x_wconf 85' lang='lat' dir='ltr'>istae</span> <span class='ocrx_word' id='word_1_189' title='bbox 1152 2087 1341 2133; x_wconf 88' lang='lat' dir='ltr'>visibiles</span> <span class='ocrx_word' id='word_1_190' title='bbox 1364 2109 1372 2133; x_wconf 94' lang='lat'>:</span> <span class='ocrx_word' id='word_1_191' title='bbox 1408 2105 1464 2133; x_wconf 84' lang='lat' dir='ltr'>an</span> 
     </span>
     <span class='ocr_line' id='line_1_24' title="bbox 73 2155 1463 2220; baseline 0.002 -19"><span class='ocrx_word' id='word_1_192' title='bbox 73 2157 174 2217; x_wconf 86' lang='lat' dir='ltr'>quia</span> <span class='ocrx_word' id='word_1_193' title='bbox 195 2155 492 2216; x_wconf 84' lang='lat' dir='ltr'>illam-aquam</span> <span class='ocrx_word' id='word_1_194' title='bbox 514 2156 688 2201; x_wconf 86' lang='lat' dir='ltr'>videtur</span> <span class='ocrx_word' id='word_1_195' title='bbox 708 2157 969 2215; x_wconf 79' lang='lat' dir='ltr'>significare,</span> <span class='ocrx_word' id='word_1_196' title='bbox 990 2174 1120 2218; x_wconf 82' lang='lat' dir='ltr'>supra</span> <span class='ocrx_word' id='word_1_197' title='bbox 1132 2175 1264 2220; x_wconf 91' lang='lat' dir='ltr'>quam</span> <span class='ocrx_word' id='word_1_198' title='bbox 1281 2160 1463 2220; x_wconf 87' lang='lat' dir='ltr'>Spiritus</span> 
     </span>
     <span class='ocr_line' id='line_1_25' title="bbox 73 2225 1467 2290; baseline 0.003 -18"><span class='ocrx_word' id='word_1_199' title='bbox 73 2225 315 2283; x_wconf 79' lang='lat' dir='ltr'>ferebatur,</span> <span class='ocrx_word' id='word_1_200' title='bbox 341 2236 385 2271; x_wconf 86' lang='lat' dir='ltr'>et</span> <span class='ocrx_word' id='word_1_201' title='bbox 407 2242 502 2271; x_wconf 86' lang='lat' dir='ltr'>eam</span> <span class='ocrx_word' id='word_1_202' title='bbox 514 2226 867 2286; x_wconf 78' lang='lat' dir='ltr'>intelligebamus</span> <span class='ocrx_word' id='word_1_203' title='bbox 890 2245 979 2288; x_wconf 86' lang='lat' dir='ltr'>esse</span> <span class='ocrx_word' id='word_1_204' title='bbox 1001 2230 1137 2290; x_wconf 83' lang='lat' dir='ltr'>ipsam</span> <span class='ocrx_word' id='word_1_205' title='bbox 1159 2229 1314 2276; x_wconf 84' lang='lat' dir='ltr'>mundi</span> <span class='ocrx_word' id='word_1_206' title='bbox 1328 2241 1467 2276; x_wconf 87' lang='lat' dir='ltr'>mate-</span> 
     </span>
     <span class='ocr_line' id='line_1_26' title="bbox 75 2297 1465 2360; baseline 0.004 -19"><span class='ocrx_word' id='word_1_207' title='bbox 75 2298 204 2353; x_wconf 77' lang='lat' dir='ltr'>riam,</span> <span class='ocrx_word' id='word_1_208' title='bbox 224 2299 318 2342; x_wconf 89' lang='lat' dir='ltr'>haec</span> <span class='ocrx_word' id='word_1_209' title='bbox 339 2298 469 2342; x_wconf 83' lang='lat' dir='ltr'>etiam</span> <span class='ocrx_word' id='word_1_210' title='bbox 490 2299 574 2342; x_wconf 90' lang='lat' dir='ltr'>hoc</span> <span class='ocrx_word' id='word_1_211' title='bbox 596 2297 693 2342; x_wconf 93' lang='grc'>1000</span> <span class='ocrx_word' id='word_1_212' title='bbox 707 2299 982 2344; x_wconf 86' lang='lat' dir='ltr'>firmamento</span> <span class='ocrx_word' id='word_1_213' title='bbox 1002 2300 1257 2360; x_wconf 86' lang='lat' dir='ltr'>interposito</span> <span class='ocrx_word' id='word_1_214' title='bbox 1282 2301 1465 2347; x_wconf 80' lang='lat' dir='ltr'>discreta</span> 
     </span>
     <span class='ocr_line' id='line_1_27' title="bbox 77 2368 1463 2433; baseline 0.003 -20"><span class='ocrx_word' id='word_1_215' title='bbox 77 2368 294 2413; x_wconf 84' lang='lat' dir='ltr'>credenda</span> <span class='ocrx_word' id='word_1_216' title='bbox 318 2378 404 2424; x_wconf 80' lang='lat' dir='ltr'>est,</span> <span class='ocrx_word' id='word_1_217' title='bbox 428 2378 479 2413; x_wconf 89' lang='lat' dir='ltr'>ut</span> <span class='ocrx_word' id='word_1_218' title='bbox 500 2368 679 2413; x_wconf 84' lang='lat' dir='ltr'>inferior</span> <span class='ocrx_word' id='word_1_219' title='bbox 701 2369 754 2414; x_wconf 88' lang='lat' dir='ltr'>sit</span> <span class='ocrx_word' id='word_1_220' title='bbox 774 2371 951 2415; x_wconf 86' lang='lat' dir='ltr'>materia</span> <span class='ocrx_word' id='word_1_221' title='bbox 974 2371 1231 2431; x_wconf 80' lang='lat' dir='ltr'>corporalis,</span> <span class='ocrx_word' id='word_1_222' title='bbox 1267 2373 1463 2433; x_wconf 87' lang='lat' dir='ltr'>superior</span> 
     </span>
     <span class='ocr_line' id='line_1_28' title="bbox 77 2438 1464 2503; baseline 0.004 -20"><span class='ocrx_word' id='word_1_223' title='bbox 77 2438 305 2484; x_wconf 80' lang='lat' dir='ltr'>animalis?</span> <span class='ocrx_word' id='word_1_224' title='bbox 345 2442 439 2484; x_wconf 88' lang='lat' dir='ltr'>Hoc</span> <span class='ocrx_word' id='word_1_225' title='bbox 479 2439 595 2484; x_wconf 90' lang='lat' dir='ltr'>enim</span> <span class='ocrx_word' id='word_1_226' title='bbox 630 2440 955 2485; x_wconf 81' lang='lat' dir='ltr'>firmamentum</span> <span class='ocrx_word' id='word_1_227' title='bbox 987 2441 1112 2498; x_wconf 82' lang='lat' dir='ltr'>dicit,</span> <span class='ocrx_word' id='word_1_228' title='bbox 1148 2442 1270 2503; x_wconf 87' lang='lat' dir='ltr'>quod</span> <span class='ocrx_word' id='word_1_229' title='bbox 1301 2443 1464 2489; x_wconf 83' lang='lat' dir='ltr'>coelum</span> 
     </span>
    </p>
   </div>
   <div class='ocr_carea' id='block_1_7' title="bbox 79 2536 1465 2625">
    <p class='ocr_par' dir='ltr' id='par_1_7' title="bbox 79 2536 1465 2625">
     <span class='ocr_line' id='line_1_29' title="bbox 127 2536 1465 2583; baseline 0.004 -15"><span class='ocrx_word' id='word_1_230' title='bbox 127 2543 137 2560; x_wconf 85' lang='lat'>¹</span> <span class='ocrx_word' id='word_1_231' title='bbox 161 2536 259 2569; x_wconf 78' lang='lat' dir='ltr'>Eccli.</span> <span class='ocrx_word' id='word_1_232' title='bbox 278 2547 365 2578; x_wconf 81' lang='lat' dir='ltr'>xviii,</span> <span class='ocrx_word' id='word_1_233' title='bbox 383 2548 410 2569; x_wconf 83' lang='lat'>1.</span> <span class='ocrx_word' id='word_1_234' title='bbox 427 2553 469 2560; x_wconf 88' lang='lat'><strong>—</strong></span> <span class='ocrx_word' id='word_1_235' title='bbox 487 2543 501 2560; x_wconf 82' lang='lat'>²</span> <span class='ocrx_word' id='word_1_236' title='bbox 519 2538 595 2570; x_wconf 86' lang='lat' dir='ltr'>Haec</span> <span class='ocrx_word' id='word_1_237' title='bbox 607 2537 670 2571; x_wconf 87' lang='lat' dir='ltr'>duo</span> <span class='ocrx_word' id='word_1_238' title='bbox 689 2537 795 2581; x_wconf 82' lang='lat' dir='ltr'>capita</span> <span class='ocrx_word' id='word_1_239' title='bbox 815 2538 1015 2572; x_wconf 82' lang='lat' dir='ltr'>annectimus</span> <span class='ocrx_word' id='word_1_240' title='bbox 1026 2543 1161 2583; x_wconf 83' lang='lat' dir='ltr'>,utpote</span> <span class='ocrx_word' id='word_1_241' title='bbox 1173 2540 1416 2574; x_wconf 85' lang='lat' dir='ltr'>connectissima</span> <span class='ocrx_word' id='word_1_242' title='bbox 1433 2540 1465 2575; x_wconf 88' lang='lat' dir='ltr'>in</span> 
     </span>
     <span class='ocr_line' id='line_1_30' title="bbox 79 2591 382 2625; baseline -0.007 0"><span class='ocrx_word' id='word_1_243' title='bbox 79 2592 162 2625; x_wconf 86' lang='lat' dir='ltr'>Edit.</span> <span class='ocrx_word' id='word_1_244' title='bbox 182 2591 382 2625; x_wconf 80' lang='lat' dir='ltr'>Maurinensi.</span> 
     </span>
    </p>
   </div>
   <div class='ocr_carea' id='block_1_8' title="bbox 1211 2650 1250 2689">
    <p class='ocr_par' dir='ltr' id='par_1_8' title="bbox 1211 2650 1250 2689">
     <span class='ocr_line' id='line_1_31' title="bbox 1211 2650 1250 2689; baseline 0 0"><span class='ocrx_word' id='word_1_245' title='bbox 1211 2650 1250 2689; x_wconf 85' lang='grc'>9.</span> 
     </span>
    </p>
   </div>
  </div>
 </body>
</html>
