1854 3219
216 228 270 252 DE
301 227 451 253 GENESI
483 226 538 252 AD
569 226 809 262 LITTERAM,
846 228 950 252 IMPE
960 228 1138 253 RFECTLS
1171 228 1252 252 LlB.
1355 217 1435 253 129

54 289 245 334 tenebrae
260 325 271 345 ,
296 306 361 334 res
383 290 548 350 aliquas
569 289 853 348 significantia
866 325 877 345 ,
898 291 1010 335 sicut
1031 291 1121 335 dies
1138 300 1181 335 et
1198 307 1299 336 nox.
1320 295 1437 351 Ergo

52 360 136 404 hoc
157 361 216 404 ita
239 358 539 419 accipiendum
561 369 646 415 est,
678 361 779 420 quia
801 361 1017 405 enuntiari
1041 361 1164 405 aliter
1185 378 1274 407 non
1295 372 1439 422 posset

51 445 118 474 res
152 446 251 491 quae
283 445 444 474 nomen
472 430 662 489 accepit,
700 430 782 473 nisi
811 430 958 491 aliquo
976 431 1182 475 nomine?
1204 436 1272 476 An
1295 433 1438 492 potius

52 501 132 544 ista
151 501 320 545 vocatio
333 500 583 560 accipienda
598 509 662 544 est
680 500 771 560 ipsa
785 500 1031 545 distinctio?
1053 505 1150 547 Non
1172 503 1289 546 enim
1302 504 1440 547 omnis

51 571 125 615 lux
138 572 229 627 dies
241 581 316 616 aut
333 587 482 616 omnes
501 571 693 616 tenebrae
710 587 797 616 nox
817 591 824 616 :
852 571 928 616 sed
943 571 1017 616 lux
1040 582 1083 616 et
1104 573 1296 617 tenebrae
1314 575 1441 618 certis

53 642 166 685 inter
186 658 230 686 se
251 642 418 687 vicibus
451 641 660 687 ordinatae
682 651 813 703 atque
845 643 1082 699 distinctae,
1115 644 1201 688 diei
1230 654 1273 688 et
1304 646 1442 689 noctis

51 713 302 758 nominibus
318 713 608 774 appellantur.
635 715 776 758 Omne
805 714 967 774 quippe
988 714 1252 759 vocabulum
1283 715 1339 760 ad
1361 715 1444 760 dis-

51 783 306 829 tinctionem
327 784 457 829 valet.
484 784 609 829 Unde
623 785 752 829 etiam
770 800 931 829 nomen
953 785 1075 845 quod
1093 802 1184 830 rem
1202 795 1346 842 notet,
1373 803 1447 847 ap-

51 855 264 914 pellatum
277 864 357 910 est,
373 856 496 916 quasi
508 864 731 899 notamen.
746 858 877 901 Notet
887 866 1048 912 autem,
1060 856 1194 913 idest,
1208 857 1446 917 distinguat

51 934 96 970 et
115 925 377 971 doctitanter
398 925 453 970 ad
474 925 810 970 discernendum
832 926 1023 987 adjuvet.
1051 930 1248 972 Fortasse
1262 945 1365 988 ergo
1383 930 1447 989 ip-

51 1011 148 1040 sum
187 995 377 1041 divisisse
419 996 532 1040 inter
553 996 698 1041 lucem
729 1007 772 1041 et
793 997 1018 1052 tenebras,
1045 998 1129 1042 hoc
1157 1008 1236 1053 est,
1274 1016 1447 1044 vocasse

50 1065 194 1111 lucem
210 1065 327 1110 diem
341 1102 351 1121 ,
377 1076 421 1111 et
441 1066 641 1111 tenebras
664 1076 838 1111 noctem
853 1103 863 1122 ,
889 1076 940 1111 ut
955 1069 1039 1112 hoc
1058 1069 1113 1112 sit
1129 1069 1348 1114 ordinasse
1366 1071 1447 1115 ista

51 1136 173 1197 quod
198 1152 388 1182 vocasse.
414 1140 483 1181 An
505 1138 584 1182 ista
608 1137 819 1182 vocabula
843 1138 1086 1197 significare
1114 1139 1241 1184 nobis
1263 1140 1444 1196 volunt,

49 1223 183 1267 quam
194 1207 338 1252 lucem
352 1207 507 1252 dixerit
519 1243 529 1262 ,
546 1218 589 1252 et
606 1224 714 1269 quas
729 1208 929 1253 tenebras
945 1211 962 1253 Ρ
976 1218 1186 1270 tanquam
1199 1211 1233 1254 si
1258 1210 1441 1256 diceret:

12 1291 19 1296 ·
54 1297 75 1320 ((
110 1278 233 1323 Fecit
253 1281 366 1323 Deus
392 1277 536 1322 lucem
552 1313 562 1333 ,
584 1288 627 1323 et
648 1278 793 1324 divisit
813 1280 926 1323 inter
943 1280 1087 1324 lucem
1111 1290 1153 1324 et
1175 1283 1376 1326 tenebras
1397 1300 1442 1335 3»

49 1348 194 1394 lucem
221 1359 368 1393 autem
392 1349 490 1393 dico
508 1349 639 1404 diem,
661 1360 704 1394 et
728 1351 925 1395 tenebras
949 1351 1046 1396 dico
1069 1361 1243 1396 noctem
1263 1373 1270 1397 ε
1297 1369 1351 1397 ne
1369 1353 1448 1398 ali-

49 1435 183 1480 quam
217 1417 345 1463 aliam
372 1417 514 1462 lucem
550 1419 789 1478 intelligas,
829 1437 928 1480 quae
959 1436 1049 1464 non
1078 1422 1132 1465 sit
1165 1422 1281 1480 dies,
1316 1433 1359 1467 et
1392 1440 1447 1468 ne

50 1489 215 1551 aliquas
239 1488 341 1533 alias
359 1489 560 1534 tenebras
577 1490 810 1549 intelligas,
831 1507 930 1551 quae
951 1508 1039 1535 non
1058 1492 1143 1536 sint
1159 1509 1259 1537 nox.
1286 1497 1397 1539 Nam
1414 1495 1447 1539 si

51 1560 190 1605 omnis
212 1559 289 1604 lux
310 1560 401 1604 dies
423 1560 560 1620 possit
581 1560 789 1620 intelligi,
825 1571 868 1605 et
901 1577 1050 1606 omnes
1083 1564 1275 1608 tenebrae
1308 1567 1447 1611 noctis

51 1631 228 1676 nomine
249 1640 549 1685 censerentur,
575 1631 755 1676 fortasse
773 1647 863 1676 non
887 1648 995 1692 opus
1009 1643 1119 1678 esset
1139 1634 1283 1679 dicere
1303 1656 1310 1680 :
1341 1657 1361 1679 «
1391 1641 1450 1682 Et

54 1720 75 1744 »
109 1702 283 1747 vocavit
303 1705 421 1746 Deus
435 1701 579 1746 lucem
602 1701 734 1757 diem,
752 1712 795 1747 et
817 1704 1016 1748 tenebras
1035 1706 1205 1749 vocavit
1227 1717 1448 1752 noctem.»

109 1775 297 1817 XXVII.
335 1776 446 1816 Item
469 1773 607 1833 quaeri
630 1782 774 1832 potest
793 1790 923 1834 quem
948 1774 1063 1819 diem
1087 1776 1225 1833 dicat,
1252 1788 1294 1822 et
1316 1796 1450 1838 quam

52 1853 241 1888 noctem.
271 1843 313 1888 Si
340 1843 472 1887 istum
495 1842 610 1887 diem
641 1843 738 1888 vult
760 1845 910 1905 accipi,
934 1862 1065 1906 quem
1095 1848 1194 1892 solis
1228 1859 1348 1894 ortus
1377 1852 1448 1895 in-

53 1915 207 1969 choat,
238 1923 282 1958 et
306 1912 471 1958 claudit
501 1929 703 1972 occasus,
728 1924 770 1959 et
790 1915 913 1959 istam
937 1927 1133 1973 noctem,
1160 1936 1259 1979 quae
1296 1937 1319 1964 a
1349 1921 1449 1967 solis

53 1999 211 2028 occasu
234 1999 374 2044 usque
392 1983 439 2027 in
466 1992 611 2028 ortum
637 1984 857 2040 tenditur,
894 2002 983 2030 non
1015 1987 1189 2033 invenio
1222 1993 1447 2050 quomodo

53 2069 146 2099 esse
170 2054 417 2114 potuerint,
461 2064 695 2116 antequam
736 2056 837 2100 coeli
856 2056 1086 2102 luminaria
1134 2059 1248 2105 facta
1290 2075 1446 2109 essent.

54 2129 123 2170 An
143 2126 234 2185 ipsa
254 2125 390 2186 spatia
427 2126 635 2170 horarum
657 2136 700 2171 et
728 2136 998 2188 temporum,
1026 2130 1156 2174 etiam
1180 2131 1271 2176 sine
1299 2135 1450 2180 discri-

45 2195 171 2240 mine
187 2194 369 2255 fulgoris
381 2205 512 2257 atque
525 2197 715 2252 umbrae,
743 2199 834 2258 jam
846 2199 906 2243 ita
922 2201 1067 2245 vocari
1101 2211 1341 2261 potuerunt
1358 2208 1376 2250 Ξ)
1394 2210 1451 2252 Et

55 2266 276 2326 quomodo
295 2265 474 2310 inillam
495 2266 636 2311 lucem
652 2268 928 2325 rationalem,
946 2271 979 2314 si
1000 2271 1094 2315 haec
1119 2272 1356 2332 significata
1367 2288 1445 2334 est,

57 2345 131 2381 aut
164 2336 406 2380 sensualem
431 2337 549 2381 cadit
564 2338 659 2382 haec
676 2338 951 2396 vicissitudo,
973 2358 1072 2402 quae
1092 2345 1269 2389 nomine
1288 2345 1374 2391 diei
1406 2359 1448 2393 et

61 2407 199 2451 noctis
221 2407 513 2465 significatur?
529 2411 690 2452 Annon
713 2410 955 2455 secundum
973 2414 1093 2473 quod
1107 2416 1273 2472 evenit,
1293 2417 1367 2461 sed
1386 2435 1452 2463 se-

59 2475 256 2522 cundum
264 2477 383 2537 quod
393 2487 534 2538 potest
545 2479 734 2535 evenire,
746 2479 826 2524 ista
835 2481 1048 2526 insinuata
1069 2495 1194 2536 sunt3
1210 2487 1308 2546 quia
1321 2499 1364 2532 et
1379 2506 1449 2534 ra-

60 2548 170 2593 tioni
183 2557 326 2608 potest
340 2565 458 2595 error
475 2550 730 2607 succedere,
756 2561 798 2596 et
820 2553 963 2597 sensui
981 2555 1183 2614 quaedam
1202 2557 1412 2606 stoliditas
1430 2565 1449 2607 ,³

254 2631 359 2660 exn.
1265 2631 1288 2668 9
