1854 3219
361 191 442 229 582
798 203 831 230 s.
869 201 1098 229 Aur-,nstrum
1131 203 1310 230 nmscom

422 269 584 311 XXIV.
621 265 742 310 Vidit
764 270 916 310 Petrus
938 267 982 310 in
1005 267 1264 311 alienatione
1287 270 1443 310 mentis
1463 282 1537 311 vas
1558 277 1747 328 quatuor

363 339 486 383 lineis
510 337 735 397 alligatum
759 338 958 382 submitti
977 338 1031 383 dc
1061 339 1174 383 coelo
1196 339 1376 398 plenum
1398 339 1525 383 variis
1546 339 1746 384 animali-

362 411 460 463 bus,
486 424 585 453 cum
606 408 772 453 audivit
790 419 832 453 et
853 425 1003 453 vocem
1031 429 1039 454 :
1079 429 1099 452 «
1124 414 1266 455 Macta
1281 419 1324 453 et
1337 409 1595 454 manduea1.
1618 428 1638 451 »
1659 411 1746 464 Qui

361 496 462 525 cum
485 479 679 524 redditus
696 481 892 524 sensibus
905 480 959 524 de
972 481 1067 525 visu
1082 481 1342 540 disceptaret
1355 515 1365 535 ,
1387 496 1486 525 eece
1507 497 1617 542 quos
1637 484 1747 527 Cor-

360 550 500 595 nelius
516 552 704 606 miserat,
717 551 979 596 nuntiavitei
993 551 1167 611 spiritus
1182 551 1351 596 dicens:
1375 554 1521 596 «Ecce
1533 552 1613 596 viri
1622 569 1747 613 quae-

364 641 384 664 »
406 632 509 666 runt
528 632 570 666 te
589 642 597 667 ;
615 622 688 666 sed
711 637 851 681 surge,
873 622 1099 677 descende,
1116 631 1158 666 et
1170 621 1279 666 vade
1297 638 1398 666 cum
1419 621 1518 677 illis,
1544 624 1645 684 quia
1666 640 1748 684 ego

365 694 493 737 »misi
507 709 624 737 eos.»
642 694 838 746 Quicum
852 694 1036 738 venisset
1049 693 1103 737 ad
1117 694 1388 750 Cornelium,
1409 694 1516 754 quid
1528 695 1573 738 in
1589 694 1663 739 illa
1680 696 1748 740 vi-

360 766 481 811 sione
501 764 775 820 intellexerit,
793 765 870 809 ubi
893 765 1110 810 audierat:
1141 784 1160 806 «
1176 767 1407 819 QuaeDeus
1429 765 1675 822 mundavit,
1701 776 1750 811 tu

362 855 382 878 »
410 852 464 880 ne
481 836 728 880 communia
744 835 914 891 dixeris,
935 855 955 876 ν)
976 837 1065 895 ipse
1080 835 1287 880 indicavit
1301 835 1449 881 dicens
1468 857 1476 881 :
1503 855 1523 879 α
1540 837 1623 882 Sed
1642 838 1750 882 mihi

359 924 380 948 >›
408 910 522 951 Deus
540 906 728 951 ostendit
747 908 964 951 neminem
983 922 1262 951 communem
1280 917 1355 952 aut
1372 908 1650 952 immundum
1672 910 1748 954 ho-.

361 997 382 1020 »
407 979 569 1023 minem
581 980 768 1023 dicere-»
787 981 899 1024 Cum
918 994 1020 1038 ergo
1035 978 1161 1023 illum
1177 979 1346 1023 discum
1359 979 1526 1024 videret
1539 979 1750 1026 alienatus

358 1067 381 1095 a
403 1051 595 1110 corporis
613 1051 809 1094 sensibus
824 1086 834 1106 ‚
861 1060 904 1094 et
926 1049 1019 1095 illas
1038 1066 1188 1096 voces:
1213 1070 1231 1092 «
1246 1054 1387 1095 Macta
1402 1060 1445 1095 et
1463 1051 1706 1108 manduca,
1726 1071 1748 1096 «

360 1140 380 1163 »
406 1131 465 1177 et,
479 1125 587 1176 Quae
600 1126 714 1166 Deus
732 1123 977 1176 mundavit,
999 1131 1047 1165 tu
1059 1123 1306 1166 communia
1321 1138 1376 1167 ne
1388 1123 1590 1177 dixeris,»
1611 1123 1656 1167 in
1668 1124 1751 1183 spi-

357 1193 444 1237 ritu
459 1192 679 1237 audiebat.
703 1193 918 1238 Redditus
941 1202 1086 1237 autem
1109 1193 1299 1253 corporis
1323 1194 1541 1248 sensibus,
1561 1194 1750 1254 idipsum

356 1263 478 1325 quod
499 1265 640 1309 visum
663 1274 794 1325 atque
827 1263 1027 1308 auditum
1050 1265 1259 1309 memoria
1282 1274 1507 1321 tenuerat,
1532 1265 1578 1309 in
1596 1264 1752 1310 eodem

358 1336 512 1396 spiritu
529 1335 763 1394 cogitando
775 1336 997 1380 cernebat.
1015 1339 1124 1390 Quae
1139 1337 1284 1381 omnia
1302 1353 1391 1381 non
1406 1337 1663 1397 corporalia,
1676 1336 1752 1381 sed

355 1407 647 1467 corporalium
661 1407 871 1466 imagines
891 1416 1035 1462 erant,
1057 1407 1145 1452 sive
1160 1423 1260 1452 cum
1274 1408 1464 1467 primum
1480 1408 1525 1451 in
1538 1408 1628 1467 ipsa
1648 1408 1751 1451 alie-

357 1480 660 1540 11atione2visae
678 1488 800 1533 sunt,
828 1478 917 1522 sive
937 1495 1038 1523 cum
1057 1488 1206 1538 postea
1224 1478 1464 1523 recordatae
1481 1487 1612 1538 atque
1632 1479 1754 1537 cogi-

357 1560 473 1595 tatae.
495 1553 607 1596 Cum
621 1567 724 1595 vero
739 1551 1080 1611 disceptabatur,
1100 1559 1143 1593 et
1156 1550 1460 1609 requirebatur
1473 1558 1522 1593 ut
1538 1549 1612 1593 illa
1630 1549 1751 1608 signa

358 1621 724 1680 intelligerentur,
750 1622 907 1665 mentis
926 1630 1017 1665 erat
1040 1621 1151 1664 actio
1171 1620 1390 1673 conantis,
1417 1618 1493 1663 sed
1515 1618 1663 1663 deerat
1685 1619 1753 1665 ef-

360 1692 499 1737 fectus
523 1691 663 1736 donec
688 1692 876 1735 nuntiati
899 1700 1022 1745 sunt,
1049 1692 1125 1751 qui
1144 1699 1353 1735 venerant
1376 1706 1399 1734 a
1420 1689 1624 1735 Cornelio
1639 1726 1650 1746 ,
1671 1691 1753 1735 hac

359 1779 462 1808 vero
485 1761 700 1823 corporali
724 1763 854 1806 etiam
885 1761 1118 1806 accedente
1146 1762 1335 1816 visione,
1363 1777 1462 1806 curn
1494 1771 1537 1805 et
1569 1761 1752 1822 Spiritus

362 1843 536 1879 sanetus
555 1850 700 1878 rursus
715 1834 759 1877 in
778 1834 930 1893 spiritu
949 1834 988 1877 ei
1005 1833 1182 1877 diceret:
1207 1851 1226 1874 »
1240 1832 1469 1877 Vadecum
1483 1832 1557 1886 eis,
1573 1850 1592 1873 »
1610 1833 1687 1876 ubi
1709 1843 1754 1878 et

360 1904 472 1949 illud
494 1905 669 1963 signum
691 1904 953 1959 ostenderat,
985 1913 1028 1948 et
1050 1905 1323 1963 impresserat
1344 1919 1492 1958 voces,
1516 1902 1665 1964 adjuta
1687 1903 1754 1948 di-

361 1976 523 2021 vinitus
546 1991 666 2019 mens
689 1974 916 2029 intellexit,
935 1974 1042 2035 quid
1056 1975 1138 2018 illis
1162 1975 1291 2033 signis
1314 1975 1515 2019 omnibus
1533 1984 1748 2033 ageretur.

363 2047 438 2091 His
464 2056 595 2107 atque
617 2045 868 2107 hujusmodi
897 2045 1025 2089 rebus
1053 2044 1287 2105 diligenter
1317 2044 1625 2101 consideratis,
1651 2045 1752 2090 satis

360 2127 540 2178 apparet
561 2117 831 2178 corporalem
853 2117 1062 2162 visionem
1089 2116 1238 2162 referri
1266 2116 1321 2161 ad
1345 2116 1580 2178 spiritalem
1595 2152 1606 2173 ,
1633 2132 1753 2161 eam-

362 2205 448 2249 que
469 2189 706 2249 spiritalem
728 2187 878 2234 referri
901 2188 956 2234 ad
978 2187 1333 2234 intellectualem.

416 2282 425 2298 ¹
447 2275 519 2308 Act.
543 2285 577 2317 x,
597 2287 631 2308 11
653 2280 686 2308 et
702 2285 791 2318 seqq.
