1854 3219
346 140 428 178 504
780 150 815 179 s.
852 150 1082 182 Auousrrm
1115 155 1297 184 muscom

336 219 526 264 Abrahae
555 219 598 261 in
627 232 715 278 quo
749 234 851 262 cum
885 219 1117 266 decimavit
1144 221 1486 279 Melchisedech,
1519 233 1569 268 ut
1597 228 1731 285 possit.

334 291 390 335 ab
413 306 465 334 eo
486 289 684 334 Christus
708 290 751 333 in
773 290 852 336 ista
881 290 1167 338 decimatione
1189 292 1374 338 discerni
1393 314 1401 339 ;
1427 295 1502 355 qui
1523 298 1732 356 quoniam

333 362 575 405 decimatus
599 377 688 405 non
707 370 792 417 est,
818 370 1019 407 ettamen
1040 364 1086 408 in
1104 363 1268 409 lumbis
1285 365 1475 410 Abrahae
1492 367 1734 413 secundum

335 447 511 481 carnem
536 431 620 477 fuit
635 468 645 488 ,
672 442 803 477 restat
826 441 875 476 ut
891 434 1133 478 secundum
1168 434 1357 479 animam
1378 436 1439 479 ibi
1464 453 1553 481 non
1571 437 1730 495 fuerit,

333 513 378 547 et
396 504 491 548 ideo
509 504 561 548 sit
576 519 846 564 consequens
863 513 912 548 ut
927 504 988 548 ibi
1005 506 1108 550 Levi
1123 507 1364 550 secundum
1380 507 1569 552 animam
1583 508 1729 554 fuerit.

335 578 432 622 Hoc
450 576 505 631 acl
528 591 596 619 me
616 591 704 619 non
728 574 919 620 multum
942 577 1117 632 attinet,
1139 577 1215 637 qui
1238 586 1526 639 utrorumque
1542 579 1737 625 collatio-

339 663 440 692 nem
464 646 608 691 adhuc
627 645 777 691 audire
801 662 895 691 sum
918 648 1128 707 paratior,
1155 664 1288 708 quam
1320 649 1629 695 utrorumlibet
1646 653 1737 712 jani

336 720 596 763 confirmare
617 718 891 763 sententiam.
914 720 1094 763 Interim
1116 719 1277 765 Christi
1293 720 1482 765 animam
1498 722 1552 766 ab
1571 722 1739 781 origine

335 791 469 850 hujus
489 790 678 835 traducis
699 806 776 851 per
793 791 876 836 hoc
895 791 1193 835 testimonium
1212 807 1434 837 secernere
1450 793 1587 839 volui.
1610 796 1740 839 Inve-

338 861 463 906 nient
484 862 553 906 isti
571 862 648 923 qui
671 863 731 906 eis
758 878 840 923 pro
861 863 1026 907 cacteris
1049 862 1228 908 fortasse
1251 863 1563 924 respondeant,
1595 874 1639 909 et
1669 864 1740 910 di-

341 942 465 988 cant,
492 933 614 994 quod
643 933 774 978 etiam
797 950 866 978 me
889 950 979 979 non
993 949 1150 994 parum
1163 944 1312 980 movet
1326 971 1337 991 ,
1358 935 1555 996 quamvis
1574 935 1740 981 nullius

337 1004 526 1049 hominis
547 1005 689 1049 anima
707 1005 762 1050 sit
777 1005 824 1049 in
844 1003 1006 1050 lumbis
1027 1006 1161 1065 patris
1178 1006 1264 1062 sui,
1299 1005 1543 1052 secundum
1564 1022 1741 1052 carnem

340 1085 490 1121 tamen
511 1077 557 1121 in
578 1076 740 1121 lumbis
768 1077 958 1122 Abrahae
981 1077 1270 1122 constitutum
1309 1079 1413 1123 Levi
1445 1079 1710 1124 decimatum
1727 1115 1739 1136 ‚

342 1157 386 1192 et
402 1148 464 1192 ibi
486 1149 777 1193 constitutum
798 1148 1043 1193 secundum
1065 1163 1240 1193 carnem
1263 1150 1488 1194 Christum
1512 1166 1603 1195 non
1624 1150 1744 1196 deci-

341 1230 527 1265 matum.
557 1220 813 1266 Secundum
839 1221 1053 1266 rationem
1079 1221 1244 1283 quippe
1265 1221 1385 1266 illam
1408 1222 1661 1267 seminalem
1681 1223 1744 1268 ibi

342 1290 428 1336 luit
446 1293 573 1348 Levi,
605 1308 692 1354 qua
715 1293 883 1338 ratione
906 1308 984 1353 per
1014 1293 1303 1338 concubitum
1340 1302 1552 1339 venturus
1576 1303 1668 1338 erat
1698 1294 1745 1338 in

340 1372 528 1407 matrem
542 1365 554 1389 ¹
572 1398 583 1418 ,
607 1364 852 1408 secundum
874 1379 1008 1424 quam
1030 1365 1243 1408 rationem
1260 1379 1351 1408 non
1368 1364 1430 1407 ibi
1458 1373 1550 1408 erat
1584 1364 1745 1409 Christi

344 1449 468 1489 caro,
502 1434 699 1494 quamvis
731 1433 974 1479 secundum
996 1435 1135 1494 ipsam
1173 1434 1237 1478 ibi
1275 1433 1409 1478 fuerit
1446 1433 1596 1479 Mariae
1624 1449 1741 1480 caro.

346 1507 626 1565 Quapropter
648 1520 728 1549 nec
746 1506 872 1562 Levi,
891 1521 968 1550 nec
990 1506 1188 1551 Christus
1215 1505 1261 1549 in
1283 1504 1446 1549 lumbis
1474 1505 1664 1550 Abrahae
1687 1520 1749 1550 se-

347 1576 546 1620 cundum
589 1577 803 1621 animam:
842 1575 1087 1620 secundum
1122 1592 1297 1620 carnem
1330 1592 1433 1621 vero
1467 1585 1510 1621 et
1538 1577 1668 1633 Levi,
1706 1586 1750 1622 et

347 1647 568 1705 Christus,
589 1647 665 1691 sed
688 1646 791 1691 Levi
815 1646 1057 1691 secundum
1082 1648 1480 1708 concupiscentiam
1501 1647 1719 1692 carnalem
1736 1684 1747 1704 ,

347 1718 546 1763 Christus
595 1727 741 1762 autem
796 1717 1041 1763 secundum
1088 1718 1225 1763 solam
1272 1718 1561 1763 substantiam
1599 1735 1752 1779 corpo-

347 1790 496 1835 ralem.
517 1792 630 1835 Cum
651 1790 770 1834 enim
792 1790 846 1834 sit
866 1790 911 1834 in
929 1790 1092 1835 semine
1114 1800 1158 1835 et
1178 1790 1361 1835 visibilis
1383 1790 1678 1851 corpulentia,
1709 1801 1752 1836 et

348 1861 573 1908 invisibilis
588 1863 720 1918 ratio,
742 1871 982 1923 utrumque
998 1862 1191 1907 cucurrit
1209 1878 1262 1906 ex
1274 1862 1495 1907 Abraham
1508 1898 1518 1918 ,
1536 1862 1607 1907 vel
1623 1863 1751 1908 etiam

350 1949 401 1978 cx
421 1934 513 1993 ipso
536 1932 677 1978 Adam
706 1949 845 1994 usque
875 1932 931 1977 ad
953 1949 1110 1992 eorpus
1129 1933 1302 1991 Mariae3
1327 1933 1430 1994 quia
1462 1943 1505 1978 et
1533 1933 1677 1993 ipsum
1702 1949 1753 1978 eo

351 2005 484 2049 modo
508 2013 771 2064 conceptum
796 2013 839 2048 et
861 2013 1057 2049 exortum
1081 2013 1168 2049 est:
1208 2004 1405 2049 Christus
1438 2013 1585 2048 autem
1609 2003 1755 2048 visibi-

352 2076 439 2120 lem
469 2076 609 2121 carnis
641 2076 929 2120 substantiam
951 2074 1006 2119 (le
1034 2091 1164 2120 carne
1197 2075 1386 2133 Virginis
1409 2075 1618 2135 sumpsit,
1644 2075 1755 2119 ratio

353 2165 457 2195 vcro
474 2149 769 2209 conceptionis
788 2150 879 2209 ejus
893 2164 984 2192 non
1007 2164 1030 2192 a
1051 2147 1215 2192 semine
1232 2146 1370 2202 virili,
1386 2147 1462 2190 sed
1479 2146 1610 2205 longe
1629 2144 1755 2189 aliter

355 2237 403 2265 ac
426 2221 613 2280 desuper
633 2220 767 2264 venit.
796 2219 985 2264 Proinde
1007 2218 1250 2263 secundum
1273 2219 1357 2263 hoc
1385 2216 1507 2278 quod
1535 2215 1590 2260 de
1618 2225 1756 2260 matre

356 2292 523 2351 accepit
539 2327 549 2346 ,
576 2293 705 2335 etiam
724 2292 769 2334 in
792 2290 954 2335 lumbis
971 2291 1158 2336 Abrahae
1177 2290 1276 2335 suit.

415 2365 582 2407 XXXV
589 2366 621 2406 1.
660 2362 738 2406 Ille
760 2372 824 2407 est
845 2363 978 2422 igitur
998 2361 1236 2406 decimatus
1256 2361 1303 2405 in
1325 2360 1572 2415 Abraham,
1599 2359 1675 2419 qui
1698 2358 1755 2402 li-

358 2446 427 2481 eet
454 2434 698 2481 secundum
733 2450 908 2478 carnem
929 2442 1125 2487 tantum,
1152 2433 1209 2476 sic
1235 2441 1378 2477 tamen
1414 2429 1496 2475 fuit
1524 2430 1570 2474 in
1594 2428 1755 2475 lumbis

409 2520 414 2533 ¹
441 2511 458 2541 3
475 2514 564 2543 sint.
582 2511 653 2541 «list.
674 2522 719 2542 m.
742 2520 810 2551 cap.
835 2510 915 2540 (Hem
935 2516 1055 2540 (titivm.
