1854 3219
391 199 472 237 170
795 204 826 232 s.
866 203 1098 233 Ancus'rmt
1133 203 1315 231 Emscom

384 274 457 319 lux
484 273 595 318 facta
622 281 707 327 est,
744 271 820 316 sed
850 287 972 316 mora
1008 269 1155 314 diurni
1193 268 1399 329 temporis
1426 268 1472 311 in
1500 280 1551 313 eo
1583 270 1780 313 consumi

382 346 551 405 potuit,
584 360 684 388 eum
719 342 1040 387 discerneretur
1074 357 1097 385 a
1130 340 1344 393 tenebris,
1381 348 1513 400 atque
1543 348 1782 401 utrumque

381 417 617 460 discretum
647 415 735 459 suis
763 413 986 458 vocabulis
1009 413 1284 472 signaretur?
1311 412 1475 456 Mirum
1499 411 1532 454 si
1549 420 1592 454 et
1612 411 1696 455 1100
1712 410 1782 456 vel

382 496 506 532 tanta
541 502 660 531 mora
694 486 788 530 fieri
820 484 965 546 potuit
993 501 1015 528 a
1047 488 1159 539 Deo,
1195 493 1361 544 quanta
1390 482 1552 527 dieitur
1583 497 1605 525 a
1635 482 1777 527 nobis.
1830 484 1838 485 ’

385 559 590 604 Discretio
608 558 772 619 quippe
795 556 904 601 lucis
924 565 965 600 et
988 555 1270 600 tenebrarum
1284 590 1294 610 ,
1319 554 1365 599 in
1386 555 1480 614 ipso
1500 553 1656 614 utique
1674 569 1781 614 ope-

378 646 446 686 re,
473 646 575 675 eum
598 629 673 674 lux
694 629 833 684 fieret,
856 636 1089 673 consecuta
1112 635 1175 670 est
1194 646 1202 671 z
1235 641 1326 670 non
1354 624 1470 669 enim
1491 624 1568 670 lux
1589 639 1680 670 esse
1700 640 1782 685 po-

377 702 484 757 tuit,
516 701 598 745 nisi
619 700 940 745 discerneretur
960 716 983 743 a
1005 698 1211 744 tenebris.

434 774 534 817 XX.
562 771 693 826 Quod
715 780 861 816 autem
882 791 902 814 «
925 769 1109 815 Voeavit
1138 772 1253 813 Deus
1275 767 1421 812 lucem
1447 765 1563 811 diem
1584 776 1628 812 et
1648 776 1777 812 tene-

377 861 398 884 »
436 843 534 887 bras
568 852 766 898 noctem,
791 861 812 884 »
838 850 1010 903 quanta
1031 856 1152 885 mora
1175 839 1269 883 fieri
1289 846 1476 899 poterat,
1502 838 1670 883 etiamsi
1692 839 1777 884 hoc

374 915 627 974 syllabatim
650 931 728 976 per
745 931 901 960 sonum
917 914 1033 959 vocis
1056 913 1238 971 egisset3
1258 911 1340 955 nisi
1362 919 1528 972 quanta
1546 920 1590 955 et
1606 927 1629 955 a
1649 911 1776 956 nobis

374 987 558 1032 dieitur:
577 991 673 1031 Lux
697 997 877 1032 vocetur
900 986 1014 1041 dies,
1034 994 1077 1029 et
1097 984 1290 1029 tenebrae
1313 992 1527 1028 vocentur
1558 998 1671 1027 nox:
1696 983 1777 1028 nisi

374 1057 488 1103 forte
525 1059 621 1120 quis
650 1059 709 1103 ita
740 1058 945 1118 desipiat,
973 1066 1024 1101 ut
1051 1056 1154 1117 quia
1179 1071 1309 1115 super
1331 1054 1478 1099 omnia
1507 1070 1692 1114 magnus
1713 1063 1776 1099 est

374 1133 504 1184 Deus,
525 1138 654 1190 putet
683 1145 758 1174 ore
781 1130 858 1173 Dei
880 1128 1087 1188 prolatas,
1115 1127 1314 1188 quamvis
1336 1126 1617 1186 paucissimas
1640 1125 1776 1184 syllau

371 1201 464 1258 bas,
484 1217 560 1261 per
575 1211 719 1246 totum
733 1200 820 1245 diei
839 1201 1026 1260 spatium
1041 1199 1232 1259 potuisse
1248 1197 1453 1242 distendi.
1474 1200 1571 1242 Huc
1589 1197 1771 1254 accedit,

370 1274 471 1333 quia
493 1273 638 1317 Verbo
661 1273 744 1317 sibi
763 1281 999 1326 coaeterno,
1025 1271 1070 1315 id
1092 1279 1177 1325 est,
1195 1268 1566 1313 incommutabilis
1590 1269 1774 1329 Sapien-

370 1345 441 1388 tiae
472 1344 654 1388 internis
695 1343 957 1404 {eternisque
991 1341 1257 1396 rationibus,
1293 1357 1383 1385 non
1416 1339 1632 1400 corporali
1666 1356 1774 1385 sono

367 1415 500 1470 Vocis,
526 1435 548 1459 ι(
566 1415 750 1459 Voeavit
773 1418 888 1458 Deus
907 1413 1052 1457 lucem
1081 1412 1197 1456 diem
1212 1448 1222 1464 ,
1242 1421 1284 1454 et
1308 1412 1508 1454 tenebras
1527 1420 1719 1455 noctem.
1748 1430 1769 1453 »

368 1489 561 1530 Rursum
584 1485 700 1528 enim
720 1484 947 1545 quaeritur,
974 1483 1009 1527 si
1036 1482 1181 1527 verbis
1204 1481 1365 1542 quibus
1387 1482 1553 1525 utimur
1576 1483 1769 1539 vocavit,

366 1573 452 1618 qua
478 1556 625 1615 lingua
644 1555 865 1600 vocaverit
883 1576 893 1612 3
915 1563 958 1597 et
978 1554 1099 1614 quod
1122 1568 1231 1612 opus
1254 1561 1345 1596 erat
1371 1552 1486 1596 sonis
1505 1554 1772 1598 transeunti-

366 1629 469 1683 bus,
491 1627 570 1671 ubi
596 1627 858 1687 cujusquam
879 1641 969 1669 non
990 1634 1081 1669 erat
1105 1622 1343 1684 corporalis
1365 1623 1482 1668 ullus
1506 1622 1704 1681 auditus,
1728 1635 1772 1670 et

366 1716 455 1745 non
478 1699 717 1743 invenitur.

425 1772 548 1814 XXI.
576 1772 644 1813 An
667 1767 905 1812 dicendum
927 1775 1012 1822 est,
1032 1765 1155 1827 quod
1177 1781 1280 1810 eum
1304 1766 1391 1810 cito
1412 1775 1640 1826 peractum
1661 1777 1771 1812 esset

363 1843 447 1886 1100
480 1857 589 1901 opus
624 1839 721 1895 Dei,
749 1838 904 1883 tandiu
934 1838 1053 1883 stetit
1088 1836 1165 1882 lux
1199 1853 1290 1881 non
1324 1838 1585 1882 succedente
1620 1848 1765 1895 noete,
1818 1833 1820 1837 ’

363 1913 503 1957 (101100
539 1912 749 1957 diurnum
779 1912 970 1971 spatium
1000 1919 1310 1970 perageretur:
1347 1919 1391 1954 et
1423 1910 1578 1954 tandiu
1609 1911 1769 1956 mansit

365 1984 550 2029 11οΧ11101
576 1983 826 2037 succedens,
845 1983 987 2026 donec
1006 1981 1194 2041 spatium
1212 1981 1418 2025 nocturni
1436 1981 1642 2041 temporis
1660 1998 1768 2042 prze-

362 2057 511 2100 teriret
525 2092 535 2111 ,
562 2067 603 2101 et
630 2071 758 2100 mane
781 2055 904 2098 fieret
921 2052 1007 2097 diei
1030 2052 1267 2113 sequentis,
1284 2068 1375 2097 uno
1392 2053 1625 2114 primoque
1646 2063 1768 2098 tran-

361 2129 508 2171 sacto?
529 2126 613 2171 Sed
631 2127 665 2171 si
687 2127 770 2170 1100
793 2125 960 2181 dixero,
981 2140 1134 2170 vereor
1157 2139 1212 2167 ne
1235 2123 1458 2179 deridear,
1478 2133 1522 2168 et
1540 2125 1595 2168 ab
1620 2125 1669 2169 iis
1688 2127 1766 2186 qui

362 2199 596 2242 certissime
625 2206 954 2257 cognoverunt,
988 2205 1031 2240 et
1060 2196 1115 2240 ab
1151 2196 1201 2240 iis
1236 2196 1313 2256 qui
1346 2204 1530 2255 possunt
1558 2194 1765 2242 facillime

362 2269 609 2323 advertere,
637 2269 758 2330 quod
794 2285 845 2312 eo
869 2278 1066 2327 tempore
1089 2283 1178 2328 quo
1208 2282 1295 2311 nox
1330 2266 1448 2326 apud
1479 2283 1558 2311 nos
1581 2277 1666 2323 est,
1693 2279 1764 2313 eas

360 2349 503 2400 partes
536 2339 692 2383 mundi
728 2339 957 2399 praesentia
994 2338 1103 2383 lueis
1134 2337 1343 2393 illustret,
1376 2354 1453 2398 per
1481 2355 1587 2399 quas
1621 2338 1685 2383 sol
1706 2339 1761 2383 ab

360 2426 517 2455 occasu
538 2411 584 2454 in
609 2420 752 2455 ortum
786 2411 921 2465 redit,
947 2427 996 2454 ac
1020 2426 1097 2469 per
1122 2411 1207 2454 hoc
1230 2409 1435 2454 omnibus
1469 2410 1625 2469 viginti
1648 2427 1760 2472 qua-

360 2491 462 2526 tuor
492 2481 608 2525 horis
642 2498 730 2525 non
764 2481 912 2525 deesse
951 2496 1030 2541 per
1063 2481 1296 2525 circuitum
1330 2481 1426 2541 gyri
1467 2482 1621 2538 totius,
1654 2481 1759 2525 alibi

360 2552 497 2608 diem,
524 2552 627 2597 alibi
661 2561 851 2597 noctem.
877 2551 1209 2612 Numquidnam
1243 2566 1344 2609 ergo
1378 2551 1424 2596 in
1457 2561 1581 2612 parte
1614 2552 1758 2612 aliqua
