1854 3219
420 173 504 213 506
845 182 879 212 s.
916 183 1148 214 annosum
1180 186 1364 214 Eprscom

419 347 739 366 mmmmm
744 347 954 365 mmm
958 348 1814 370 mmmmmmmwummmm

915 459 1134 511 CAPUT
1178 462 1319 517 XXI..

423 617 683 677 Christum,
696 619 741 664 si
752 620 800 664 in
811 620 862 665 A
866 616 1105 666 brahamo
1118 617 1379 666 secundam
1392 621 1612 667 animam
1609 621 1812 685 ficz'sset‚

740 705 838 736 non
855 690 1067 751 potuisse
1099 706 1195 736 non
1229 688 1485 737 decimari.

473 827 705 872 XXXVII.
729 828 798 879 AN
815 824 927 871 forte
949 825 1098 871 dicent
1124 844 1133 870 :
1159 825 1279 871 Sicut
1299 826 1447 886 potuit
1462 825 1525 871 ibi
1545 841 1637 872 esse
1657 842 1816 879 secun-

414 897 523 943 dum
545 912 722 942 carnem
745 905 789 941 et
813 912 904 942 non
936 896 1166 952 decimari,
1192 912 1271 942 cur
1299 912 1390 942 non
1416 897 1546 942 etiam
1569 897 1816 944 secundum

415 969 606 1015 animam
642 968 734 1013 sine
777 967 1066 1013 decimatione
1102 967 1324 1027 potuerit?
1357 967 1438 1012 Hic
1475 968 1766 1028 respondetur
1802 989 1813 1016 t

414 1040 525 1095 Quia
566 1039 719 1100 utique
754 1038 1000 1098 simplicem
1032 1038 1192 1083 animae
1225 1038 1516 1083 substantiam
1537 1038 1818 1085 incrementis

415 1111 564 1170 augeri
585 1109 886 1171 corporalibus
902 1145 914 1166 ‚
939 1124 1020 1154 nec
1040 1108 1104 1153 illi
1126 1118 1418 1170 putaverunt,
1439 1109 1517 1170 qui
1538 1124 1635 1154 eam
1656 1125 1816 1170 corpus

414 1181 688 1237 existimant,
714 1196 907 1241 quorum
927 1181 973 1224 in
995 1189 1119 1241 parte
1141 1189 1246 1225 sunt
1282 1180 1469 1224 maxime
1485 1215 1497 1236 ‚
1523 1181 1600 1241 qui
1637 1196 1734 1225 eam
1764 1197 1816 1226 ex

413 1253 667 1314 parentibus
694 1253 832 1298 creari
854 1252 1109 1313 opinantur.
1139 1251 1330 1307 Proinde
1351 1251 1398 1296 in
1430 1252 1623 1312 corporis
1650 1253 1818 1298 semine

412 1334 559 1385 potest
593 1339 684 1369 esse
705 1324 769 1369 vis
805 1322 1033 1368 invisibilis
1049 1358 1060 1378 ‚
1101 1339 1203 1384 quae
1243 1323 1576 1383 incorporaliter
1610 1339 1818 1369 numeros

414 1396 528 1454 agit,
554 1409 644 1439 non
670 1393 809 1439 oculis
830 1392 906 1437 sed
941 1392 1171 1437 intellectu
1193 1392 1484 1437 discernenda
1506 1393 1563 1437 ab
1585 1408 1635 1437 ea
1656 1409 1818 1454 corpu-

412 1466 566 1522 lentia,
581 1481 682 1526 quae
696 1465 791 1510 visu
809 1473 1020 1524 tactuque
1033 1464 1220 1509 sentitur
1237 1484 1246 1509 ;
1264 1464 1412 1523 etipsa
1427 1464 1647 1523 quantitas
1665 1481 1817 1525 corpo-

412 1538 469 1583 ris
482 1538 509 1582 h
517 1537 666 1581 umani
681 1552 781 1597 quae
796 1535 951 1595 utique
969 1534 1201 1579 modulum
1216 1534 1391 1579 seminis
1412 1534 1818 1594 incomparabiliter

412 1606 608 1662 excedit,
635 1606 736 1650 satis
759 1604 950 1650 ostendit
971 1620 1095 1665 posse
1113 1603 1216 1649 inde
1241 1603 1408 1665 aliquid
1429 1605 1565 1661 sumi,
1588 1605 1710 1667 quod
1726 1622 1818 1652 non

408 1678 571 1724 habeat
582 1676 702 1721 illam
718 1677 807 1723 vim
821 1675 1076 1721 seminalem
1091 1711 1101 1728 ,
1118 1674 1195 1720 sed
1210 1685 1385 1720 tantum
1402 1675 1676 1736 corporalem
1686 1678 1817 1723 subs-

410 1749 596 1794 tantiam
613 1783 625 1804 ,
651 1763 752 1808 quae
785 1745 995 1791 divinitus
1011 1782 1022 1802 ,
1049 1761 1140 1791 non
1162 1745 1217 1791 de
1244 1747 1484 1807 propagine
1511 1748 1817 1793 concumben-

408 1821 541 1876 tium,
567 1820 613 1864 in
630 1833 806 1865 carnem
825 1817 987 1863 Christi
1014 1827 1236 1878 assumpta
1257 1827 1389 1879 atque
1405 1817 1593 1863 formata
1623 1827 1702 1864 est.
1721 1822 1817 1865 Hoc

410 1900 560 1938 autem
597 1888 653 1934 de
687 1889 831 1934 anima
854 1888 952 1949 quis
988 1887 1134 1933 valeat
1157 1888 1400 1945 affirmare,
1425 1889 1548 1950 quod
1574 1898 1816 1951 utrumque

407 1963 596 2017 habeat,
628 1970 672 2005 et
709 1959 935 2005 materiam
970 1959 1143 2004 seminis
1179 1958 1479 2018 manifestam,
1524 1970 1569 2006 et
1603 1962 1817 2008 rationem

405 2034 585 2081 seminis
608 2032 854 2079 occultam?
879 2030 964 2077 Sed
991 2030 1101 2093 quid
1121 2031 1323 2077 laborem
1348 2033 1396 2078 in
1415 2049 1461 2078 re
1476 2068 1488 2091 ‚
1512 2050 1614 2095 quae
1635 2050 1817 2095 persua-

406 2106 498 2152 deri
521 2105 666 2151 vcrbis
688 2104 854 2149 nemini
875 2102 1059 2148 forsitan
1081 2113 1249 2164 potest,
1275 2105 1358 2150 nisi
1381 2114 1555 2150 tantum
1571 2122 1619 2151 ac
1632 2105 1720 2151 tale
1744 2107 1815 2152 in-
1851 2135 1854 2143 ι

404 2179 581 2238 genium
614 2177 695 2233 sit,
734 2174 857 2237 quod
884 2175 1018 2236 possit
1048 2176 1267 2237 loquentis
1299 2176 1541 2236 praevolare
1571 2187 1810 2235 conatum,
1850 2209 1854 2236 1

402 2265 481 2295 ncc
505 2257 649 2294 totum
667 2258 932 2308 expectarea
950 2249 1181 2292 sermone?
1200 2248 1397 2292 Breviter
1418 2248 1567 2309 itaque
1589 2248 1808 2307 colligam,
1849 2245 1854 2315 ᾖ

401 2323 437 2367 si
456 2322 604 2382 potuit
625 2329 669 2365 et
690 2320 745 2365 de
760 2320 902 2364 anima
920 2320 1035 2374 fieri,
1055 2320 1176 2380 quod
1193 2335 1294 2363 cum
1312 2319 1366 2364 de
1388 2334 1518 2364 carne
1537 2319 1805 2378 diceremus,
1852 2318 1854 2334 '

404 2394 586 2439 forsitan
609 2390 880 2437 intellectum
904 2392 957 2436 sit
971 2426 981 2446 ,
1009 2391 1068 2435 ita
1091 2401 1156 2435 est
1172 2390 1227 2435 de
1246 2389 1427 2435 traduce
1449 2392 1593 2437 anima
1616 2392 1805 2449 Christi,

404 2474 455 2509 ut
484 2479 575 2509 non
595 2478 742 2508 secum
763 2463 908 2508 labem
927 2462 1294 2523 praevaricationis
1327 2463 1577 2507 attraxerit:
1603 2463 1637 2507 si
1660 2472 1808 2507 autem

403 2538 494 2581 sine
516 2536 598 2582 isto
620 2544 744 2581 reatu
757 2551 848 2581 non
863 2544 1008 2595 posset
1025 2534 1128 2580 inde
1150 2550 1264 2592 esse,
1291 2550 1383 2581 non
1404 2544 1469 2580 est
1489 2534 1608 2581 inde.
1627 2537 1726 2580 Jam
1745 2536 1801 2580 de
