1854 3219
345 169 430 206 612
780 179 813 203 s.
852 175 1082 204 Ateusrim
1117 175 1296 203 Emscol’l

342 243 492 289 fructu
510 257 757 303 pomorum.
787 241 871 287 Sed
900 242 984 285 hoc
1006 242 1189 301 figurate
1211 240 1381 285 dietum
1403 247 1490 294 cst,
1528 248 1738 300 tanquam

344 315 420 360 illo
443 314 641 374 paradiso
656 316 669 340 1
682 349 693 369 ,
714 313 792 357 ubi
808 312 984 372 proprie
1002 312 1088 356 fuit
1107 310 1247 356 Adam
1260 347 1270 366 ‚
1292 310 1485 356 Ecclesia
1502 310 1741 369 significata

346 387 401 430 sit
422 401 498 445 per
522 384 703 429 formam
723 383 875 428 suturi.
904 386 1166 443 Quanquam
1183 380 1435 440 diligentius
1460 379 1742 425 consideran-

346 457 465 501 tibus
496 456 685 501 fortassis
714 464 915 500 occurrat
942 452 1018 499 illo
1062 452 1259 514 paradiso
1293 452 1536 512 corporali,
1573 452 1618 496 in
1653 467 1743 513 quo

348 526 489 572 Adam
512 526 795 587 corporaliter
815 525 838 570 s
838 525 923 580 uit,
948 533 991 569 et
1012 524 1137 569 istam
1151 525 1282 569 vitam
1308 532 1558 568 sanctorum
1575 523 1744 582 signifi-

349 607 507 654 catam,
525 614 625 659 quae
639 613 757 642 nunc
775 595 975 656 agiturin
990 595 1197 651 Ecclesia,
1223 604 1267 639 et
1278 593 1397 638 illam
1410 610 1510 655 quae
1523 603 1621 654 post
1633 594 1745 638 hanc

349 670 430 715 erit
450 671 495 714 in
511 679 725 714 :eternum
749 688 756 714 :
777 669 889 713 sicut
911 667 1168 722 Jerusalem,
1192 682 1292 727 quae
1310 666 1622 726 interpretatur
1639 666 1745 710 visio

347 743 464 803 pacis
483 776 493 796 ‚
519 750 562 785 ct
589 750 736 785 tamen
771 740 973 801 quaedam
1006 748 1176 783 terrena
1208 737 1357 782 civitas
1392 737 1715 782 demonstratur
1732 772 1744 793 ‚

347 814 562 874 significat
592 812 833 858 Jerusalem
854 821 1038 856 matrem
1070 819 1264 855 nostram
1289 819 1498 854 {eternam
1520 809 1565 853 in
1594 809 1716 854 coelis
1732 844 1743 865 ‚

348 888 437 932 sive
460 887 505 930 in
538 886 587 930 iis
616 886 693 946 qui
721 901 795 945 spe
827 884 932 930 salvi
963 883 1066 928 facti
1094 892 1220 939 sunt,
1255 891 1298 926 et
1324 882 1448 942 quod
1479 897 1570 927 non
1596 881 1749 927 vident

351 966 574 1018 sperantes
591 972 669 1017 per
684 956 941 1017 patientiam
957 957 1223 1014 expecta11t2‚
1241 952 1485 998 secundum
1498 968 1607 1014 quos
1621 951 1749 996 multi

349 1029 427 1074 filii
450 1028 632 1073 desertae
654 1028 790 1088 magis
821 1043 953 1088 quam
976 1028 1067 1087 ejus
1089 1042 1188 1087 quae
1209 1025 1344 1070 habet
1371 1024 1539 1069 virum-“¹
1558 1046 1568 1082 3
1592 1024 1680 1069 sive
1702 1024 1748 1068 in

350 1100 453 1160 ipsis
471 1099 649 1159 Angelis
672 1099 827 1144 sanctis
848 1114 926 1158 per
955 1096 1193 1142 Ecclesiam
1222 1094 1503 1140 multiformis
1526 1095 1748 1156 sapientiae

351 1172 430 1216 Dei
444 1172 459 1197 4
475 1206 486 1227 ,
515 1187 617 1216 cum
639 1171 800 1231 quibus
816 1179 914 1230 post
934 1170 1048 1214 hanc
1064 1168 1458 1229 peregrinationem
1480 1167 1572 1213 sine
1598 1166 1749 1212 labore

350 1251 395 1288 et
416 1242 509 1287 sine
531 1243 619 1287 fine
635 1240 878 1287 videndum
896 1249 974 1286 est.

350 1399 1064 1419 MMMMMMMMQMMWMMMMMM
1068 1397 1744 1416 mmmmmmmmmwummm

817 1523 1036 1572 CAPUT
1068 1524 1251 1571 XXIX·

352 1658 437 1703 An
459 1665 510 1700 ut
520 1654 684 1715 plures
703 1652 838 1710 coeli,
871 1655 940 1698 ita
970 1655 1019 1697 in
1038 1652 1251 1713 spiritali
1271 1663 1317 1697 et
1345 1651 1661 1698 intellectuali
1677 1654 1749 1698 vi-

777 1726 911 1770 sione
927 1723 1092 1786 plures
1114 1723 1316 1787 gradus.

413 1866 551 1909 LVII.
581 1865 625 1909 S1
658 1873 804 1908 autem
842 1862 902 1906 sic
947 1861 1180 1921 accipimus
1219 1860 1399 1905 tertium
1431 1860 1621 1917 coelum,
1661 1877 1750 1921 quo

352 1934 587 1996 Apostolus
610 1943 760 1994 raptus
785 1943 869 1988 est,
898 1942 948 1977 ut
969 1941 1176 1992 quartum
1199 1931 1328 1975 etiam
1343 1966 1354 1987 ,
1381 1940 1424 1976 et
1452 1931 1619 1993 aliquot
1636 1931 1751 1977 ultra

352 2006 550 2066 superius
575 2004 710 2050 coelos
733 2019 823 2048 esse
846 2002 1096 2059 credamus,
1115 2002 1227 2047 infra
1251 2018 1361 2063 quos
1385 2012 1448 2047 est
1463 2003 1547 2047 hoc
1570 2003 1749 2048 tertium

353 2077 516 2124 coelum
532 2113 543 2133 ‚
570 2078 681 2122 sicut
703 2092 774 2121 eos
797 2074 869 2120 alii
901 2085 1092 2136 septem,
1130 2075 1202 2119 alii
1233 2084 1358 2129 octo,
1399 2074 1470 2119 alii
1503 2090 1660 2120 novem
1680 2073 1751 2119 vel

352 2150 483 2194 etiam
505 2148 657 2193 decern
680 2147 912 2208 perhibent
927 2182 937 2202 ‚
959 2147 1059 2190 etin
1074 2147 1166 2206 ipso
1180 2162 1268 2190 uno
1290 2145 1412 2207 quod
1430 2145 1751 2190 diciturfirma-

351 2229 574 2275 mentum,
615 2218 778 2263 multos
804 2217 1016 2277 gradatim
1055 2232 1145 2261 esse
1169 2218 1453 2275 confirmant3
1478 2233 1527 2261 ac
1559 2232 1636 2276 per
1666 2217 1750 2261 hoc

351 2307 583 2352 corporeos
596 2307 685 2336 esse
700 2289 771 2335 vel
788 2289 1108 2334 ratiocinantur
1120 2288 1191 2334 vel
1204 2289 1440 2349 opinantur
1454 2323 1465 2344 ,
1488 2287 1543 2332 de
1560 2303 1751 2349 quorum

352 2363 521 2408 ratione
543 2363 631 2407 sive
653 2360 860 2422 opinione
888 2376 1006 2405 nunc
1027 2360 1235 2404 disserere
1266 2359 1449 2418 longum
1481 2368 1545 2404 est
1567 2378 1575 2404 :
1608 2367 1750 2419 potest

353 2435 485 2480 etiam
507 2433 629 2490 fieri,
664 2443 716 2478 ut
749 2433 881 2477 etiam
912 2432 958 2476 in
991 2431 1259 2491 spiritalibus
1288 2429 1360 2475 vel
1381 2429 1750 2475 intellectualibus

403 2539 412 2556 ¹
429 2534 519 2565 Cant.
541 2543 588 2574 iv,
611 2531 660 2564 13.
683 2547 725 2554 —-
744 2538 757 2554 ¹¹
776 2533 868 2564 Rom.
890 2531 960 2573 vni,
980 2528 1035 2572 24.
1051 2546 1093 2552 —
1113 2527 1125 2552 3
1145 2528 1274 2570 Gal.1v‚
1295 2537 1350 2571 27.
1367 2545 1409 2552 —-
1428 2526 1443 2558 f,
1463 2528 1579 2571 Ephes.
1602 2539 1650 2571 in,
1674 2539 1723 2562 10.
