1854 3219
198 197 252 223 DE
283 198 433 225 GENEsr
466 194 520 223 AD
553 192 792 232 LITTERAM‚
830 193 1121 222 IMPERFECTUS
1154 196 1236 221 Lm.
1337 182 1417 219 127

35 262 109 304 riae
139 262 333 307 tenebrae
365 271 467 308 sunt
482 260 861 317 irrationabilitas,
887 262 997 306 sicut
1019 269 1118 306 sunt
1143 260 1297 305 animae
1320 259 1421 303 bes-

35 330 208 376 tiarum.

92 405 230 448 XXV.
263 403 359 449 Sive
372 418 474 462 ergo
487 402 630 448 lucem
648 404 881 447 aetheream
898 438 907 458 ,
924 403 1010 447 sive
1023 392 1280 457 sensualem,
1297 402 1422 462 cujus

33 472 233 518 animalia
247 473 522 534 participant,
539 474 627 519 sive
649 472 921 528 rationalem,
947 489 1081 534 quam
1102 471 1260 531 Angeli
1286 480 1330 516 et
1346 471 1424 515 ho-

34 543 172 588 mines
192 544 380 601 habent,
404 560 428 589 a
462 548 551 590 Deo
585 543 746 590 factam
777 543 976 604 primitus
1009 544 1056 587 in
1088 557 1234 587 rerum
1268 550 1422 586 natura

33 613 127 658 haee
144 615 356 660 sententia
379 614 476 662 vult
503 615 719 674 intelligi,
752 614 943 660 divisisse
968 618 1105 659 Deum
1134 614 1249 657 inter
1279 612 1423 657 lucem

0 683 4 687 ’
36 693 81 728 et
114 686 337 743 tenebras,
372 702 424 731 eo
468 687 561 747 ipso
587 702 676 748 quo
707 685 784 730 lux
812 686 926 730 facta
950 694 1034 741 est,
1062 693 1233 745 oportet
1263 683 1422 743 accipi,

37 755 159 815 quod
179 756 299 802 aliud
320 767 384 803 est
406 759 502 815 lux,
528 757 648 802 aliud
679 756 765 802 illae
794 757 1056 818 privationes
1083 755 1213 811 lucis,
1251 771 1358 815 quas
1380 754 1426 798 in

38 828 261 873 contrariis
285 829 475 874 tenebris
488 829 705 874 ordinavit
717 832 845 873 Deus.
867 831 965 874 Non
982 827 1098 871 enim
1115 830 1253 872 Deum
1276 825 1427 870 secisse

39 898 239 943 tenebras
260 899 428 945 dictum
445 910 536 946 est:
575 901 782 962 quoniam
816 899 976 960 species
1013 900 1125 959 ipsas
1153 902 1268 944 Deus
1296 896 1422 952 fecit,

36 984 128 1014 non
148 970 410 1030 privationes
431 988 532 1033 quae
554 971 609 1017 ad
631 971 817 1016 nihilum
839 971 1059 1032 pertinent
1073 1006 1084 1026 ,
1106 970 1224 1014 unde
1244 969 1299 1013 ab
1321 967 1426 1012 arti-

33 1040 114 1085 fice
130 1044 222 1086 Deo
254 1041 368 1087 facta
401 1053 504 1088 sunt
538 1044 710 1088 omnia:
742 1059 849 1104 quas
872 1051 1020 1087 tamen
1051 1042 1106 1086 ab
1128 1057 1179 1086 eo
1209 1039 1428 1085 ordinatas

33 1112 336 1172 intelligimus,
361 1131 462 1160 cum
484 1115 646 1160 dicitur
669 1136 677 1160 ;
702 1135 722 1158 «
747 1118 804 1159 Et
825 1114 970 1159 divisit
1008 1117 1120 1158 Deus
1144 1114 1257 1158 inter
1284 1112 1430 1157 lucem

36 1202 58 1227 »ι
84 1194 128 1230 et
140 1186 340 1232 tenebras
352 1205 372 1229 n
394 1223 404 1243 ,
420 1203 475 1231 ne
494 1186 565 1232 vel
578 1188 682 1248 ipsae
696 1187 957 1247 privationes
971 1202 1061 1231 non
1079 1185 1294 1229 haberent
1312 1184 1430 1229 ordi-

33 1271 136 1301 nem
156 1273 285 1301 suum
299 1293 310 1313 ,
336 1260 427 1303 Deo
449 1268 607 1303 cuncta
628 1267 805 1317 regente
828 1267 960 1318 atque
984 1257 1328 1301 administrante.
1365 1255 1431 1300 Si-

34 1337 110 1373 cut
129 1328 176 1373 in
197 1330 415 1374 cantando
429 1329 773 1390 interpositiones
796 1329 1070 1373 silentiorum
1088 1328 1214 1371 certis
1233 1325 1428 1371 modera-

34 1399 175 1461 tisque
196 1399 457 1457 intervallis,
477 1401 686 1461 quamvis
706 1415 866 1444 vocum
886 1399 1148 1459 privationes
1174 1399 1279 1453 sint,
1315 1397 1427 1441 bene

34 1479 179 1516 tamen
201 1470 461 1516 ordinantur
485 1471 540 1515 ab
570 1471 620 1515 iis
642 1470 719 1532 qui
740 1478 915 1515 cantare
945 1469 1109 1525 sciunt,
1150 1478 1194 1513 et
1224 1467 1443 1513 suavitati—

34 1542 245 1599 universae
267 1541 496 1588 cantilenae
517 1541 683 1608 aliquid
703 1540 953 1586 conserunt.
970 1535 1028 1585 E't
1039 1540 1206 1585 umbrae
1220 1539 1267 1583 in
1283 1539 1427 1599 pictu-

35 1613 92 1658 ris
119 1613 403 1659 eminentiora
431 1629 619 1675 quaeque
652 1614 928 1673 distinguunt
944 1649 955 1668 ,
980 1629 1029 1657 ac
1049 1628 1139 1657 non
1161 1612 1328 1672 specie,
1352 1610 1428 1655 sed

35 1683 186 1729 ordine
200 1684 390 1745 placent.
406 1688 516 1731 Nam
538 1695 582 1730 et
593 1685 802 1731 vitiorum
819 1694 1070 1730 nostrorum
1089 1699 1179 1728 non
1192 1692 1257 1727 est
1278 1691 1428 1726 auctor

35 1756 150 1801 Deus
167 1777 179 1815 3
198 1755 274 1802 sed
299 1765 447 1801 tamen
476 1757 699 1802 ordinator
721 1766 806 1813 est,
839 1772 941 1801 cum
970 1772 1021 1800 eo
1051 1755 1149 1800 loco
1181 1764 1429 1816 peccatores

37 1828 284 1884 constituit,
309 1837 352 1872 et
378 1843 429 1873 ea
448 1829 617 1888 perpeti
646 1828 763 1888 cogit
778 1843 878 1889 quae
899 1837 1137 1871 merentur.
1159 1826 1228 1871 Ad
1248 1827 1332 1870 hoc
1355 1842 1430 1871 va-

37 1897 99 1944 let
113 1899 235 1960 quod
251 1915 352 1945 oves
367 1909 596 1960 ponuntur
612 1899 668 1944 ad
689 1898 909 1944 dexteram
927 1935 937 1954 ,
960 1898 1083 1942 hoedi
1107 1906 1253 1942 autem
1283 1896 1339 1941 ad
1371 1897 1429 1940 si-

37 1969 217 2019 nistram
236 1973 267 2014 1.
287 1970 500 2025 Quaedam
513 1986 616 2030 ergo
629 1979 673 2014 et
685 1969 790 2015 facit
802 1973 914 2015 Deus
924 2006 934 2026 ,
952 1978 995 2013 et
1008 1968 1183 2013 ordinat
1200 1987 1209 2012 ·.
1225 1967 1430 2029 quaedam

0 2091 1 2095 ,
38 2055 141 2088 vero
155 2050 328 2087 tantum
340 2041 529 2087 ordinat.
555 2044 579 2086 J
584 2051 702 2086 ustos
720 2051 763 2086 et
784 2040 910 2098 facit,
936 2050 980 2085 et
1003 2039 1178 2085 ordinat
1200 2059 1208 2084 2
1233 2047 1432 2099 peccato-

0 2138 2 2179 ᾗ
40 2127 106 2157 res
118 2122 280 2170 aunem,
304 2114 351 2158 in
373 2122 590 2175 quantum
614 2122 863 2174 peccatores
900 2121 1025 2167 sunt,
1056 2127 1148 2156 non
1187 2108 1312 2165 facit,
1355 2108 1431 2153 sed

41 2185 214 2230 ordinat
233 2193 421 2231 tantu-m.
449 2185 624 2246 Quippe
647 2200 748 2230 cum
770 2183 866 2229 illos
889 2183 944 2228 ad
965 2182 1184 2227 dexteram
1199 2217 1210 2237 ‚
1247 2179 1344 2225 illos
1377 2178 1432 2224 ad

41 2255 252 2300 sinistram
269 2256 500 2301 ⁴constituit
511 2292 522 2313 ,
546 2265 590 2300 et
607 2254 728 2317 quod
747 2255 793 2299 in
810 2255 956 2313 ignem
973 2262 1188 2298 aeternum
1204 2251 1332 2312 jubet
1344 2251 1427 2306 ire,

43 2323 99 2370 ad
117 2327 373 2372 meritorum
396 2326 593 2373 ordinem
614 2325 744 2372 valet.
771 2330 834 2371 Ita
856 2325 1017 2386 species
1037 2335 1302 2384 naturasque
1320 2323 1432 2382 ipsas

41 2406 87 2441 et
101 2396 206 2443 facit
217 2433 229 2457 ,
243 2408 287 2444 et
301 2400 474 2445 ordinat
494 2419 504 2445 :
516 2399 784 2460 privationes
799 2407 946 2443 autem
960 2397 1202 2458 specierum
1219 2393 1433 2439 defectus-

0 2530 1 2541 *
28 2483 130 2532 vqtae
148 2476 405 2517 naturarum
427 2487 518 2518 non
538 2468 644 2517 facit
657 2506 668 2527 ‚
693 2468 958 2516 sed-ordinat
978 2477 1167 2514 tantum.
1209 2465 1325 2512 Dixit
1346 2465 1430 2510 ita-

0 2569 4 2606 ζ
54 2575 55 2578 ¹
86 2563 102 2580 ‘¹
123 2554 240 2600 matth,
259 2567 337 2600 xxv,
359 2556 411 2590 33.
