1854 3219
365 216 447 254 214
788 230 820 255 s.
859 228 1082 257 Acors‘rim
1116 232 1301 259 Emscorr

365 304 509 338 autem
533 293 805 353 displiceret,
822 296 853 339 si
878 295 942 343 id,
969 296 1085 357 quod
1112 298 1166 342 ab
1190 297 1533 343 illoiuchoatum
1551 309 1674 355 essct,
1693 300 1747 344 ab

363 366 446 410 alio
463 364 681 409 diceretur
702 380 792 409 esse
814 365 1071 425 perfectum.

420 438 586 480 XXXI.
613 436 698 490 Qui
721 451 821 494 ergo
844 435 898 481 de
920 447 1032 483 terra
1064 453 1154 485 non
1185 449 1459 500 quaeruntur,
1490 451 1624 501 quam
1646 439 1753 486 fecit

362 511 499 563 Deus,
525 522 626 552 cum
648 507 693 551 in
714 507 931 568 principio
947 508 1052 555 feeit
1073 513 1187 555 Deus
1202 511 1366 555 eoelum
1384 520 1426 556 et
1443 521 1622 567 terram,
1649 512 1751 572 quia

360 577 585 624 invisibilis
602 587 693 622 erat
715 587 758 623 et
774 578 1075 640 incomposita,
1100 590 1144 626 et
1159 590 1308 641 postea
1335 582 1463 627 tertio
1487 581 1557 626 die
1574 582 1750 642 conspi-

361 666 443 695 cua
469 649 669 695 redditur
690 659 821 710 atque
848 652 1153 712 componitur3
1178 653 1286 714 quid
1307 653 1390 698 sibi
1417 652 1472 698 de
1490 652 1596 698 luna
1624 661 1749 697 tene-

362 723 461 768 bras
482 722 651 767 faciunt
671 723 996 783 quaestionum?
1019 727 1109 768 Aut
1138 724 1172 768 si
1203 723 1324 785 quod
1352 722 1407 768 de
1439 734 1553 769 terra
1585 723 1751 769 dictum

361 804 449 850 est⁷
474 810 564 839 non
597 794 804 854 temporis
838 794 1090 850 intervallo,
1111 810 1209 839 cum
1240 793 1371 839 simul
1392 798 1507 840 Deus
1528 796 1752 840 materiam

361 865 492 910 rebus
522 865 837 921 concreaverit,
864 864 939 910 sed
970 865 1227 911 narrationis
1255 864 1560 911 distributione
1587 865 1751 911 intelli-

362 946 471 996 gunt
487 935 656 981 dictum
673 958 684 995 3
710 952 788 982 eur
810 937 856 981 in
877 937 960 981 hoc
978 935 1098 996 quod
1119 937 1249 981 etiam
1273 936 1410 982 oculis
1426 936 1563 982 videri
1583 946 1748 997 potest,

360 1024 451 1053 non
474 1008 703 1052 intuentur
723 1007 944 1067 integrum
968 1023 1103 1067 copus
1121 1007 1284 1051 habere
1305 1006 1472 1063 lunam,
1499 1017 1542 1052 et
1563 1015 1655 1052 tota
1676 1023 1753 1052 sua

361 1079 632 1125 rotunditate
662 1077 930 1138 perfectum,
961 1078 1091 1122 etiam
1126 1094 1228 1123 eum
1255 1077 1422 1123 lumine
1457 1077 1749 1135 corniculato,

361 1152 450 1196 sive
481 1151 691 1211 incipiens
722 1149 778 1194 ad
810 1159 944 1194 terras
974 1149 1143 1205 lucere,
1170 1150 1257 1194 sive
1290 1149 1489 1194 desinens
1520 1148 1687 1208 fulget?
1711 1151 1753 1196 Si

361 1238 465 1282 ergo
486 1221 638 1266 lumen
655 1221 701 1264 in
718 1236 766 1265 ea
784 1221 951 1276 crescit⁷
969 1221 1039 1265 vel
1059 1221 1298 1281 perficitur,
1313 1220 1384 1265 vel
1405 1221 1618 1265 minuitur
1633 1243 1644 1279 3
1664 1237 1754 1266 non

362 1294 578 1339 luminare
600 1294 764 1353 ipsum,
793 1292 869 1338 sed
897 1291 1009 1337 illud
1042 1292 1163 1354 quod
1196 1292 1450 1337 accenditur
1476 1293 1695 1338 variatur:
1721 1293 1755 1338 si

361 1375 507 1411 autem
525 1381 577 1409 ex
594 1381 681 1410 una
698 1363 928 1425 sphaerulae
950 1380 1039 1409 suae
1059 1373 1182 1425 parte
1198 1379 1368 1424 semper
1388 1363 1529 1420 lueet,
1548 1363 1624 1409 sed
1648 1364 1755 1410 dum

362 1454 459 1484 eam
479 1447 648 1498 partem
668 1437 881 1482 convertit
904 1436 959 1481 ad
985 1445 1142 1481 terram
1156 1472 1167 1491 ⁷
1183 1436 1323 1481 donec
1345 1445 1484 1480 totam
1506 1445 1752 1494 convertat,

364 1509 486 1573 quod
519 1527 543 1555 a
572 1510 713 1570 prima
735 1524 874 1570 usque
906 1509 961 1553 ad
989 1508 1430 1569 quartam-decimam
1462 1509 1533 1564 fit,
1566 1524 1756 1554 crescere

364 1582 565 1640 videtur3
597 1596 766 1641 semper
793 1589 857 1625 est
886 1579 1037 1640 plena,
1065 1579 1141 1624 scd
1170 1589 1297 1624 terrae
1323 1579 1644 1624 habitatoribus
1667 1596 1757 1626 non

366 1669 536 1714 semper
570 1661 763 1713 apparet.
801 1653 904 1696 Haec
936 1650 1090 1695 eadem
1123 1650 1232 1696 ratio
1266 1659 1351 1705 est,
1373 1660 1416 1695 et
1437 1650 1471 1694 si
1501 1650 1599 1696 solis
1628 1652 1757 1697 radiis

364 1724 622 1769 illustratur.
653 1726 752 1768 Non
780 1722 896 1766 enim
917 1731 1060 1782 potest
1090 1723 1217 1766 etiam
1241 1721 1299 1766 sic
1329 1736 1432 1766 eum
1459 1720 1538 1766 soli
1560 1722 1758 1782 proxima

367 1806 446 1851 est,
463 1795 543 1839 nisi
562 1793 717 1839 lucidis
735 1793 942 1838 cornibus
963 1808 1168 1853 apparere
1187 1813 1195 1837 :
1221 1793 1324 1853 quia
1341 1802 1496 1837 caetera
1518 1809 1632 1853 pars,
1657 1810 1757 1855 (suae
1811 1825 1815 1829 -

368 1878 459 1914 tota
481 1868 527 1911 in
550 1867 703 1911 orbem
724 1865 983 1920 illustratur,
1010 1881 1100 1909 non
1123 1873 1186 1909 est
1210 1863 1264 1909 ad
1286 1874 1420 1909 terras
1443 1873 1494 1909 ut
1514 1864 1651 1910 videri
1669 1881 1763 1926 pos-

369 1940 446 1995 sit,
466 1938 548 1982 nisi
578 1953 678 1982 cum
700 1936 781 1982 soli
802 1936 1017 1981 contraria
1041 1945 1125 1991 est,
1146 1945 1197 1980 ut
1220 1944 1363 1980 totum
1386 1935 1509 1980 terris
1527 1946 1759 1997 appareat,

370 2009 492 2072 quod
513 2011 603 2070 ejus
623 2007 914 2053 illuminatur.

430 2083 618 2126 XXXII.
640 2082 739 2126 Non
760 2077 920 2124 desunt
941 2088 1088 2124 tamen
1114 2077 1191 2140 qui
1213 2094 1303 2123 non
1325 2092 1376 2123 eo
1398 2093 1443 2123 se
1472 2078 1672 2123 arbitrari
1693 2077 1762 2123 di-

371 2161 499 2209 cunt,
521 2152 674 2197 lunam
702 2150 903 2213 primitus
939 2166 962 2194 a
988 2153 1077 2195 Deo
1101 2148 1544 2211 quartam-decimam
1582 2149 1760 2207 factam,

370 2226 473 2288 quia
494 2223 625 2285 plena
647 2223 761 2269 facta
783 2222 1001 2268 credenda
1023 2231 1110 2267 est:
1139 2220 1215 2267 sed
1236 2222 1338 2283 quia
1360 2221 1406 2266 in
1430 2221 1662 2282 Scripturis
1684 2223 1763 2267 Dei

369 2297 502 2343 verba
523 2297 582 2341 sic
603 2295 796 2340 habent:
820 2311 840 2336 ³)
865 2297 1036 2339 Lunam
1058 2291 1218 2338 factam
1242 2293 1289 2337 fn
1310 2293 1634 2339 inchoationem
1653 2309 1761 2339 noc-

375 2386 396 2410 »
430 2368 512 2425 tis3
545 2384 566 2408 >›
602 2375 709 2411 tunc
738 2375 884 2410 autem
906 2364 1045 2409 noctis
1074 2364 1252 2409 exordio
1282 2363 1478 2421 videtur,
1500 2381 1602 2410 cum
1632 2364 1763 2425 plena

374 2448 464 2484 est:
489 2437 591 2483 alias
618 2453 721 2483 vero
743 2446 786 2481 et
805 2452 883 2497 per
912 2435 1028 2480 diem
1054 2435 1207 2497 incipit
1238 2435 1373 2480 videri
1402 2444 1501 2480 ante
1522 2435 1765 2496 plenitudi-

374 2525 492 2565 nem,
509 2509 614 2553 etin
630 2522 859 2568 progressu
877 2507 1014 2551 noctis
1032 2515 1152 2551 tanto
1176 2505 1384 2566 ampliore
1405 2515 1572 2567 quanto
1599 2506 1762 2550 minui-

375 2591 461 2626 tur.
487 2580 571 2626 Sed
603 2581 678 2640 qui
708 2595 785 2639 per
805 2579 1136 2634 ginnhoasioncm
1174 2578 1310 2623 noctis
1342 2594 1431 2624 nou
1456 2577 1659 2636 intelligit
1682 2578 1761 2623 nisi
