1854 3219
374 211 428 238 En
461 210 612 238 GENESI
644 206 699 236 AD
730 205 970 246 LITTERAM,
1006 207 1088 234 Lux.
1124 207 1183 234 1v.
1388 194 1469 232 291

565 503 783 554 CAPUT
827 505 1013 552 XXIX.

175 651 241 699 In
261 650 486 715 angelica
508 651 780 714 cognitione
802 648 920 706 dies,
942 664 1146 710 vespera
1164 656 1211 693 et
1226 662 1386 693 mane.

145 792 303 834 XLVI.
330 793 610 844 QuAManEM
633 797 776 849 potest
805 787 958 848 aliquis
987 785 1166 832 sortasse
1188 799 1361 830 mecum
1387 782 1477 827 dis-

88 860 288 922 putando
304 868 485 917 certare,
499 870 550 905 ut
566 860 683 906 dicat
697 859 952 904 sublimium
969 858 1183 903 coelorum
1192 856 1382 917 Angelos
1392 870 1482 899 non

89 933 337 977 alternatim
358 933 584 987 contueri,
610 932 751 992 primo
773 931 959 975 rationes
981 939 1282 974 creaturarum
1307 927 1479 972 incom-

89 1004 360 1049 mutabiliter
371 1003 417 1048 in
435 1003 570 1048 Verbi
587 1003 665 1048 Dei
677 1001 1029 1048 incommutabili
1039 1001 1239 1057 veritate,
1257 1015 1305 1044 ae
1323 997 1482 1043 deinde

88 1075 200 1136 ipsas
222 1083 460 1131 creaturas,
481 1083 525 1120 et
545 1075 674 1120 tertio
692 1089 842 1119 earum
864 1075 993 1118 etiam
1016 1074 1063 1117 in
1081 1088 1124 1117 se
1144 1073 1245 1133 ipsis
1267 1071 1483 1131 cognitio-

89 1155 191 1191 nem
209 1146 265 1191 ad
284 1145 461 1191 laudem
482 1146 644 1191 referre
665 1146 896 1201 Creatoris,
923 1145 999 1190 sed
1016 1160 1167 1190 eorum
1189 1152 1382 1188 mentem
1399 1143 1484 1186 mi-

89 1217 216 1262 rabili
233 1217 441 1263 facilitate
461 1219 556 1263 haee
580 1219 727 1263 omnia
762 1218 892 1262 simul
920 1233 1059 1278 posse.
1086 1216 1312 1277 Numquid
1335 1224 1484 1259 tamen

90 1288 220 1344 dicet,
249 1298 325 1333 aut
352 1289 387 1333 si
417 1289 649 1348 quisquam
683 1289 839 1333 dixerit
872 1288 1115 1333 audiendus
1139 1297 1223 1343 est,
1249 1286 1368 1330 illam
1387 1301 1482 1330 coe-

90 1357 242 1403 lestem
259 1359 307 1402 in
323 1357 591 1416 Angelorum
613 1357 807 1403 millibus
821 1359 1065 1415 civitatem,
1084 1368 1158 1403 aut
1172 1374 1261 1402 non
1279 1366 1479 1402 contem-

89 1429 201 1490 plari
227 1429 442 1475 Creatoris
469 1429 782 1485 aeternitatem,
815 1418 890 1474 aut
920 1429 1258 1474 mutabilitatem
1283 1428 1484 1487 ignorare

92 1509 331 1558 creaturae,
362 1509 437 1546 aut
469 1516 521 1545 ex
552 1501 643 1561 ejus
675 1516 853 1562 quoque
874 1499 1078 1545 inferiore
1102 1500 1294 1561 quadam
1326 1500 1481 1559 cogni-

93 1572 212 1617 tione
243 1588 335 1617 non
361 1571 541 1617 laudare
569 1574 849 1617 Creatorem?
878 1571 1015 1617 Simul
1034 1573 1116 1617 hoc
1137 1581 1281 1616 totum
1302 1572 1483 1631 possint,

93 1644 224 1689 simul
243 1645 327 1689 hoc
345 1653 489 1689 totum
510 1642 671 1689 faciant
686 1664 695 1690 ;
711 1653 894 1705 possunt
916 1655 1064 1689 tamen
1077 1654 1120 1689 et
1142 1645 1325 1690 faciunt.
1341 1642 1488 1690 Simul

94 1732 195 1776 ergo
224 1717 392 1762 habent
413 1727 458 1762 et
480 1716 613 1774 diem,
639 1726 684 1761 et
703 1732 953 1778 vesperam,
974 1727 1018 1761 et
1040 1733 1185 1762 mane.

97 1875 1487 1893 mmmmmmmmwmmmmmmmm

579 1996 795 2046 CAPUT
844 1999 1005 2045 XXX.

97 2127 270 2177 Nihilo
292 2126 554 2192 ignobilior
577 2127 804 2190 angelica
831 2129 1057 2185 scientia,
1084 2127 1193 2174 lieet
1222 2130 1273 2174 in
1304 2128 1400 2175 lzac·
1429 2132 1491 2175 Sic

559 2216 765 2260 vespera
794 2209 840 2245 et
863 2217 1022 2263 mane·

154 2340 336 2383 XLVII.
372 2329 526 2392 NEQUE
553 2338 669 2382 enim
696 2337 939 2382 verendum
968 2347 1054 2395 est,
1090 2354 1145 2383 ne
1175 2337 1289 2384 forte
1321 2339 1399 2401 qui
1425 2350 1490 2385 est

96 2409 281 2474 idoneus
289 2409 380 2469 Jam
397 2408 471 2453 illa
494 2410 668 2464 sentire,
694 2408 794 2454 ideo
811 2426 901 2454 non
917 2418 1042 2470 putet
1057 2410 1142 2455 hoc
1159 2410 1222 2455 ibi
1234 2427 1361 2472 posse
1377 2412 1486 2468 fieri,

98 2481 202 2541 quia
228 2480 275 2523 in
300 2479 367 2523 his
395 2478 565 2535 diebus,
591 2479 666 2540 qui
701 2478 800 2524 solis
822 2481 950 2540 hujus
985 2481 1170 2526 circuitu
1200 2492 1485 2541 peraguntur,

100 2551 194 2596 fieri
215 2567 304 2596 non
334 2559 490 2610 potest.
524 2554 581 2595 Et
603 2552 686 2595 hoc
708 2550 887 2611 quidem
919 2568 1009 2596 non
1030 2562 1173 2612 potest
1202 2553 1365 2598 eisdem
1386 2570 1488 2614 par-

1208 2626 1271 2664 19.
