1854 3219
294 124 378 162 630
913 136 1062 163 INDEX.

293 205 367 236 Car.
397 214 443 237 vi.
468 203 650 236 Judaeorum
666 203 803 236 servitus
822 202 880 236 sub
894 203 989 245 signis
1004 202 1147 236 utilibus.
1637 205 1674 236 11

388 270 443 291 vn.
470 258 613 290 Servitus
627 259 767 300 gentium
786 258 845 290 sub
858 258 951 301 signis
974 259 1146 291 inutilibus.
1638 260 1681 290 12

375 326 441 347 vm.
468 314 568 346 Aliter
581 315 680 347 Judaei
698 325 715 346 a
729 314 888 356 signorum
907 315 1065 347 servitute
1081 314 1229 357 liberati,
1247 313 1340 347 aliter
1355 312 1500 356 gentiles.
1639 316 1681 345 13

396 381 438 402 lx.
465 371 540 409 Quis
568 370 729 411 signorum
753 370 910 402 servitute
930 370 1111 413 premitur,
1128 370 1198 413 quis
1219 381 1293 403 non.
1315 387 1356 393 -
1380 369 1567 413 Baptismus.

515 426 726 458 Eucharistia.
1637 427 1684 459 44

411 493 442 515 x.
467 483 557 515 Unde
575 483 776 524 dignoscatur
792 493 832 514 an
849 481 983 525 figurata
1000 481 1042 514 sit
1058 481 1189 515 locutio.
1207 498 1249 504 —-
1267 481 1384 524 Regula
1402 481 1570 524 generalis.

515 555 556 560 ——
566 537 721 570 Charitas,
738 554 779 559 —
793 538 968 580 CupiditaS.
979 555 1020 560 —
1033 537 1115 576 Quid
1125 537 1279 580 flagitium
1291 541 1324 570 et
1340 537 1416 581 quid
1433 537 1569 571 facinus.

517 610 556 616 —
579 593 716 626 Utilitas.
736 611 778 616 —
796 594 1025 626 Benesscentia.
1643 597 1684 628 15

399 659 442 682 n.
468 649 588 691 Regula
609 649 651 681 de
672 649 709 682 iis
722 673 731 691 ‚
749 661 818 692 quae
836 650 991 682 saevitiam
1004 649 1151 682 redolent
1163 674 1172 692 ,
1190 648 1438 692 referunturque
1452 649 1573 683 nihilo-

517 705 619 737 minus
639 717 678 738 ex
696 717 831 748 persona
844 706 902 738 Dei
918 705 970 738 vel
984 711 1178 738 sanctorum.
1642 709 1685 739 17

294 771 339 794 xu
349 765 384 794 et
394 772 462 794 x111.
477 761 595 804 Regula
608 761 648 793 de
659 761 752 793 dictis
766 766 799 794 et
811 761 904 794 factis
916 762 1004 806 quasi
1015 761 1178 803 flagitiosis
1195 760 1418 805 imperitorum
1432 761 1572 804 judicio,

515 828 583 860 quae
601 819 668 849 Deo
692 817 743 848 vel
767 817 884 850 sanctis
904 817 981 850 viris
1003 817 1198 850 tribuuntur.
1218 834 1260 840 —
1274 819 1372 850 Facta
1391 818 1576 860 judicantur

515 884 554 906 ex
567 872 828 905 circumstantiis.
1644 876 1688 908 18

377 940 442 961 xlv.
470 931 564 962 Error
580 930 777 972 opinantium
792 929 909 962 nullam
927 940 996 961 csse
1004 929 1163 970 justitiam
1180 940 1237 972 per
1255 940 1289 962 se
1301 928 1415 972 ipsam.
1643 932 1688 964 20

386 997 441 1017 xv.
467 985 586 1027 Regula
600 986 632 1017 in
648 985 783 1028 figuratis
804 985 1018 1017 locutionibus
1035 985 1205 1017 servanda.
1644 988 1684 1019 21

379 1052 445 1073 xvr.
472 1041 589 1083 Regula
606 1041 647 1074 de
665 1041 879 1073 locutionibus
898 1040 1113 1084 praeceptiviS.
1594 1041 1685 1075 Ibid.

370 1108 446 1129 xvn.
474 1098 542 1130 Alia
559 1098 705 1130 omnibus
720 1098 946 1137 communiter,
964 1098 1024 1129 alia
1043 1097 1169 1140 singulis
1186 1097 1316 1130 seorsim
1334 1097 1476 1140 praecipi.
1645 1100 1689 1131 23

354 1163 445 1184 xviii.
471 1156 540 1191 Quo
561 1160 706 1195 tempore
720 1154 751 1185 id
772 1158 968 1196 praeceptum
986 1154 1039 1186 vel
1059 1154 1182 1186 licitum
1199 1153 1262 1193 sit,
1275 1153 1550 1186 considerandum.
1646 1157 1691 1188 24

244 1203 254 1211 ’
295 1218 350 1241 x1x
363 1213 396 1240 et
406 1219 460 1242 xx.
473 1209 547 1240 Mali
564 1209 640 1240 alios
659 1209 701 1240 de
717 1219 773 1241 suo
796 1209 954 1241 :estimant
970 1208 1105 1251 ingenio.
1124 1227 1166 1232 —-
1187 1211 1223 1242 In
1242 1210 1354 1253 quavis
1372 1210 1503 1243 vivendi
1521 1221 1575 1243 ra-

520 1265 606 1296 tione
627 1265 703 1297 boni
721 1265 769 1297 sui
783 1270 855 1297 sunt
867 1266 994 1298 similes.
1647 1267 1692 1300 25

382 1331 446 1352 xxi.
470 1320 591 1361 David,
609 1331 788 1363 quanquam
806 1321 838 1352 in
855 1321 1046 1354 adulterium
1066 1320 1170 1364 lapsus
1182 1345 1192 1362 ,
1204 1319 1298 1363 longe
1316 1320 1379 1353 fuit
1395 1331 1414 1354 a
1431 1320 1578 1354 libidino-

520 1387 625 1409 sorum
644 1376 868 1419 temperantia.
1100 1366 1103 1369 ”
1645 1379 1690 1412 26

369 1442 446 1463 xxu.
471 1432 590 1474 Regula
606 1432 647 1464 de
665 1432 837 1474 Scripturae
853 1431 943 1474 locis,
962 1431 1019 1464 ubi
1034 1431 1203 1465 laudantur
1217 1432 1306 1466 facta
1323 1433 1465 1476 quaedam
1480 1433 1581 1468 bono-

521 1499 592 1520 rum
610 1487 707 1520 hodie
722 1487 862 1520 moribus
878 1488 1053 1521 contraria.
1535 1519 1542 1521 ,
1648 1491 1692 1525 28

357 1554 444 1576 xxm.
471 1543 591 1586 Regula
605 1543 646 1576 de
665 1543 742 1576 locis
753 1569 763 1585 ,
777 1543 834 1576 ubi
846 1554 1031 1586 magnorum
1043 1543 1186 1576 virorum
1202 1548 1341 1588 peccata
1354 1545 1551 1586 referuntur.
1647 1548 1691 1580 29

359 1612 445 1633 xxiv.
472 1602 556 1633 Ante
574 1600 681 1633 omnia
698 1601 963 1634 considerandum
976 1612 1072 1643 genus
1090 1600 1271 1635 locutionis.
1597 1603 1690 1636 Ibid.

370 1667 447 1688 xxv.
474 1656 563 1688 Idem
581 1656 716 1688 verbum
734 1668 795 1688 non
812 1656 898 1688 idem
914 1656 1070 1697 significat
1086 1657 1219 1700 ubique.
1646 1661 1690 1692 30

357 1724 446 1745 xxm.
474 1711 620 1744 Obscura
633 1724 672 1744 ex
688 1712 766 1745 locis
783 1712 997 1755 apertioribus
1011 1713 1212 1755 explicanda.
1649 1716 1692 1746 3⁶2.

343 1779 445 1803 xxvu.
471 1770 626 1804 Eumdem
642 1768 748 1800 locum
764 1768 860 1801 variae
878 1767 1011 1811 intelligi
1029 1769 1104 1800 nihil
1122 1769 1284 1812 prohibet.·
1598 1769 1688 1808 Rvid.

335 1838 444 1860 xxvui.
470 1830 571 1860 Locus
584 1827 724 1859 incertus
737 1826 836 1859 tutius
853 1836 910 1869 per
922 1825 998 1859 alios
1015 1825 1186 1869 Scripturae
1196 1826 1284 1859 locos
1299 1836 1394 1870 quam
1410 1837 1469 1870 per
1484 1825 1581 1860 ratio·

521 1894 595 1916 nem
610 1883 844 1918 manifestatur.
1651 1885 1693 1915 33

361 1953 446 1974 xxix.
472 1942 651 1984 Troporum
668 1940 811 1983 cognitio
827 1939 1021 1973 necessaria.
1651 1943 1695 1973 34

374 2009 450 2030 xxx.
475 1997 602 2040 Regulae
616 1996 760 2029 Tichonii
774 1997 946 2029 Donatistae
959 1995 1197 2039 expenduntur.
1651 1998 1694 2028 35

367 2066 452 2087 xxxi.
477 2053 596 2096 Regula
613 2053 715 2096 prima
730 2053 890 2086 Tichonii.
1650 2054 1692 2083 37

352 2122 447 2143 xxm.
475 2110 594 2152 Regula
607 2110 746 2142 secunda
761 2109 919 2142 Tichonii.
1649 2109 1693 2139 38

339 2178 447 2199 xxxin.
476 2166 593 2209 Regula
607 2167 704 2198 tertia
720 2165 875 2198 Tichonii.
1652 2165 1696 2196 39

340 2235 448 2255 xxxlv.
475 2223 593 2265 Regula
606 2227 719 2266 quarta
737 2221 895 2254 Tichonii,
1651 2222 1697 2254 40

356 2291 449 2312 xxxv.
476 2279 595 2322 Regula
611 2279 722 2322 quinta
736 2278 895 2310 Tichonii.
1651 2277 1698 2306 44

340 2347 447 2368 xxxvi.
473 2335 590 2377 Regula
604 2340 695 2368 sexta
711 2334 868 2368 Tichonii.
1650 2329 1696 2362 46

323 2402 449 2425 xxxvu.
477 2391 594 2434 Regula
611 2391 746 2433 septima
763 2390 920 2423 Tichonii.
1648 2385 1692 2417 48
