1854 3219
414 209 434 245 4
848 223 881 247 5.
919 221 1145 248 ,1111151151
1182 224 1363 249 1391500111

404 284 545 327 verbis
568 283 951 345 locutionibusque
973 287 1128 343 ignotis
1148 287 1332 344 haereat,
1354 288 1641 347 praemunitus
1665 288 1798 331 etiam

405 355 654 413 cognitione.
670 355 960 415 quarumdam
987 374 1129 401 rerum
1154 360 1513 413 necessariarum,
1541 375 1594 401 ne
1611 359 1701 402 vim
1718 374 1799 402 na-

410 434 604 469 turamve
635 441 800 479 earum,
833 443 931 486 quie
955 437 1131 487 propter
1153 427 1479 472 similitudinem
1503 428 1769 473 adhibentur
1784 463 1794 483 ,

406 496 598 555 ignoretg
632 496 864 557 adjuvante
887 498 1015 542 etiam
1047 498 1248 543 codicum
1271 500 1477 555 veritate,
1504 516 1635 560 quam
1665 499 1798 544 solers

403 567 718 612 emendationis
732 568 952 626 diligentia
967 571 1215 630 procuravit
1231 592 1240 628 3
1261 571 1403 614 veniat
1420 571 1476 614 ita
1493 571 1728 615 instructus
1743 569 1798 614 ad

405 638 608 696 ambigua
645 640 967 699 Scripturarum
1000 640 1273 686 discutienda
1308 651 1439 702 atque
1476 640 1700 686 solvenda.
1741 642 1798 684 Ut

402 719 548 753 autem
571 710 700 769 signis
735 710 949 770 ambiguis
972 727 1061 756 non
1082 712 1349 773 decipiatur,
1375 723 1591 774 quantum
1614 728 1692 773 per
1716 727 1795 757 nos

402 781 556 825 instrui
574 790 717 841 potest
734 802 744 839 3
762 781 853 825 fieri
877 791 1022 826 autem
1040 792 1182 843 potest
1210 794 1260 828 ut
1282 783 1382 828 istas
1399 784 1504 839 vias,
1526 800 1633 845 quas
1648 793 1798 828 osten-

401 851 504 896 dere
519 852 737 907 volumus,
759 862 966 913 tanquam
991 853 1178 913 pueriles
1200 854 1269 898 vel
1293 854 1596 913 magnitudine
1610 854 1792 913 ingenii,

402 923 471 967 vel
494 925 667 985 majoris
694 923 1023 968 illuminationis
1053 924 1248 970 claritate
1271 925 1493 984 derideat3
1518 925 1595 970 sed
1616 936 1765 971 tamen
1782 960 1794 982 ,

400 1005 451 1039 ut
465 1011 685 1056 coeperam
699 995 842 1040 dicere
854 1032 864 1051 ,
882 1006 1097 1057 quantum
1114 1013 1190 1056 per
1207 1012 1285 1042 nos
1300 997 1454 1041 instrui
1466 1006 1626 1057 potest,
1649 996 1725 1057 qui
1745 1012 1796 1041 eo

400 1065 497 1111 loeo
520 1067 651 1111 animi
681 1076 766 1122 est,
794 1077 843 1111 ut
864 1084 941 1128 per
969 1084 1046 1112 nos
1078 1068 1232 1112 instrui
1253 1068 1415 1123 valeat,
1452 1068 1556 1112 sciat
1580 1067 1797 1127 ambigui-

403 1147 536 1182 tatem
561 1139 793 1198 Scripturae
815 1148 890 1183 aut
912 1139 957 1182 in
975 1138 1118 1183 verbis
1137 1139 1321 1199 propriis
1348 1154 1460 1193 esse,
1487 1148 1562 1183 aut
1580 1139 1625 1183 in
1650 1148 1793 1183 trans-

400 1207 498 1254 latis
525 1229 533 1254 :
566 1226 664 1270 quae
687 1224 842 1268 genera
864 1209 909 1254 in
937 1208 1130 1255 secundo
1157 1209 1271 1255 libro
1294 1209 1703 1255 demonstravinms.

1418 1290 1434 1302 V

395 1387 538 1406 tvvm-ww*
544 1390 754 1407 ΝῚΑὟΧΝἏἋΝΑ
760 1389 826 1408 m
832 1391 896 1408 νυνὶ
902 1391 968 1409 SM!
973 1391 1609 1410 ἱΆῒΛΜῖνὶΜΝΙΙἋΜΏΜΜΧΊΜΜΜΊΛΜ
1615 1393 1680 1410 m
1686 1393 1789 1410 WUW

944 1551 1162 1604 CAPUT
1193 1554 1262 1602 ΙΙ.

397 1708 708 1774 Ambtgm‘cas
735 1725 798 1756 ea·
824 1708 1078 1757 verborum
1108 1709 1412 1757 (lc'scz'nclc‘one
1440 1708 1677 1771 quomodo
1705 1706 1793 1756 tol-

1015 1782 1173 1828 lenda.

460 1936 518 1978 ΙΙ.
549 1937 632 1979 SED
653 1949 755 1979 eum
775 1933 908 1978 verba
935 1934 1110 1994 propria
1132 1933 1300 1979 faciunt
1321 1933 1571 1991 ambiguam
1597 1933 1791 1993 Scriptu-

402 2021 491 2049 ram
501 2042 514 2061 ,
559 2006 698 2065 primo
735 2005 977 2050 videndum
1005 2015 1067 2050 est
1107 2021 1162 2050 ne
1190 2005 1303 2050 male
1332 2004 1674 2060 distinxerimus,
1715 2013 1791 2048 aut
1840 2022 1842 2024 ’

404 2077 845 2136 prontintiaverimus.
873 2079 985 2121 Cum
1008 2092 1111 2136 ergo
1140 2076 1335 2120 adhibita
1358 2075 1543 2119 intentio
1572 2075 1789 2119 incertum
1842 2092 1846 2099 ”

397 2163 486 2192 esse
514 2148 771 2208 perviderit,
809 2146 1033 2208 quomodo
1065 2145 1425 2206 distinguendum
1455 2156 1531 2191 aut
1564 2145 1789 2207 quomodo

403 2218 781 2278 pronuntiandum
819 2218 894 2274 sit,
936 2218 1134 2264 consulat
1170 2218 1364 2278 regulam
1403 2217 1526 2273 fidei,
1565 2233 1698 2278 quam
1733 2216 1789 2262 de

400 2291 722 2350 Scripturarum
735 2289 1004 2350 planioribus
1020 2289 1126 2334 loeis
1140 2300 1183 2334 et
1195 2289 1398 2334 Ecclesiae
1418 2288 1676 2333 auctoritate
1688 2304 1788 2348 per-

397 2362 534 2421 cepit,
567 2361 622 2405 de
644 2376 730 2422 qua
751 2362 851 2407 satis
874 2361 1062 2421 egimus,
1087 2377 1190 2406 eum
1211 2360 1266 2405 de
1293 2360 1423 2404 rebus
1442 2359 1487 2403 in
1509 2360 1651 2420 primo
1673 2359 1787 2405 libro

393 2433 688 2494 loqueremur.
714 2432 844 2487 Quod
872 2433 906 2477 si
938 2432 1078 2477 ambae
1102 2431 1172 2477 vel
1205 2431 1336 2476 etiam
1372 2447 1544 2487 omnes,
1575 2431 1608 2475 si
1640 2429 1786 2497 plures
1850 2445 1854 2450 ⁴

398 2502 563 2549 fuerint
583 2513 746 2565 partes,
772 2503 1101 2564 ambiguitatem
1121 2502 1364 2548 secundum
1386 2501 1518 2547 fidem
1535 2502 1782 2559 sonuerint,

403 2584 544 2621 textus
567 2575 656 2635 ipse
680 2575 888 2621 sermonis
919 2591 940 2620 a
964 2573 1312 2635 praecedentibus
1341 2583 1385 2618 et
1416 2573 1784 2634 consequentibus
