1854 3219
398 192 451 219 DE
483 191 632 219 GENEsi
667 190 722 218 AD
755 190 993 230 mmmmm,
1017 192 1099 219 Lm.
1128 193 1188 218 x1.
1403 182 1485 220 525

104 257 249 302 biliter
270 256 477 316 eligerent
491 290 502 310 ‚
524 255 649 300 illum
668 255 722 300 de
740 271 784 300 se
805 255 1081 301 laudabiliter
1096 266 1347 317 operantem
1365 257 1487 301 inve-

103 328 264 373 nirent.
294 330 334 373 Α
361 343 405 372 se
427 327 590 387 quippe
612 325 778 370 habent
809 325 1079 371 voluntatem
1113 326 1296 382 malam,
1331 327 1386 372 ab
1411 326 1487 371 illo

103 408 250 443 autem
271 407 315 442 et
338 406 540 442 naturam
570 396 732 441 bonam
748 431 759 452 ,
780 406 822 440 et
838 397 1000 457 justam
1018 413 1194 457 poenam
1212 418 1222 455 3
1250 398 1332 442 sibi
1360 398 1487 442 debi-

103 478 196 514 tum
230 468 400 525 locum,
431 467 524 514 aliis
555 467 875 514 exercitationis
902 468 1218 514 adminiculum
1250 478 1294 514 et
1324 469 1488 515 timoris

102 539 368 601 exemplum.

101 697 377 715 WWMVVQWUUWW
380 695 1278 715 mxmmmmmmmmmmmmmwuummmum
1281 698 1486 715 WQVUMM

633 813 857 863 CAPUT
892 814 947 861 X.

101 963 351 1011 ,Malorum
381 962 677 1010 voluntatem
720 965 770 1009 in
814 962 988 1009 bonum
1023 974 1300 1010 convertere
1330 974 1489 1025 potest

461 1033 623 1080 Deus:
655 1050 807 1094 quare
829 1049 927 1079 non
933 1033 1125 1096 faciat.

158 1172 284 1215 XIII.
315 1172 399 1215 SED
417 1178 585 1230 posset⁷
610 1170 833 1230 inquiunt,
856 1169 985 1214 etiam
1001 1170 1193 1229 ipsorum
1218 1169 1488 1214 voluntatem

99 1240 146 1284 in
171 1240 339 1285 bonum
371 1249 649 1296 convertere,
683 1240 893 1301 quoniam
922 1241 1198 1300 omnipotens
1229 1250 1306 1285 est.
1341 1245 1489 1285 Posset

99 1310 242 1371 plane.
263 1313 354 1356 Cur
370 1325 470 1368 ergo
482 1327 573 1355 non
586 1309 715 1355 fecit?
728 1311 838 1364 Quia
851 1310 1007 1355 noluit.
1030 1313 1119 1356 Cur
1136 1311 1340 1367 noluerit,
1356 1327 1488 1371 penes

99 1382 242 1444 ipsum
267 1390 346 1426 est.
371 1381 588 1425 Debemus
614 1382 730 1425 enim
752 1396 841 1425 non
863 1381 961 1440 plus
992 1398 1140 1441 sapere
1164 1395 1295 1442 quam
1318 1392 1490 1441 oportet

100 1468 248 1513 sapere
259 1454 288 1496 ¹⁴.
315 1456 428 1497 Puto
461 1461 607 1496 autem
625 1450 758 1511 paulo
781 1461 881 1496 ante
899 1452 999 1495 satis
1020 1468 1099 1496 nos
1128 1451 1364 1498 ostendisse
1398 1469 1488 1498 non

99 1524 221 1584 parvi
243 1523 349 1568 boni
371 1538 461 1567 esse
486 1521 744 1567 rationalem
771 1532 1035 1578 creaturam,
1066 1523 1197 1567 etiam
1231 1524 1354 1567 istam
1389 1541 1488 1584 quae

100 1595 314 1640 malorum
334 1593 660 1654 comparatione
683 1603 807 1638 cavet
827 1593 993 1637 malum
1020 1613 1028 1638 :
1055 1593 1177 1654 quod
1199 1609 1332 1652 genus
1358 1595 1488 1639 bonae

99 1675 309 1712 creaturae
323 1665 476 1725 utique
499 1680 589 1708 non
607 1673 732 1719 esset,
757 1664 792 1708 si
816 1664 1014 1708 omnium
1032 1664 1164 1708 malas
1178 1664 1425 1710 voluntates
1445 1665 1489 1709 in

99 1737 265 1782 bonum
277 1739 392 1780 Deus
408 1733 707 1788 convertisset,
732 1741 774 1777 et
800 1732 911 1776 nulli
929 1733 1151 1793 iniquitati
1168 1750 1347 1794 poenam
1370 1735 1490 1778 debi-

100 1817 190 1852 tam
214 1807 429 1864 inssigeret
453 1824 462 1849 :
488 1820 537 1848 ae
567 1803 628 1847 sic
650 1818 740 1847 non
767 1812 876 1847 esset
905 1803 985 1846 nisi
1013 1802 1156 1847 solum
1184 1804 1296 1848 illud
1320 1821 1456 1864 genus
1474 1841 1485 1860 ,

98 1878 220 1940 quod
235 1877 358 1922 nulla
368 1875 438 1921 vel
452 1874 617 1937 peccati
629 1872 699 1919 vel
713 1872 915 1933 supplicii
928 1872 1144 1918 malorum
1162 1876 1486 1934 comparatione

99 1949 343 2009 proficeret.
370 1950 436 1991 Ita
457 1944 579 1990 velut
596 1952 722 1988 aucta
745 1943 1054 1988 numerositate
1075 1943 1389 1989 excellentioris
1411 1961 1489 2004 ge-

100 2018 231 2074 neris,
255 2019 450 2078 ipsorum
471 2029 680 2075 generum
697 2013 916 2059 bonorum
938 2029 1145 2059 numerus
1166 2015 1453 2060 minueretur.

148 2123 156 2142 ¹
179 2117 271 2149 Rom.
291 2126 349 2149 κη.
371 2114 404 2147 3.
