1854 3219
393 223 474 260 122
825 227 858 256 s.
896 227 1127 259 Auous‘nm
1160 232 1344 260 EPISCOPI

392 298 488 352 Dei,
514 295 687 341 vitalem
710 304 951 340 creaturam
969 331 979 351 ,
1000 312 1085 357 qua
1103 297 1326 342 universus
1348 298 1426 342 iste
1447 297 1627 344 visibilis
1650 314 1780 344 mun-

391 368 470 412 dus
493 376 623 426 atque
651 367 796 411 omnia
820 382 1025 426 corporea
1053 369 1333 413 continentur
1366 378 1409 413 et
1437 378 1685 426 moventur,
1710 370 1779 414 in-

394 438 664 496 telligamus,
696 439 766 482 cui
794 441 908 483 Deus
937 440 1211 500 omnipotens
1243 441 1400 492 tribuit
1431 441 1520 486 vim
1546 441 1780 501 quamdam

391 511 473 555 sibi
497 511 714 556 serviendi
738 510 794 555 ad
824 512 1095 571 operandum
1118 513 1164 556 in
1182 513 1231 557 iis
1247 549 1258 569 ,
1292 529 1392 573 quae
1416 514 1670 572 gignuntur.
1696 514 1782 568 Qui

391 582 568 642 spiritus
594 598 696 626 cum
718 583 772 626 sit
793 582 912 627 omni
941 598 1122 643 corpore
1150 584 1339 628 sethereo
1362 582 1532 639 melior,
1561 584 1665 645 quia
1686 599 1783 629 om-

391 669 494 698 nem
520 653 734 699 visibilem
757 663 1000 698 creaturam
1023 656 1163 699 omnis
1190 653 1415 700 invisibilis
1437 664 1635 700 ereatura
1660 665 1784 700 ante-

392 727 510 771 cedit
527 761 537 781 ,
570 742 660 770 non
688 724 875 769 absurde
901 726 1083 785 Spiritus
1112 726 1188 770 Dei
1213 725 1388 771 dicitur.
1421 725 1541 779 Quid
1561 727 1677 771 enim
1696 743 1787 772 non

393 808 456 844 est
478 798 556 843 Dei
579 813 629 841 ex
652 797 700 841 iis
724 813 825 857 quae
851 796 1073 853 condidit,
1100 813 1201 842 cum
1225 797 1355 841 etiam
1377 796 1432 844 de
1453 797 1545 857 ipsa
1568 807 1681 842 terra
1702 798 1788 844 dic-

395 881 490 916 tum
516 869 597 927 sit,
621 888 641 911 «
665 869 838 913 Domini
862 879 925 914 est
943 879 1054 914 terra
1078 878 1121 913 et
1143 869 1373 929 plenitudo
1391 871 1512 930 ejus¹
1539 889 1547 915 2
1570 887 1591 911 >›
1617 879 1661 915 et
1678 869 1790 916 illud

395 940 631 988 universali
665 940 966 1001 complexione
999 940 1121 1002 quod
1160 942 1368 1002 seriptum
1401 932 1497 986 esti
1527 942 1791 995 «Quoniam

399 1035 417 1057 »
455 1025 530 1060 tua
561 1023 664 1059 sunt
695 1014 867 1069 omnia,
903 1014 1114 1070 Domine,
1146 1014 1223 1074 qui
1250 1014 1414 1059 animas
1449 1015 1627 1058 amas2?
1652 1031 1673 1056 »
1707 1013 1791 1059 Sed

399 1097 502 1131 tune
525 1094 669 1146 potest
690 1085 768 1129 iste
797 1085 981 1145 Spiritus
1002 1084 1060 1129 sic
1087 1083 1294 1144 intelligi,
1318 1085 1352 1129 si
1375 1084 1495 1146 quod
1518 1084 1686 1129 dictum
1703 1094 1788 1141 est,

399 1178 418 1200 «
455 1161 507 1202 In
529 1157 742 1217 principio
765 1155 867 1201 fecit
890 1160 1004 1201 Deus
1029 1155 1192 1201 eoelum
1216 1165 1259 1201 et
1286 1166 1448 1200 terram
1474 1162 1514 1212 >›,'
1540 1165 1715 1200 tantum
1737 1156 1792 1201 de

396 1227 557 1273 visibili
589 1237 787 1271 ereatura
819 1227 986 1271 dietum
1018 1228 1282 1283 sentiamus,
1315 1237 1366 1271 ut
1405 1242 1534 1287 super
1566 1227 1793 1272 materiam

395 1314 544 1344 rerum
569 1298 805 1344 visibilium
822 1298 869 1341 in
891 1298 1067 1342 exordio
1090 1296 1386 1342 fabricationis
1407 1313 1556 1342 earum
1573 1296 1793 1358 superfer-

396 1380 516 1415 retur
536 1368 761 1413 invisibilis
795 1368 977 1428 Spiritus
995 1404 1005 1424 ,
1037 1369 1114 1429 qui
1139 1378 1284 1413 tamen
1320 1370 1450 1414 etiam
1478 1370 1569 1429 ipse
1595 1379 1793 1414 ereatura

396 1452 505 1488 esset
521 1477 531 1497 ,
565 1439 611 1485 id
640 1449 724 1495 est,
761 1455 852 1484 non
875 1443 990 1484 Deus
1007 1476 1018 1495 ,
1046 1439 1122 1484 sed
1144 1456 1167 1484 a
1192 1444 1281 1485 Deo
1304 1439 1417 1485 faeta
1440 1450 1572 1502 atque
1594 1441 1793 1485 instituta

396 1523 567 1560 natura.
586 1513 628 1558 Si
642 1521 789 1556 autem
803 1511 1016 1556 universae
1031 1520 1257 1567 creaturae,
1274 1511 1320 1556 id
1333 1521 1411 1568 est,
1429 1521 1471 1556 et
1487 1511 1793 1557 intellectualis

397 1595 441 1630 et
461 1583 672 1639 animalis,
689 1592 732 1627 et
749 1581 1000 1642 corporalis,
1018 1583 1198 1627 materia
1215 1582 1410 1627 creditur
1429 1582 1505 1627 illo
1524 1599 1650 1644 aquae
1663 1598 1794 1628 voca-
1850 1596 1854 1599 '

398 1656 505 1701 bulo
521 1655 762 1709 enuntiata,
776 1653 898 1698 nullo
912 1653 1042 1699 modo
1061 1655 1144 1699 hoc
1157 1653 1254 1698 loeo
1272 1654 1455 1713 Spiritus
1467 1654 1545 1699 Dei
1559 1663 1702 1714 potest
1713 1654 1794 1699 nisi

397 1726 470 1772 ille
484 1724 853 1771 incommutabilis
871 1734 914 1768 et
928 1734 1100 1769 sanctus
1113 1724 1315 1783 intelligi,
1332 1725 1408 1785 qui
1424 1725 1650 1769 ferebatur
1664 1741 1794 1786 super

400 1798 621 1843 materiam
646 1797 845 1841 omnium
863 1812 1009 1840 rerum
1027 1831 1037 1851 ,
1062 1811 1172 1857 quas
1189 1795 1293 1840 fecit
1314 1805 1357 1839 et
1378 1795 1578 1840 condidit
1600 1799 1729 1842 Deus.

457 1872 625 1914 XVIII.
668 1869 811 1912 Tertia
840 1868 989 1928 opinio
1017 1868 1072 1912 de
1105 1868 1188 1912 hoc
1220 1868 1384 1927 Spiritu
1417 1868 1520 1912 oriri
1548 1877 1713 1928 potest,
1744 1878 1794 1914 ut

398 1942 602 1986 credatur
627 1940 809 2000 Spiritus
835 1940 1014 1984 nomine
1030 1975 1041 1995 ,
1067 1939 1174 1983 a'e'ris
1196 1938 1462 1983 elementum
1485 1940 1789 1999 enuntiatum3
1823 1965 1826 1970 ·

398 2023 449 2058 ut
472 2014 531 2057 ita
555 2022 745 2073 quatuor
770 2011 984 2055 elementa
1016 2010 1231 2055 insinuata
1266 2011 1351 2055 sint
1367 2047 1378 2067 ,
1413 2012 1574 2072 quibus
1602 2013 1794 2057 mundus

398 2086 476 2129 iste
490 2083 668 2129 visibilis
682 2085 835 2143 surgit,
852 2085 1017 2128 eoelum
1033 2082 1210 2138 scilieet,
1227 2092 1270 2127 et
1288 2092 1416 2139 terra,
1434 2093 1477 2128 ct
1491 2099 1619 2144 aqua,
1635 2093 1678 2128 et
1696 2087 1788 2130 ae'r:

399 2171 489 2200 non
510 2156 612 2216 quia
628 2157 718 2216 jam
737 2165 861 2199 erant
874 2155 1075 2199 distincta
1091 2164 1133 2199 et
1156 2154 1380 2212 ordinata,
1401 2154 1474 2198 sed
1492 2155 1595 2215 quia
1616 2156 1662 2199 in
1676 2154 1791 2201 illius

398 2227 592 2271 materiae
627 2226 825 2287 quamvis
863 2225 1039 2270 informi
1079 2225 1358 2281 confusione,
1402 2234 1550 2269 tamen
1590 2235 1792 2272 exortura

398 2298 772 2358 piaesignabantur
797 2317 805 2342 :
833 2313 932 2358 quae
969 2295 1166 2341 informis
1203 2296 1401 2341 confusio
1433 2297 1715 2341 tenebrarum
1748 2306 1792 2341 et

398 2370 543 2427 abyssi
564 2369 740 2414 nominc
762 2368 1067 2413 commendata
1092 2378 1169 2413 est.
1211 2369 1295 2414 Sed
1316 2368 1524 2429 quaelibet
1552 2371 1790 2414 sentcntia-

399 2457 497 2485 rum
514 2442 694 2485 istarum
718 2457 815 2484 vcra
830 2441 898 2495 sit,
922 2441 1119 2484 omnium
1134 2456 1278 2485 rerum
1296 2457 1395 2501 quoe
1413 2450 1520 2485 ortae
1543 2451 1667 2497 sunt,
1689 2457 1789 2502 quae

399 2510 618 2566 videntur,
654 2520 697 2555 et
723 2527 823 2571 quae
848 2527 937 2555 non
964 2510 1186 2566 videntur,
1227 2527 1315 2557 non
1350 2521 1566 2571 quantum
1600 2511 1653 2556 ad
1685 2511 1788 2557 vitia

451 2605 456 2618 ¹
480 2598 558 2628 l’snl.
586 2609 679 2638 xxm,
704 2609 729 2627 1.
749 2614 788 2618 -ὴ
813 2597 917 2638 ⁹8:11».
943 2606 1058 2638 x1,27.
