1854 3219
314 201 369 228 DE
402 199 555 228 omissi
587 196 643 225 An
675 195 920 235 LiTTEaAivi,
957 198 1039 224 Lm.
1077 196 1155 223 xii.
1352 183 1431 220 591

50 266 327 324 occupaverit
347 265 540 325 spirit-us,
556 264 844 323 omniumque
864 262 1101 308 visibilium
1122 274 1304 320 operum
1324 259 1438 304 simi-

46 335 255 380 litudines
293 335 340 379 in
369 351 416 381 se
447 335 541 395 ipso
562 334 763 394 primitus
793 333 973 390 viderit,
1006 342 1049 377 et
1081 331 1274 393 quodam
1305 328 1437 377 modo

48 405 341 466 disposuerit?

51 555 1439 586 umwwwwwwmwwmwwmwwwwwmwwmmwmmwuww

542 682 758 733 CAPUT
795 685 962 733 XVII.

52 812 401 868 Similitudines
422 814 587 865 animo
612 829 851 874 expressoe
874 810 999 858 unde
1022 813 1324 856 innotescant
1345 806 1444 853 cla)-

111 884 346 949 monibus.
378 884 608 935 Visiones
638 883 863 944 qzcoedam
885 884 1032 928 mirae.
1065 909 1124 917 —-
1145 878 1439 928 Plzrenetici.

112 983 169 990 —-
189 955 327 1006 Puer
345 965 606 1018 (egrotans.

115 1092 321 1137 XXXIV.
354 1094 462 1145 QUAE
493 1090 708 1152 spiritales
742 1089 1034 1150 corporalium
1068 1086 1373 1133 similitudines
1402 1086 1448 1129 in

57 1162 202 1206 animo
248 1156 427 1218 nostro,
476 1161 852 1223 quemadmodum
901 1162 1176 1205 innotescant
1227 1156 1448 1217 spiritibus

57 1233 184 1277 etiam
203 1233 457 1289 immundis,
482 1232 552 1278 vel
569 1233 680 1294 quid
698 1232 912 1277 obstaculi
935 1230 1125 1290 patiatur
1146 1229 1286 1272 anima
1303 1236 1449 1272 nostra

58 1318 109 1346 ex
131 1302 214 1347 isto
236 1312 409 1348 terreno
437 1318 619 1363 corpore
635 1338 646 1358 ,
678 1312 729 1347 ut
751 1318 820 1347 eas
846 1301 1034 1346 invicem
1056 1300 1101 1345 in
1122 1309 1270 1344 nostro
1295 1298 1450 1358 spiritu

56 1372 204 1418 videre
226 1389 513 1435 nequeamus,
539 1374 733 1418 invenire
752 1382 795 1418 ct
814 1372 1025 1434 explicare
1042 1370 1219 1416 difficile
1243 1379 1321 1415 est.
1345 1371 1452 1414 Cer-

57 1443 232 1488 tissimis
259 1453 407 1493 tamen
435 1443 605 1488 indiciis
637 1443 756 1504 apud
788 1460 866 1488 nos
899 1443 1116 1488 constitit¹
1149 1441 1396 1486 enuntiatas
1427 1455 1453 1483 a

58 1512 335 1558 daemonibus
351 1515 633 1572 cogitationes
649 1514 877 1558 hominum
891 1549 902 1568 ‚
924 1513 999 1574 qui
1023 1522 1170 1557 tamen
1188 1513 1221 1556 si
1238 1511 1453 1556 virtutum

57 1583 276 1629 internam
291 1585 480 1645 speciem
498 1593 674 1645 possent
691 1585 737 1629 in
758 1584 1010 1628 hominibus
1032 1598 1224 1637 cernere,
1250 1598 1342 1626 non
1363 1591 1455 1626 ten-

60 1650 228 1714 tarent3
251 1655 365 1700 sicut
387 1654 508 1705 illam
535 1656 583 1699 in
608 1657 632 1700 J
637 1655 695 1700 ob
721 1654 917 1700 nobilem
942 1670 991 1699 ac
1013 1652 1258 1698 mirabilem
1281 1652 1455 1712 patien-

61 1725 167 1770 tiam
183 1725 339 1786 procu]
352 1725 506 1781 dubio7
527 1726 560 1770 si
578 1735 722 1786 posset
739 1725 940 1769 diabolus
959 1740 1151 1779 cernere,
1173 1723 1311 1767 nollet
1326 1740 1349 1766 a
1366 1732 1456 1766 ten-

62 1805 155 1841 tato
178 1797 330 1858 utique
363 1797 599 1856 superari2.
637 1798 855 1841 Caeterum
888 1795 1049 1839 alicubi
1082 1794 1212 1853 longe
1229 1795 1320 1854 jam
1344 1792 1458 1836 facta

65 1866 187 1928 quod
208 1867 430 1921 nuntiant,
453 1883 553 1928 quae
570 1875 668 1926 post
685 1865 852 1926 aliquot
867 1865 957 1910 dies
975 1881 1076 1909 vera
1099 1880 1188 1908 esse
1210 1864 1456 1918 firmentur,

65 1934 157 1983 non
173 1947 237 1983 est
258 1936 523 1982 mirandum.
543 1940 730 1982 Possunt
746 1936 861 1980 enim
880 1937 963 1980 hoc
986 1937 1156 1980 efficere
1173 1971 1183 1989 ‚
1209 1951 1299 1979 non
1317 1933 1461 1983 solum

67 2008 303 2054 acrimonia
319 2007 528 2053 cernendi
543 2008 675 2053 etiam
688 2006 929 2068 corporalia
943 2005 1345 2067 incomparabiliter
1359 2021 1462 2063 prae-

68 2081 274 2126 stantiore
297 2095 432 2142 quam
453 2089 599 2124 nostra
621 2089 706 2136 est,
729 2078 805 2124 sed
828 2080 958 2123 etiam
981 2094 1216 2139 corporum
1237 2079 1458 2139 ipsorum,

69 2146 200 2211 longe
222 2151 376 2212 utique
397 2150 698 2207 subtiliorum,
724 2151 832 2195 mira
854 2150 1099 2196 velocitate.

128 2224 313 2268 XXXV.
344 2223 648 2283 Comperimus
683 2222 813 2267 etiam
842 2223 887 2266 in
916 2222 1048 2267 domo
1078 2221 1363 2266 constitutum
1385 2236 1464 2280 pa-

73 2295 255 2339 tientem
284 2294 488 2356 spiritum
522 2293 824 2349 immundum,
861 2293 1004 2338 dicere
1035 2292 1172 2338 solere
1200 2291 1377 2354 quando
1409 2289 1465 2335 ad

75 2381 176 2411 eum
197 2365 344 2411 venire
363 2365 566 2426 coepisset
587 2381 640 2409 ex
667 2363 902 2409 duodecim
924 2363 1119 2409 millibus
1141 2363 1394 2424 presbyter,
1421 2370 1465 2406 et

77 2452 154 2497 per
176 2434 321 2482 omnia
343 2435 438 2489 loca
459 2436 624 2482 itineris
647 2435 725 2480 ubi
746 2445 877 2490 esset,
905 2443 948 2479 et
969 2450 1104 2496 quam
1127 2434 1462 2495 propinquaret,

132 2539 139 2556 ¹
162 2532 240 2566 vide
263 2531 320 2566 lib.
341 2542 350 2564 ι
371 2539 495 2566 contra
508 2531 741 2574 Academico-55
763 2541 837 2573 cap.
853 2530 876 2562 6
890 2534 924 2562 et
943 2540 975 2572 7.
990 2546 1032 2553 -
1051 2537 1066 2553 ²
1084 2530 1158 2563 Job.
1174 2540 1198 2570 ι,
1227 2539 1277 2562 ιο.
