1854 3219
249 200 302 226 DE
333 199 483 227 GENESI
516 197 570 225 AD
603 196 842 235 L1TTERAJ-f‚
870 198 1159 225 IMPERFECTUS
1192 199 1273 224 Lm.
1373 184 1449 224 151

71 274 197 310 natus
220 281 309 310 non
330 274 415 320 est,
436 262 583 307 nullus
620 278 768 307 eorum
805 263 949 322 imago
979 263 1153 307 alterius
1183 261 1269 307 dici
1293 271 1449 322 potest.

72 339 219 395 Imago
242 336 358 380 enim
374 343 480 386 tunc
493 342 556 377 est
572 369 582 389 ,
603 349 703 377 cum
722 332 775 378 dc
798 332 944 394 aliquo
966 333 1234 393 exprimitur.
1255 334 1456 391 Curergo

69 423 171 452 cum
199 407 366 458 dictum
388 413 518 461 esset,
549 422 570 447 «
593 403 663 449 Ad
691 404 951 463 imaginem3
975 423 994 446 »
1017 403 1216 448 additum
1240 413 1324 459 est,
1354 423 1374 447 «
1401 406 1459 449 Et

72 490 93 520 5>
128 475 456 522 similitudinem
470 494 478 520 :
497 493 518 517 »
534 475 656 536 quasi
666 474 800 535 possit
813 489 903 519 esse
915 474 1057 534 imago
1070 473 1313 519 dissimilis?
1326 475 1458 521 Suffi-

68 557 185 593 ceret
206 563 306 607 ergo
327 546 436 592 «Ad
466 546 698 604 imaginem
722 563 743 586 n
767 545 924 589 dicere.
946 549 1014 590 An
1047 544 1168 590 aliud
1194 554 1259 589 est
1295 545 1455 602 simile,

69 618 189 664 aliud
205 617 444 664 similitudo
460 639 471 676 3
492 618 603 663 sicut
619 615 740 662 aliud
753 625 816 661 est
827 625 968 661 castus
979 652 990 672 ‚
1005 616 1122 661 aliud
1131 617 1302 661 castitas
1315 637 1326 675 3
1337 615 1459 662 aliud

68 689 204 746 fortiS‚
221 683 341 734 aliud
354 687 567 734 fortitudo
581 707 590 733 ε
605 697 656 732 ut
672 685 1045 748 quemadmodum
1056 702 1347 748 quaecumque
1355 695 1458 732 sunt

66 759 219 816 sortia,
241 758 499 805 fortitudine
526 767 628 804 sunt
643 757 772 803 fortia
792 794 803 814 ,
832 767 876 802 et
887 739 1180 819 quaecumque
1197 766 1298 803 sunt
1316 767 1454 816 casta,

66 832 260 876 castitate
280 840 382 876 sunt
403 839 540 875 casta:
558 831 617 874 ita
635 845 925 891 quaecumque
940 839 1041 874 sunt
1052 829 1228 886 similia,
1252 829 1457 874 similitu-

66 895 167 946 dine
175 901 260 946 sint
275 901 427 946 similia
437 896 562 947 PNon
570 910 717 946 autem
730 901 872 960 imago
886 910 1031 945 nostra
1045 902 1143 945 satis
1158 901 1332 961 proprie
1349 901 1459 946 dici-

65 981 138 1017 tur
147 969 385 1017 similitudo
402 978 547 1016 nostra
556 987 661 1027 esse,
674 987 775 1016 cum
783 981 929 1016 tamen
939 972 1112 1032 proprie
1129 971 1300 1017 dicatur
1310 972 1458 1018 similis

65 1040 191 1089 nobis
213 1057 323 1088 esse:
349 1052 400 1088 ut
421 1042 483 1086 ibi
500 1042 554 1087 sit
578 1057 627 1086 ea
644 1041 905 1097 similitudo,
938 1058 1025 1103 qua
1042 1041 1199 1086 similia
1215 1047 1317 1087 sunt
1335 1059 1460 1103 quae-

64 1125 253 1175 cumque
265 1112 435 1169 similia,
451 1113 529 1157 ubi
544 1122 608 1175 est
617 1122 659 1157 et
672 1113 861 1168 castitas,
876 1129 963 1174 qua
973 1122 1087 1158 casta
1100 1122 1217 1169 suut,
1230 1130 1458 1175 quaecum-

64 1200 151 1245 que
166 1194 268 1229 sunt
287 1193 416 1229 casta.
442 1184 622 1230 Castitas
645 1193 791 1228 autem
808 1183 971 1228 nullius
986 1184 1320 1244 participatione
1343 1195 1460 1230 casta

64 1264 150 1312 est,
178 1255 253 1300 sed
275 1256 366 1316 ejus
389 1255 719 1316 participatione
747 1264 849 1299 sunt
870 1263 1008 1311 casta,
1029 1271 1322 1316 quaecumque
1344 1266 1461 1301 casta

63 1335 180 1371 sunt.
198 1329 307 1380 Quae
324 1326 478 1388 utique
496 1325 543 1370 in
565 1329 655 1371 Deo
683 1334 767 1382 est,
793 1326 870 1370 ubi
899 1335 963 1370 cst
992 1327 1123 1371 etiam
1135 1325 1208 1371 illa
1225 1328 1457 1387 sapientia,

61 1413 162 1458 quae
192 1413 282 1442 non
307 1396 608 1457 participando
628 1396 795 1456 sapiens
818 1407 902 1452 est,
929 1397 1005 1442 sed
1023 1399 1145 1458 cujus
1167 1399 1457 1458 partipatione

61 1468 229 1528 sapiens
243 1475 307 1512 est
318 1467 461 1512 anima
470 1482 761 1528 quaecumque
770 1468 937 1528 sapiens
949 1477 1026 1512 est.
1043 1471 1320 1530 Quapropter
1328 1471 1457 1514 etiam

62 1534 300 1584 similitudo
322 1539 420 1595 Dei,
445 1554 523 1599 per
545 1554 678 1600 quam
699 1537 813 1583 sacta
834 1548 937 1584 sunt
959 1540 1125 1596 omnia,
1151 1541 1326 1600 proprie
1347 1540 1458 1586 dici-

61 1616 133 1655 tur
149 1610 413 1670 similitudo3
433 1610 636 1671 quianon
656 1610 988 1670 participatione
1011 1610 1191 1673 alicujus
1207 1611 1459 1657 similitudi-

64 1683 131 1726 nis
152 1681 299 1727 similis
326 1692 412 1738 est,
440 1681 516 1726 sed
538 1683 630 1742 ipsa
652 1691 716 1727 est
737 1683 874 1742 prima
897 1683 1159 1740 similitudo,
1176 1686 1299 1745 cujus
1319 1685 1459 1745 parti-

61 1753 278 1814 cipatione
302 1753 457 1798 similia
479 1763 603 1810 sunt,
625 1770 917 1815 quaecumque
936 1770 1012 1814 per
1044 1752 1163 1799 illam
1200 1755 1305 1800 lecit
1326 1759 1455 1802 Deus.

120 1825 282 1883 LVIII,
317 1825 541 1886 Expositio
561 1840 664 1885 ergo
687 1824 867 1870 fortasse
896 1835 980 1882 est,
1006 1827 1127 1888 quod
1150 1827 1349 1873 additum
1374 1839 1453 1874 est:

65 1906 86 1938 5)
122 1896 193 1941 Ad
208 1892 536 1941 similitudinem
549 1933 559 1953 ,
583 1914 604 1939 »
624 1912 724 1941 cum
732 1898 823 1958 jam
840 1896 1010 1942 dictum
1028 1907 1138 1943 esset
1153 1934 1163 1954 ,
1185 1917 1205 1941 «
1223 1899 1293 1944 Ad
1311 1899 1459 1959 imagi-

64 1986 85 2017 »
119 1983 245 2027 nem3
264 1986 284 2010 >›
309 1977 359 2013 ut
381 1968 684 2013 ostenderetur
703 1984 820 2023 eam⁷
847 1985 946 2029 quae
964 1970 1107 2028 imago
1123 1969 1237 2014 dicta
1260 1980 1344 2027 est,
1366 1987 1457 2016 non

61 2032 122 2098 ita
143 2037 327 2090 similem
350 2054 440 2084 esse
460 2042 574 2095 Deo,
600 2039 723 2100 quasi
745 2038 926 2100 alicujus
955 2039 1248 2085 similitudinis
1274 2042 1453 2102 partici-

59 2120 236 2171 pantem
248 2146 259 2167 ,
275 2110 351 2156 sed
365 2104 478 2156 hanc
495 2113 633 2172 ipsam
656 2125 744 2156 esse
761 2111 1091 2156 similitudinem
1104 2148 1114 2168 ‚
1136 2114 1258 2174 cujus
1275 2115 1453 2174 partici-

59 2191 214 2243 parent
230 2175 374 2228 omnia
390 2219 401 2240 ‚
421 2200 521 2244 quae
538 2183 748 2229 dicuntur
763 2193 852 2228 esse
872 2183 1040 2229 similia.
1067 2184 1188 2230 Sicut
1208 2185 1301 2246 ipsa
1324 2196 1387 2231 est
1407 2196 1450 2232 et

60 2255 251 2311 castitas,
270 2256 392 2317 cujus
413 2255 746 2316 participatione
768 2265 896 2301 castae
915 2265 1017 2301 sunt
1028 2256 1210 2316 animae3
1230 2266 1274 2301 et
1284 2259 1454 2318 sapien-

60 2326 120 2370 tia
141 2327 265 2387 cujus
280 2326 610 2387 participatione
628 2327 842 2387 sapientes
865 2337 968 2373 sunt
989 2328 1166 2387 animae3
1190 2338 1233 2373 et
1252 2328 1451 2389 pulchri-

60 2395 170 2441 tudo
191 2398 313 2458 cujus
334 2398 664 2459 participatione
681 2398 864 2458 pulchra
888 2409 1011 2455 sunt,
1038 2416 1329 2462 quaecumque
1346 2399 1449 2462 pul-

61 2468 164 2513 chra
193 2478 310 2513 sunt.
349 2470 392 2515 Si
426 2470 541 2514 enim
569 2477 740 2515 tantum
779 2471 1108 2516 similitudinem
1142 2471 1328 2528 diceret,
1359 2488 1450 2517 non

62 2538 320 2597 significaret
344 2539 398 2584 ab
433 2541 525 2599 ipso
557 2556 646 2585 esso
669 2541 885 2599 genitam:
912 2543 944 2585 si
967 2552 1110 2587 autem
1142 2543 1450 2588 tantummodo
