1854 3219
321 244 374 271 ΒΕ
404 241 553 271 GENESI
585 239 640 266 An
672 238 915 276 Lim-finni,
950 240 1032 265 mn.
1069 240 1148 265 xri.
1342 228 1419 266 601

48 306 333 354 verumetiam
361 306 406 351 id
440 305 744 364 suscipientes,
775 312 825 347 ut
850 301 1075 352 divinandi
1101 301 1233 349 modo
1262 302 1426 369 aliquid

47 377 270 435 dicerent,
295 377 509 423 novimus.

104 451 260 494 XLVI.
293 452 402 496 Nam
423 449 602 511 quidam
622 453 805 512 juvenes
821 453 1010 514 jocando
1031 463 1082 498 ut
1104 450 1322 509 fallerent,
1348 452 1425 498 ubi

45 520 260 579 peregrini
290 519 372 564 iter
404 521 590 579 agebant
606 557 616 577 ,
641 524 966 568 mathematicos
993 540 1037 568 se
1066 539 1155 568 esse
1176 525 1422 580 finxerunt,

45 591 291 649 ignorantes
329 593 506 637 omnino
542 598 690 637 utrum
734 593 967 639 duodecim
1002 596 1122 654 signa
1159 594 1422 639 dicerentur.

46 663 130 715 Qui
152 679 252 707 cum
273 663 489 724 hospitem
512 679 638 709 suum
660 665 804 709 mirari
825 675 1054 711 cernerent
1074 681 1173 726 quae
1196 664 1423 720 dicebant,

45 742 88 778 et
118 735 308 780 attestari
337 751 426 780 esse
454 736 671 781 verissima
689 772 699 792 ,
739 736 942 782 audacius
974 738 1019 781 in
1054 737 1180 796 plura
1213 737 1426 796 progressi

47 813 162 848 sunt.
188 807 246 849 At
274 804 346 850 ille
369 815 572 851 attestans
594 807 650 851 ad
674 807 818 852 omnia
840 807 1094 852 mirabatur.
1120 811 1343 851 Postremo
1371 807 1426 850 ab

46 874 106 919 eis
131 873 186 919 de
207 874 285 919 filii
304 875 440 921 salute
461 877 684 937 quaesivit,
709 893 841 938 quem
863 877 939 922 diu
957 879 1182 922 absentem
1205 876 1427 921 desidera-

45 945 142 1002 bat,
167 956 211 991 et
231 947 352 1008 quod
373 948 596 1008 inopinate
613 949 817 1006 tardaret,
838 965 892 994 ne
914 950 1022 1010 quid
1044 950 1083 993 ei
1105 949 1329 994 accidisset
1346 948 1429 993 sol-

44 1016 187 1062 licitus
209 1027 315 1063 erat.
336 1021 394 1063 At
414 1018 478 1063 illi
501 1035 591 1064 non
612 1030 812 1065 curantes
835 1020 943 1081 quid
964 1029 1062 1080 post
1084 1035 1238 1063 eorum
1258 1019 1429 1064 absces-

44 1101 140 1132 sum
166 1088 257 1133 veri
285 1099 640 1148 cognosceretur,
671 1090 779 1135 dum
799 1100 945 1136 tamen
965 1091 1011 1134 in
1027 1090 1255 1150 praesentia
1276 1088 1429 1133 laetum

44 1158 266 1204 hominem
289 1159 537 1217 redderent,
557 1177 657 1206 mox
673 1161 912 1222 profecturi
925 1161 1245 1222 responderunt
1262 1159 1430 1205 salvum

44 1244 94 1279 ac
116 1230 501 1291 propinquantem,
526 1241 571 1276 et
591 1247 643 1277 eo
663 1232 757 1292 ipso
779 1231 851 1277 die
872 1248 962 1293 quo
982 1233 1078 1276 haec
1106 1230 1402 1292 loquebantur
1416 1265 1427 1285 ,

43 1314 135 1344 csse
162 1309 399 1346 venturum
426 1321 435 1346 :
460 1317 604 1363 neque
634 1303 750 1347 enim
782 1303 1060 1357 metuebant,
1095 1317 1151 1346 ne
1180 1317 1281 1346 cum
1312 1310 1431 1345 totus

45 1368 137 1415 dies
157 1381 359 1431 peractus
376 1382 501 1429 esset,
527 1389 599 1418 eos
620 1373 693 1418 ille
710 1373 1033 1433 redarguendos
1050 1372 1258 1433 postridie
1277 1386 1432 1433 seque-

44 1449 179 1484 retur.
218 1442 337 1495 Quid
367 1442 537 1487 multa?
570 1443 677 1487 dum
702 1444 795 1504 jam
831 1443 951 1487 abire
991 1443 1297 1502 disponerent,
1331 1457 1432 1486 ecce

44 1510 190 1555 subito
210 1512 353 1557 adhuc
375 1513 434 1557 eis
455 1512 544 1558 illic
564 1514 716 1573 positis
733 1514 866 1558 venit.

102 1583 283 1627 XLVII.
320 1586 432 1627 Item
459 1583 567 1628 alius
597 1593 697 1629 ante
724 1584 1086 1643 symphoniacum
1114 1583 1323 1639 saltabat,
1356 1584 1433 1628 ubi

44 1661 169 1696 erant
196 1652 336 1697 multa
366 1652 483 1698 idola
511 1669 589 1713 per
617 1653 852 1715 quamdam
879 1669 1150 1714 paganorum
1180 1653 1433 1698 solemnita-

44 1731 133 1766 tem
147 1757 163 1777 ,
188 1737 277 1766 non
300 1720 448 1783 aliquo
470 1723 626 1782 spiritu
647 1733 844 1783 arreptus
858 1758 869 1778 ,
895 1723 971 1767 sed
997 1724 1239 1768 imitatione
1264 1722 1433 1777 ludicra

45 1792 287 1851 arreptitios
304 1792 551 1848 aemulatus,
573 1794 824 1848 scientibus,
850 1793 1231 1838 circumstantibus
1250 1802 1293 1836 et
1310 1809 1435 1853 spec-

44 1864 254 1908 tantibus.
280 1865 413 1908 Moris
434 1864 550 1908 enim
578 1874 670 1908 erat
700 1874 750 1909 ut
775 1874 876 1909 ante
897 1865 1132 1925 prandium
1153 1864 1338 1924 peractis
1366 1881 1434 1909 sa-

1 1990 10 1999 ·
43 1933 213 1978 orificiis
245 1934 505 1995 agitatisque
537 1935 803 1995 phanaticiS,
839 1936 873 1979 si
904 1936 981 1996 qui
1012 1934 1303 1979 adolescentes
1336 1944 1433 1995 post

43 2003 278 2063 prandium
306 2003 471 2049 vellent
501 2021 552 2049 eo
579 2021 698 2050 more
729 2005 908 2060 ludere,
936 2005 1081 2050 nullus
1106 2005 1428 2064 prohiberetur.

46 2073 126 2118 Ille
147 2090 250 2134 ergo
272 2076 385 2120 inter
402 2075 666 2131 saltandum,
693 2075 807 2121 facto
823 2076 904 2120 sibi
921 2075 1107 2130 silentio,
1125 2075 1402 2136 jocabundus
1417 2111 1428 2130 ,

44 2152 89 2187 et
117 2144 287 2188 ridente
309 2145 593 2189 multitudine
614 2147 927 2206 circumseptus
945 2181 956 2201 ,
983 2161 1031 2189 ea
1054 2155 1197 2200 nocte,
1223 2162 1322 2206 quac
1346 2146 1430 2189 im-

43 2215 287 2274 pendebat,
313 2216 355 2259 in
381 2231 430 2260 ea
451 2215 592 2274 sylva,
618 2233 717 2276 quse
735 2218 858 2278 juxta
885 2226 998 2272 erat,
1019 2217 1241 2261 hominem
1264 2233 1286 2260 a
1304 2216 1431 2261 leone

43 2285 355 2345 interemptum
389 2287 465 2342 iri,
493 2287 548 2331 ad
576 2289 698 2348 cujus
726 2287 909 2332 cadaver
937 2287 1223 2346 spectandum
1254 2286 1430 2331 illuces-

43 2364 169 2399 cente
197 2354 267 2399 die
298 2357 600 2401 confluxuram
627 2357 824 2412 turbam,
853 2367 897 2401 et
918 2356 1033 2401 illius
1054 2356 1338 2401 solemnitatis
1359 2356 1428 2400 lo·-

43 2440 145 2469 cum
161 2425 444 2483 deserturam,
465 2428 683 2487 praedixit.
705 2431 761 2473 Et
779 2427 942 2472 factum
963 2437 1042 2483 est,
1063 2443 1162 2472 cum
1181 2428 1279 2472 satis
1297 2442 1430 2472 cunc-

41 2495 94 2539 tis
121 2496 198 2556 qui
220 2495 400 2542 aderant
426 2498 472 2542 in
504 2498 705 2542 omnibus
734 2500 825 2558 ejus
852 2498 1042 2542 motibus
1072 2497 1317 2552 claruisset,
1343 2497 1428 2541 hoc

43 2578 144 2609 eum
165 2564 360 2612 ludendo
378 2575 422 2612 et
429 2567 618 2627 jocando
639 2584 855 2631 nusquam
872 2568 1125 2628 perturbata
1146 2567 1215 2613 vel
1231 2566 1424 2611 alienata
