1854 3219
339 252 393 279 DE
425 247 579 278 oiim-:sl
609 247 665 276 An
697 246 939 287 LlTTEnAM,
974 250 1057 276 Lm.
1094 249 1154 275 iv.
1356 235 1440 274 287

535 525 751 574 CAPUT
786 524 945 573 XXV.

313 670 414 716 Cur
427 685 516 715 sex
536 667 704 715 diebus
719 683 817 714 non
831 665 1054 713 addatur
1067 682 1182 713 noce.

109 807 250 850 XLII.
276 808 392 860 Qum
414 821 518 866 ergo
539 804 697 865 Angeli
719 813 963 849 creaturam
983 804 1029 848 in
1051 819 1101 848 ea
1122 804 1214 863 ipsa
1245 809 1446 847 creatura

52 878 112 923 sic
127 878 270 922 sciunt
284 913 295 934 ,
311 887 364 922 ut
381 877 420 921 ei
435 877 624 922 scientiae
642 876 854 921 electione
869 892 918 921 ac
936 875 1169 921 dilectione
1186 881 1450 935 praeponant

49 949 171 1011 quod
192 965 288 993 eam
310 949 454 994 sciunt
473 949 520 992 in
541 949 745 1004 veritate,
767 964 844 1008 per
865 963 999 1009 quam
1019 946 1131 992 facta
1154 956 1258 991 sunt
1274 945 1420 991 omnia
1433 980 1444 1001 ‚

49 1020 279 1081 participes
307 1021 397 1081 ejus
428 1020 603 1078 effecti3
628 1018 728 1064 ideo
759 1035 837 1080 per
859 1034 1011 1064 omnes
1035 1034 1107 1063 sex
1129 1017 1220 1063 dies
1243 1034 1333 1063 non
1364 1033 1450 1061 no-

50 1093 242 1138 minatur
262 1108 350 1137 nox
364 1128 375 1149 ‚
400 1091 477 1137 sed
489 1101 586 1153 post
607 1106 833 1153 vesperam
855 1101 898 1135 et
911 1106 1041 1135 mane
1064 1090 1155 1135 dies
1177 1106 1317 1135 unus:
1343 1089 1450 1133 item

49 1173 148 1224 post
168 1180 392 1226 vesperam
413 1174 457 1209 et
482 1179 611 1209 mane
626 1163 715 1209 dies
736 1162 977 1221 secundus3
1001 1162 1162 1207 deinde
1183 1171 1284 1223 post
1296 1176 1450 1221 vespe-

50 1251 144 1281 ram
163 1245 206 1280 et
222 1252 350 1281 mane
365 1236 454 1281 dies
476 1236 629 1281 tertius
648 1255 656 1280 :
678 1251 727 1280 ac
749 1236 809 1280 sic
830 1250 970 1296 usque
992 1234 1039 1278 in
1056 1249 1184 1279 mane
1205 1233 1314 1279 sexti
1336 1232 1446 1287 diei,

50 1307 170 1351 unde
190 1307 345 1367 incipit
361 1307 571 1367 septimus
591 1306 749 1367 quietis
768 1305 873 1361 Dei,
897 1305 1095 1366 quamvis
1117 1320 1219 1349 cum
1237 1304 1323 1348 suis
1339 1318 1444 1347 noc-

51 1378 170 1423 tibus
185 1413 196 1434 ‚
222 1377 313 1422 dies
340 1387 489 1422 tamen
508 1394 598 1422 non
620 1386 770 1422 noctes
802 1385 1051 1421 narrantur.
1079 1378 1201 1420 Tunc
1225 1375 1343 1419 enim
1364 1389 1450 1418 nox

53 1447 109 1493 ad
129 1447 246 1492 diem
267 1448 458 1507 pertinet
473 1483 484 1503 2
509 1464 600 1492 non
622 1447 714 1493 dies
737 1447 793 1491 ad
814 1456 988 1492 noctem
1006 1482 1016 1502 ,
1049 1462 1151 1491 cum
1175 1446 1384 1491 sublimes
1407 1452 1451 1487 et

53 1518 189 1563 sancti
215 1517 372 1577 Angeli
401 1517 448 1562 id
480 1517 604 1579 quod.
625 1526 869 1562 creaturam
899 1518 944 1562 in
966 1518 1058 1577 ipsa
1090 1527 1289 1562 creatura
1311 1530 1449 1560 nove-

53 1599 158 1635 runt
181 1611 192 1648 3
231 1588 429 1635 referunt
459 1590 514 1634 ad
550 1587 667 1634 illius
698 1590 912 1634 honorem
944 1598 988 1634 et
1024 1605 1216 1635 amorem
1233 1623 1244 1643 ‚
1279 1587 1324 1631 in
1361 1601 1451 1647 quo

54 1670 236 1706 aeternas
257 1661 445 1706 rationes
466 1660 628 1722 quibus
651 1669 794 1705 creata
816 1669 880 1704 est
907 1659 1289 1720 contemplantur3
1311 1672 1451 1717 caque

54 1732 390 1778 concordissima
410 1731 782 1792 contemplatione
804 1740 905 1775 sunt
922 1746 1036 1775 unus
1058 1730 1170 1785 (lies,
1197 1744 1330 1789 quem
1348 1728 1454 1772 fecit

54 1803 266 1849 Dominus
280 1838 291 1859 ‚
316 1803 388 1848 cui
409 1805 705 1864 conjungetur
722 1801 916 1846 Ecclesia
934 1801 989 1846 de
1006 1802 1087 1845 hae
1104 1799 1454 1860 peregrinatione

55 1873 238 1920 liberata
255 1910 266 1931 ‚
292 1883 344 1919 ut
365 1883 410 1920 et
430 1889 509 1920 nos
530 1873 774 1919 exultemus
792 1882 835 1917 et
852 1871 1206 1934 jocundemurin.
1228 1873 1320 1916 eo¹.

519 2153 739 2205 CAPUT
787 2156 971 2203 XXVI.

226 2296 284 2346 N
283 2301 473 2343 umerus
491 2296 678 2344 dierum
699 2297 940 2356 quomodo
961 2296 1288 2359 accipiendus.

121 2436 284 2479 XLIII.
317 2425 460 2479 Hostis
481 2448 583 2492 ergo
605 2431 718 2487 diei,
750 2433 874 2493 cujus
897 2441 940 2476 et
970 2447 1149 2493 vespera
1172 2441 1216 2477 et
1235 2448 1364 2478 mane
1386 2448 1456 2477 se-

36 2505 261 2551 *cundum
282 2510 412 2566 supra
426 2504 589 2550 dictam
605 2503 819 2549 rationem
842 2503 978 2563 accipi
997 2513 1161 2564 potest,
1188 2513 1303 2549 sexta
1327 2519 1454 2564 repc-

114 2610 122 2627 ¹
139 2603 219 2637 Psal.
241 2614 338 2646 cxvii,
359 2601 412 2645 24.
