1854 3219
406 168 491 206 636

1017 181 1166 207 INDEX.

404 249 479 279 CAr.
502 257 579 278 xvu.
606 244 776 288 Scrupulus
788 244 829 278 de
842 246 1031 289 corporibus
1042 252 1238 281 mortuorum
1254 247 1427 280 devoratis.

454 314 487 333 XI
496 314 533 333 III

488 368 538 389 >alx

540 326 545 332 .
574 301 679 343 Spinae
701 305 734 332 et
749 301 858 333 tribuli
877 301 1021 346 lignaque
1038 303 1231 335 infructuosa
1245 315 1301 336 cur
1320 308 1352 335 et
1364 302 1489 347 quando
1505 306 1628 335 creata.

545 381 551 389 .
577 359 622 389 De
641 358 803 389 versiculis
822 359 863 390 26
890 362 924 391 et
941 360 996 401 27,
1016 364 1079 391 etc.
1106 360 1168 391 Cur
1192 360 1224 392 in
1246 359 1338 392 solius
1361 358 1496 392 hominis
1513 359 1676 392 creatione

619 413 763 455 dictum,
786 415 990 454 Faciamus,
1009 423 1077 448 etc.

493 480 543 501 xx.
573 471 607 502 In
625 480 687 512 quo
709 469 803 502 homo
820 470 922 501 sactus
942 471 982 502 sit
1001 471 1040 502 ad
1067 471 1235 513 imaginem
1260 471 1328 504 Dei.
1355 474 1460 504 Curve
1477 472 1517 504 de
1542 470 1678 504 hominis

621 527 785 559 creatione
803 538 864 559 non
881 528 998 560 dicitur
1013 540 1020 560 :
1036 529 1087 561 Et
1102 530 1150 561 sic
1171 528 1381 571 estfactum.

475 593 541 615 xxi.
569 585 614 615 De
635 583 770 615 hominis
783 584 1022 630 innuortalitate
1034 584 1202 618 difficultas
1221 596 1260 617 ex
1281 585 1357 618 cibo
1374 585 1433 628 ipsi
1451 584 1604 628 praestito.

466 650 545 671 xxii.
573 639 689 681 Opinio
707 640 915 682 quorumdam
928 667 937 683 ‚
956 640 1066 673 animm
1082 641 1279 673 creationem
1298 641 1411 683 signari
1424 640 1473 672 his
1486 640 1608 683 verbis,
1629 640 1682 673 Ec

454 762 535 783 xxnl

462 817 538 839 xxn·

608 694 724 738 fecit,
747 704 810 727 etc.
826 707 833 736 ς
857 697 998 739 corporis
1016 708 1094 729 vero
1110 697 1174 728 istis
1188 722 1196 738 ‚
1218 697 1267 729 Ez
1279 696 1402 743 finxit
1416 698 1508 729 Deus
1520 721 1528 737 ,
1550 704 1616 729 etc.

542 777 547 782 .
574 753 642 789 Quo
660 756 785 794 spectet
798 752 873 784 illud
890 754 1038 785 versiculi
1056 755 1116 785 30:
1137 754 1188 785 Et
1201 754 1251 785 sic
1266 751 1469 798 eslficctum.

545 833 549 838 .
574 809 636 839 Cur
666 808 706 839 de
730 808 859 840 homine
878 820 940 840 non
960 808 1159 851 singulatim,
1186 809 1233 841 uti
1256 809 1296 841 de
1322 809 1458 850 caeteris,
1477 809 1599 842 dictum
1620 809 1677 841 sit:

624 863 718 897 Vidit
732 865 822 896 Deus
840 866 920 911 quia
936 865 1059 897 bonnm
1078 871 1141 897 esc.

963 983 1136 1028 LIBER
1169 984 1245 1027 IV.

398 1119 597 1155 'tractatur
614 1118 768 1155 initium
790 1118 950 1156 secundi
967 1119 1102 1166 capitis
1120 1118 1331 1156 Geneseos.
1354 1118 1520 1164 Postque
1538 1118 1726 1155 nonnulla
1742 1118 1791 1155 de

445 1178 589 1215 senarii
609 1180 762 1215 numeri
781 1179 1018 1226 perfectione
1030 1205 1040 1220 ,
1053 1182 1233 1217 movetur
1246 1178 1405 1225 quaestio
1423 1188 1579 1215 rursum
1593 1178 1694 1214 circa
1710 1189 1794 1216 ver-

447 1238 611 1275 siculum
627 1245 660 1279 5,
672 1249 754 1285 cap.
773 1251 801 1280 1,
815 1240 1007 1285 quomodo
1026 1238 1188 1281 scilieet,
1201 1241 1329 1275 creata
1342 1238 1444 1280 luce,
1460 1238 1556 1274 sacta
1569 1238 1618 1274 sit
1634 1248 1794 1284 vespera

448 1301 487 1334 et
511 1298 651 1335 sactum
666 1308 779 1335 mane
792 1325 800 1339 ,
818 1297 951 1344 sicque
969 1298 1053 1336 dies
1066 1297 1261 1334 numerali
1281 1307 1403 1343 usque
1423 1297 1470 1333 ad
1488 1299 1641 1334 sextum
1656 1299 1695 1334 et
1712 1307 1796 1343 sep-

448 1357 599 1393 timum.

422 1457 497 1488 cip.
524 1467 546 1487 1.
574 1454 646 1486 Dies
663 1465 718 1487 sex
734 1453 896 1498 quomodo
909 1454 1100 1497 accipiendi.

511 1523 546 1544 11.
573 1515 618 1545 De
634 1510 749 1543 senarii
764 1512 889 1543 numeri
909 1510 1118 1554 perfectione.

502 1580 550 1601 ιιι.
576 1571 620 1600 De
639 1578 678 1599 eo
695 1567 780 1610 quod
797 1567 950 1609 scriptum
973 1567 1005 1597 in
1029 1565 1137 1608 capite
1157 1576 1191 1597 xi
1206 1591 1214 1607 ‚
1237 1566 1275 1597 21
1306 1564 1474 1608 Sapientiae
1491 1577 1497 1597 :
1519 1564 1640 1598 Omnia
1652 1565 1686 1598 in

623 1634 797 1662 mensura,
815 1630 849 1654 ct
864 1633 1018 1660 numero,
1036 1629 1100 1654 etc.

505 1691 550 1713 iv.
576 1681 612 1712 In
629 1682 695 1711 Deo
717 1689 787 1710 esse
805 1689 983 1710 mensuram
1002 1678 1069 1710 sine
1087 1687 1247 1719 mensura,
1265 1688 1434 1710 numerum
1455 1677 1522 1709 sine
1539 1688 1686 1720 numero,

624 1740 658 1768 et
671 1734 793 1777 pcndus
810 1734 877 1765 sine
891 1733 1044 1776 pondere.
1062 1750 1104 1755 -
1122 1733 1270 1765 Trinitas,

518 1807 551 1828 v.
578 1796 612 1826 In
630 1796 698 1825 Deo
715 1792 783 1834 ipso
797 1796 887 1825 extat
904 1792 986 1823 ratio
1005 1801 1171 1833 mensurae,
1189 1790 1314 1822 numeri
1330 1795 1363 1822 et
1381 1790 1530 1833 ponderis
1542 1791 1686 1834 adquam

623 1849 774 1892 disposita
788 1853 861 1880 sunt
877 1848 992 1880 onmia.

507 1919 551 1940 vl.
577 1906 638 1939 Ubi
655 1906 806 1938 cernebat
824 1908 907 1937 Deus
924 1904 1008 1937 unde
1021 1904 1127 1936 omnia
1146 1903 1343 1946 disponeret.

493 1975 548 1996 vn.
576 1962 698 1995 Senarii
722 1961 846 1993 numeri
864 1959 1100 2003 perfectionem
1118 1959 1277 2002 quomodo
1294 1969 1474 1991 cernamus.

482 2032 551 2053 vm.
579 2019 672 2058 Quies
691 2019 747 2051 Dei
761 2017 792 2049 in
810 2018 862 2049 die
883 2016 1019 2060 septimo
1038 2021 1073 2048 ut
1086 2016 1305 2058 intelligenda.

507 2089 551 2110 lx.
578 2079 645 2115 Quo
662 2087 755 2120 sen-su
772 2079 856 2107 Deus
873 2075 1076 2117 requiescere
1096 2073 1223 2105 dicitur.
1246 2091 1288 2095 —
1307 2072 1446 2105 Tristitia
1463 2071 1639 2105 laudabilis.

523 2145 554 2166 x.
581 2133 717 2172 Quaestio
730 2143 769 2164 an
783 2133 849 2174 ipse
865 2134 947 2164 Deus
960 2132 1087 2174 proprie
1105 2130 1309 2173 requiescere
1327 2130 1482 2172 potuerit.

510 2201 554 2222 x1.
582 2189 746 2228 Quomodo
759 2194 927 2230 uirumque
941 2192 1078 2229 constat,
1091 2189 1192 2219 Deum
1206 2187 1237 2218 in
1253 2186 1305 2218 die
1319 2186 1456 2228 septimo
1473 2184 1688 2227 requievisse,

627 2252 658 2279 et
673 2257 756 2278 nunc
773 2256 872 2288 usque
889 2244 1027 2287 operari.

499 2315 556 2336 xn.
581 2303 648 2336 Alia
665 2304 744 2335 ratio
771 2301 960 2334 conciliandi
985 2302 1182 2343 Scripturam
1205 2299 1246 2331 de
1273 2299 1383 2342 requie
1413 2302 1446 2330 et
1475 2298 1516 2330 de
1540 2298 1689 2329 continua

626 2359 814 2401 operatione
838 2357 906 2389 Dci-

486 2428 555 2449 xm.
581 2418 626 2448 De
637 2415 763 2447 sabbati
778 2413 1014 2446 observatione.
1034 2429 1077 2434 —-
1096 2411 1271 2444 Sabbatum
1287 2402 1503 2443 christianum.

486 2485 552 2505 xxv.
578 2474 640 2504 Cur
657 2473 740 2502 Deus
759 2469 1010 2502 sanctificaverit
1028 2467 1113 2500 diem
1137 2467 1251 2511 quietis
1272 2477 1350 2499 suae.

503 2540 557 2560 w.
584 2527 724 2560 Solvitur
739 2527 871 2568 quaestio
888 2525 1030 2567 superius
1041 2523 1213 2566 proposita.

1730 1453 1796 1485 253

1731 1509 1794 1541 257
