1854 3219
356 166 442 205 396
787 177 819 202 s.
857 174 1088 203 Arausa-[NJ
1122 175 1302 203 EPISCOPI

354 257 460 302 porc
491 239 698 284 membris
721 254 771 282 ex
793 239 896 284 limo
925 239 1096 284 formati
1119 239 1310 299 corporis
1334 237 1590 298 inspiraret,
1621 238 1747 297 cujus

355 312 545 371 corporis
576 310 620 353 in
654 308 736 353 illis
771 309 899 353 simul
931 309 1116 354 conditis
1153 310 1281 353 rebus
1318 308 1531 353 rationem
1565 316 1748 351 creasset

353 381 596 436 causaliter,
631 379 873 425 secundum
896 396 1028 441 quam
1050 381 1196 435 tieret,
1228 396 1330 424 cum
1360 378 1612 423 faciendum
1636 387 1748 422 esset

351 469 507 513 corpus
539 453 799 497 humanum.
836 454 946 497 Nam
978 468 1121 513 neque
1152 452 1264 497 illud
1295 452 1415 513 quod
1444 451 1612 496 dictum
1646 460 1710 495 est
1735 470 1744 496 :

355 545 375 568 «
411 524 480 569 Ad
497 525 729 583 imaginem
753 539 896 579 suam,
924 542 943 565 »
970 524 1050 568 nisi
1067 525 1111 568 in
1135 524 1301 578 anima,
1323 538 1468 584 neque
1490 522 1600 567 illud
1625 521 1747 582 quod

352 595 517 641 dictum
552 605 640 650 cst,
675 614 695 637 (ι
721 594 965 639 Masculum
985 604 1028 639 ct
1049 594 1304 650 foeminam,
1332 614 1349 635 »
1389 593 1470 638 nisi
1496 594 1542 638 in
1564 608 1745 653 corpore

350 677 466 712 recte
501 666 798 725 intelligimus.
830 665 1045 711 Credatur
1073 682 1176 725 crgo
1204 666 1239 709 si
1264 665 1387 709 nulla
1424 665 1747 724 Scripturarum

351 739 582 784 auctoritas
604 754 679 782 seu
700 737 889 782 veritatis
909 739 1016 782 ratio
1035 736 1316 792 contradicit,
1334 736 1557 781 hominem
1578 736 1637 780 ita
1656 735 1749 780 fac-

355 822 445 855 tum
470 820 588 855 sexto
613 809 682 854 die
699 845 709 865 ,
743 819 793 854 ut
814 811 1005 870 corporis
1026 809 1206 870 quidem
1226 809 1408 853 humani
1432 809 1539 853 ratio
1567 806 1747 852 causalis

350 884 394 927 in
415 882 638 926 elementis
660 880 837 936 mundi,
865 881 1007 925 anima
1031 895 1133 925 vcro
1149 881 1239 941 jam
1261 880 1351 940 ipsa
1369 888 1606 934 crearetur,
1636 878 1749 923 sicut

351 954 552 1014 primitus
579 952 780 997 conditus
812 961 876 996 est
903 951 1016 1007 dies,
1049 960 1092 995 et
1120 959 1263 995 creata
1289 950 1444 995 lateret
1468 950 1515 994 in
1543 949 1748 1009 operibus

351 1026 446 1080 Dei,
467 1024 607 1069 donec
630 1039 725 1068 eam
748 1039 826 1068 suo
848 1031 1040 1084 tempore
1062 1020 1297 1077 sufflando,
1324 1021 1408 1067 hoc
1431 1029 1510 1076 cst,
1531 1020 1748 1080 inspiran-

351 1094 429 1151 do,
456 1094 643 1140 formato
665 1110 716 1139 ex
736 1093 842 1140 limo
865 1093 1037 1155 corpori
1061 1094 1283 1138 insereret.

349 1229 388 1247 ‘vla
393 1230 458 1246 xm
464 1230 529 1246 m
535 1230 744 1248 wwumvvt&
749 1230 815 1248 ἏΜ
820 1226 1748 1247 WWWWWMVWUMUVWWWWVWWWVVVUQWVW

864 1329 1082 1381 CAPUT
1118 1330 1276 1379 XXV.

350 1455 535 1500 Anima
557 1455 601 1500 si
620 1464 763 1501 extra
780 1469 955 1515 corpus
977 1451 1240 1506 existebat,
1266 1466 1333 1496 an
1354 1456 1523 1509 suopte
1541 1456 1659 1494 metu
1680 1446 1750 1493 ad

852 1538 1026 1583 0017)ch
1042 1523 1239 1567 venerit.

409 1652 615 1694 XXXVI.
645 1652 728 1695 SED
750 1650 821 1694 hic
838 1665 985 1693 rursus
1002 1664 1092 1693 non
1109 1647 1353 1709 spernenda
1376 1648 1520 1692 oritur
1541 1646 1741 1707 quaestio.

352 1722 394 1767 Si
417 1721 534 1765 enini
561 1722 652 1781 jam
676 1721 790 1765 facta
812 1730 904 1764 erat
932 1721 1101 1775 anima,
1139 1729 1182 1763 et
1213 1719 1403 1774 latebat,
1435 1717 1513 1762 ubi
1541 1718 1579 1761 ei
1603 1725 1747 1777 posset

349 1808 439 1836 esse
460 1791 615 1837 melius
643 1807 777 1853 quain
805 1791 896 1835 ibi?
926 1790 1044 1844 Quid
1074 1806 1177 1849 ergo
1202 1789 1286 1834 suit
1323 1804 1488 1843 causae,
1524 1797 1573 1832 ut
1602 1788 1745 1831 anima

350 1863 608 1908 innocenter
621 1864 770 1907 vivens
783 1863 1044 1906 insereretur
1058 1862 1158 1906 vitae
1172 1861 1303 1922 hujus
1315 1861 1468 1915 carnis,
1481 1860 1526 1903 in
1541 1875 1629 1919 qua
1649 1872 1746 1917 pec-

348 1935 489 1979 cando
505 1970 515 1990 ,
543 1935 685 1995 ipsum
716 1934 791 1995 qui
813 1949 909 1977 cam
928 1933 1088 1977 creavit
1111 1932 1379 1989 offenderet,
1400 1930 1518 1976 unde
1536 1946 1630 1974 eam
1649 1945 1744 1973 mc-

348 2007 430 2050 rito
444 2015 699 2067 sequeretur
716 2005 876 2050 laboris
889 2020 1084 2048 aerumna
1101 2003 1481 2063 damnationisque
1499 2001 1745 2046 cruciatus?

348 2082 416 2123 An
439 2078 551 2122 illud
574 2077 811 2123 dicendum
832 2086 895 2121 est
911 2113 921 2131 ,
945 2075 1066 2137 quod
1092 2075 1147 2120 ad
1165 2091 1322 2135 corpus
1345 2072 1741 2119 administrandum

347 2150 571 2194 voluntate
583 2150 759 2210 propria
774 2148 906 2192 fuerit
916 2147 1140 2203 inclinata,
1151 2147 1197 2190 in
1211 2162 1298 2207 qua
1308 2147 1397 2191 vita
1411 2144 1618 2204 corporis,
1635 2158 1744 2203 quo-

347 2223 462 2266 niam
481 2232 523 2266 ct
542 2223 658 2281 juste
676 2230 718 2265 et
732 2221 880 2281 inique
896 2219 983 2264 vivi
998 2228 1156 2278 potest,
1173 2217 1294 2278 quod
1312 2216 1490 2275 eligeret
1508 2216 1591 2260 hoc
1611 2214 1741 2258 habc-

346 2303 427 2348 ret,
442 2292 513 2338 vel
532 2292 755 2349 praemium
773 2291 828 2335 de
839 2290 1022 2351 justitia,
1037 2289 1103 2334 vcl
1130 2289 1185 2333 de
1201 2287 1430 2348 iniquitate
1452 2285 1734 2346 supplicium,

345 2375 396 2409 ut
418 2379 496 2408 nec
514 2363 576 2407 illi
599 2363 844 2423 apostolicae
862 2362 1086 2406 sententise
1109 2361 1161 2404 sit
1179 2360 1447 2405 contrarium
1464 2394 1474 2413 ,
1496 2373 1583 2419 qua
1601 2357 1736 2409 dicit,

346 2435 546 2481 nondum
574 2444 697 2480 natos
724 2433 833 2479 nihil
864 2433 998 2492 egisse
1028 2433 1134 2478 boni
1161 2447 1237 2477 scu
1261 2430 1421 2476 malim
1460 2429 1539 2474 llla
1569 2429 1739 2490 quippe

397 2540 404 2555 ¹
427 2536 518 2566 Rom.
540 2544 586 2573 ix,
610 2544 659 2564 11.
