1854 3219
362 216 415 242 DE
447 215 597 242 GENESI
629 213 684 241 An
716 215 954 254 LITTERAM,
990 217 1072 243 Lm.
1108 217 1169 242 xi.
1377 206 1459 245 563

80 278 234 325 tribuit
253 279 485 338 imaginem
506 279 610 323 Dei?
640 279 707 324 Sic
745 281 860 324 enim
891 281 949 324 ait
975 300 983 325 :
1013 300 1032 324 «
1057 281 1134 325 Vir
1164 281 1343 341 quidem
1372 298 1461 327 non

81 370 103 394 n
123 351 256 396 debet
268 351 412 398 velare
427 360 583 410 caput,
606 367 705 395 cum
723 352 778 396 sit
794 353 947 411 imago
961 362 1001 396 et
1025 353 1158 412 gloria
1178 354 1254 398 Dei
1277 373 1285 398 z
1305 353 1461 398 mulier

81 440 102 464 »
124 431 269 467 autem
293 422 427 481 gloria
447 421 528 466 viri
547 430 610 465 est
627 423 657 465 ¹.
689 440 709 462 »
726 424 822 466 Non
845 423 965 483 quod
980 439 1101 467 mens
1127 423 1323 468 foeminae
1340 440 1461 468 eam-

78 493 176 538 dem
209 493 442 552 imaginem
464 508 617 553 capere
641 502 743 537 nont
754 494 910 552 possit,
937 510 1037 538 cum
1060 495 1105 538 in
1127 494 1200 538 illa
1224 496 1359 553 gratia
1383 511 1462 539 nos

77 563 195 608 dieat
214 579 294 609 nec
315 562 556 608 masculum
575 578 664 608 esse
680 578 761 608 nec
784 561 1010 608 foeminam
1036 583 1044 608 :
1069 563 1144 608 sed
1162 564 1283 625 quod
1306 564 1464 609 fortas-

77 635 132 680 sis
151 635 225 680 illa
245 636 330 680 hoc
349 634 545 680 nondum
569 644 820 695 perceperat
840 634 961 695 quod
984 636 1033 679 fit
1053 636 1097 679 in
1120 637 1340 694 agnitione
1364 637 1457 692 Dei⁷

77 716 121 752 et
140 708 234 753 viro
255 716 432 766 regente
447 722 495 751 ac
508 706 784 766 dispensante
803 705 1013 765 paulatim
1031 705 1171 750 fuerat
1183 716 1456 766 perceptura.

75 781 227 840 Neque
267 779 384 823 enim
425 777 584 822 frustra
620 786 684 822 est
719 775 828 822 illud
856 811 867 832 ,
912 777 1036 836 quod
1075 777 1307 836 Apostolus
1350 779 1408 822 ait
1450 798 1459 824 :

78 867 101 892 «
120 848 260 894 Adam
277 850 393 893 enim
415 848 581 909 primus
603 847 814 892 formatus
829 856 914 902 est,
932 846 1088 891 deinde
1111 851 1199 892 Eva
1227 867 1234 893 :
1256 858 1299 892 et
1320 848 1463 894 Adam

78 937 99 962 »
125 933 215 965 non
243 928 306 964 est
331 917 552 975 seductus,
576 918 734 963 mulier
757 928 901 963 autem
929 918 1106 963 seducta
1133 920 1178 962 in
1203 920 1462 979 praevarica-

78 1009 100 1033 »
124 992 244 1036 tione
265 990 377 1035 facta
395 994 515 1049 est23
538 1008 558 1032 >2
583 990 629 1034 id
647 999 731 1045 est,
758 999 807 1034 ut
830 1005 907 1050 per
928 989 1047 1034 illam
1066 990 1194 1034 etiam
1212 992 1275 1035 vir
1291 1007 1461 1051 praeva-

75 1063 328 1108 ricaretur-³.
347 1064 457 1107 Nam
475 1071 517 1106 et
539 1062 681 1121 ipsum
708 1059 814 1105 dicit
834 1062 1225 1120 praevaricatorem,
1255 1062 1331 1105 ubi
1362 1063 1421 1106 ait
1447 1080 1458 1107 ι

78 1152 100 1176 «
137 1135 190 1177 In
217 1131 546 1177 similitudinem
587 1131 950 1192 praevaricationis
984 1132 1091 1177 Adae
1120 1133 1195 1193 qui
1227 1142 1290 1177 est
1321 1132 1462 1177 forma

77 1222 98 1246 n
123 1204 303 1250 futuri&
332 1223 353 1245 η
383 1203 620 1250 Seductum
637 1214 784 1248 tamen
806 1212 950 1263 negat.
976 1206 1086 1249 Nam
1107 1213 1150 1248 et
1171 1204 1462 1264 interrogatus

74 1293 165 1322 non
186 1277 245 1322 ait
271 1296 280 1321 :
311 1296 331 1319 «
355 1274 514 1321 Mulier
535 1290 669 1336 quam
693 1274 850 1320 dedisti
871 1291 1042 1321 mecum
1071 1311 1082 1331 ‚
1109 1275 1279 1320 seduxit
1300 1290 1390 1332 me,
1416 1284 1462 1321 et

76 1365 99 1392 »
120 1348 381 1394 manducavi
407 1367 416 1394 ε
440 1366 460 1389 »
475 1347 567 1404 sed,
585 1367 605 1390 «
621 1351 717 1408 Ipsa
740 1348 868 1402 mihi,
890 1348 1049 1409 inquit,
1076 1346 1197 1392 dedit
1219 1364 1241 1392 a
1263 1347 1399 1407 ligno,
1416 1356 1460 1392 et

76 1437 98 1463 »
120 1420 396 1466 manducavi.
425 1419 542 1465 »Illa
562 1435 680 1474 vero,
699 1437 719 1461 »
735 1422 933 1479 Serpens,
957 1419 1117 1480 inquit⁷
1144 1418 1315 1463 seduxit
1331 1435 1414 1463 me.
1437 1440 1455 1461 »

133 1493 249 1536 LIX.
276 1495 342 1536 Ita
373 1490 577 1536 Salomon
603 1491 668 1535 vir
699 1498 832 1534 tantae
852 1489 1108 1549 -sapientiae,
1139 1489 1461 1550 numquidnam

73 1561 341 1607 credendum
363 1571 442 1617 est,
460 1562 581 1622 quod
601 1562 647 1606 in
669 1560 999 1605 simulacrorum
1022 1560 1146 1604 cultu
1167 1560 1350 1605 credidit
1372 1577 1461 1606 esse

71 1631 238 1694 aliquid
272 1632 498 1677 utilitatis?
529 1632 605 1676 sed
644 1631 878 1675 mulierum
911 1631 1047 1675 amori
1082 1632 1137 1675 ad
1177 1632 1261 1676 hoc
1296 1632 1461 1676 malum

70 1703 260 1747 trahenti
283 1703 476 1747 resistere
497 1718 588 1746 non
617 1701 822 1756 evaluit⁵‚
853 1700 1014 1745 faciens
1037 1701 1157 1761 quod
1185 1702 1347 1746 sciebat
1370 1718 1458 1746 non

71 1790 161 1819 esse
188 1773 460 1828 faciendum,
485 1789 540 1817 ne
562 1789 681 1829 suas,
706 1773 866 1833 quibus
889 1772 1114 1833 deperibat
1131 1783 1262 1833 atque
1280 1773 1457 1817 difflue-

70 1845 171 1900 bat,
194 1843 437 1890 mortiferas
458 1843 633 1888 delicias
652 1843 940 1888 contristaret.
964 1847 1029 1887 Ita
1052 1853 1095 1887 et
1108 1844 1269 1899 Adam,
1294 1854 1459 1903 postea-

71 1931 205 1976 quam
238 1914 293 1960 de
331 1914 449 1973 ligno
487 1914 711 1974 prohibito
743 1913 921 1958 seducta
959 1914 1116 1958 mulier
1148 1915 1454 1979 manducavit,

71 1985 198 2047 eique
227 1985 350 2030 dedit
381 1995 432 2029 ut
464 1984 592 2030 simul
628 1984 833 2039 ederent,
865 1983 1007 2029 noluit
1034 2000 1129 2029 eam
1152 1986 1406 2029 contristare
1421 1988 1454 2042 ⁰,

71 2073 202 2119 quam
223 2057 429 2102 credebat
450 2072 574 2117 posse
596 2059 688 2101 sine
709 2071 788 2101 suo
809 2055 963 2100 solatio
985 2056 1290 2101 contabescere
1308 2092 1318 2112 ‚
1345 2058 1379 2101 si
1404 2057 1460 2101 ab

71 2130 163 2190 ejus
179 2127 441 2173 alienaretur
462 2128 632 2184 animo,
664 2137 707 2172 et
728 2127 907 2172 omnino
929 2127 1003 2172 illa
1025 2128 1201 2172 interire
1225 2127 1454 2173 discordia.

70 2202 168 2246 Non
189 2199 370 2260 quidem
395 2199 534 2244 carnis
555 2199 695 2243 victus
712 2198 1061 2258 concupiscentia
1077 2232 1088 2253 ‚
1111 2214 1245 2259 quarn
1262 2200 1462 2244 nondum

71 2280 263 2315 senserat
282 2270 328 2315 in
354 2271 577 2315 resistente
601 2268 695 2327 lege
724 2270 1022 2314 membrorum
1045 2267 1131 2328 legi
1160 2270 1316 2314 mentis
1343 2286 1459 2329 suae3

71 2341 149 2385 sed
174 2341 342 2385 amicali
362 2339 900 2402 quadambenevolentia‚
933 2356 1019 2400 qua
1047 2339 1306 2400 plerumque
1338 2341 1386 2384 fit
1408 2350 1460 2385 ut

71 2411 322 2456 offendatur
341 2414 455 2456 Deus
472 2447 484 2467 ‚
508 2427 563 2455 ne
590 2411 724 2456 homo
745 2426 796 2455 ex
818 2410 957 2455 amico
978 2411 1055 2454 fiat
1076 2410 1276 2456 inimicus
1299 2430 1308 2456 ε
1334 2410 1457 2472 quod

121 2514 130 2531 ¹
155 2519 168 2540 1
187 2510 261 2549 Cor.
284 2506 329 2550 xi,
357 2518 387 2550 7.
406 2525 448 2531 —
475 2515 488 2531 ²
511 2520 522 2540 1
544 2507 624 2540 Tim.
644 2519 679 2550 n,
702 2507 752 2539 13.
781 2524 823 2529 —
843 2504 857 2529 3
876 2515 894 2539 2
913 2507 1003 2539 Sent.
1029 2505 1104 2538 dist.
1137 2517 1219 2546 xx11,
1246 2517 1318 2549 cap.
1354 2506 1457 2539 Solet.

74 2580 116 2588 —-
137 2562 154 2590 ⁴
170 2566 260 2597 Rom.
283 2575 315 2607 v,
339 2563 390 2607 14.
409 2581 451 2588 --
467 2561 482 2587 5
497 2564 515 2597 3
533 2566 610 2607 Reg-
637 2562 724 2605 xi‚4.
742 2580 784 2605 .—
801 2560 816 2586 6
834 2571 853 2595 2
878 2563 968 2595 Sent.
988 2562 1061 2594 dist.
1081 2572 1158 2604 xxn,
1178 2573 1248 2605 cap.
1270 2562 1332 2594 Ex
1351 2574 1430 2607 quo.

1261 2616 1326 2655 36.
