1854 3219
350 196 404 223 DE
436 194 586 223 GENESI
619 191 673 221 An
706 191 952 232 ιΙΤΤΕιιΑΜ,
987 193 1069 219 Lm.
1106 192 1168 218 XI.
1384 178 1468 217 519

606 475 823 527 CAPUT
861 478 947 526 IV.

357 636 585 683 Tentatz'o
606 633 811 681 hominis
827 646 979 694 quare
996 632 1249 695 permissa.

148 775 226 819 VI.
262 775 310 819 S1
330 788 433 833 ergo
454 773 688 835 quaeritur,
719 787 798 817 cur
817 774 932 816 Deus
957 769 1117 815 tentari
1136 768 1378 830 permiserit
1398 769 1482 814 ho-

86 845 272 900 minem,
297 860 429 905 quem
446 845 652 890 tentatori
675 858 989 890 consensurum
1011 857 1100 886 csse
1111 840 1366 903 praesciebat
1382 877 1393 897 ,
1418 840 1483 885 al-

86 916 320 977 titudinem
342 915 521 977 quidem
543 915 711 961 consilii
737 917 827 976 ejus
849 924 1077 975 penetrare
1099 930 1189 958 non
1210 928 1383 973 possum
1399 948 1410 968 ‚
1439 921 1483 957 et

85 986 216 1046 longe
237 993 365 1047 supra
379 987 490 1032 vires
511 1003 628 1032 meas
645 988 729 1032 hoc
750 1001 840 1031 esse
862 985 1087 1031 confiteor.
1112 987 1192 1029 Est
1213 999 1316 1042 ergo
1339 983 1484 1044 aliqua

86 1074 214 1103 causa
237 1057 425 1103 fortassis
443 1057 676 1114 occultior,
708 1074 808 1118 quae
830 1056 1083 1101 melioribus
1105 1053 1484 1114 sanctioribusque

87 1138 352 1184 reservatur,
378 1127 492 1173 illius
514 1129 649 1188 gratia
670 1128 817 1188 potius
840 1143 972 1188 quam
997 1127 1163 1171 meritis
1196 1140 1375 1183 eorum3
1407 1123 1485 1168 sed

86 1208 233 1244 tamen
271 1208 485 1261 quantum
517 1198 587 1243 vel
616 1198 752 1244 donat
780 1213 948 1258 sapere,
986 1196 1056 1242 vel
1076 1197 1176 1241 sinit
1198 1196 1341 1241 dicere
1358 1231 1368 1251 ,
1394 1209 1485 1238 non

84 1270 193 1314 mihi
225 1269 400 1315 videtur
422 1285 592 1328 magnae
625 1270 765 1315 laudis
789 1269 990 1314 futurum
1017 1267 1148 1313 fuisse
1169 1268 1414 1322 hominem,
1449 1265 1484 1309 si

84 1349 314 1399 propterea
335 1349 478 1398 posset
500 1340 612 1384 bene
632 1340 776 1385 vivere
792 1374 803 1393 ,
829 1340 932 1400 quia
954 1354 1082 1383 nemo
1095 1337 1207 1382 male
1220 1338 1364 1381 vivere
1381 1351 1483 1380 sua-

85 1409 209 1455 deret
226 1432 236 1469 3
260 1419 421 1455 cumet
432 1410 478 1453 in
495 1418 649 1454 natura
662 1425 786 1469 posse
798 1445 808 1464 ‚
835 1418 878 1453 et
894 1410 938 1452 in
951 1417 1163 1468 potestate
1176 1407 1358 1452 haberet
1368 1406 1483 1452 velle

85 1497 177 1526 non
198 1481 443 1541 consentire
461 1480 683 1535 suadenti,
709 1480 944 1540 adjuvante
968 1489 1114 1523 tamen
1135 1478 1211 1523 illo
1233 1477 1308 1539 qui
1330 1492 1483 1538 super-

86 1552 153 1597 bis
173 1552 349 1607 resistit,
374 1550 614 1596 humilibus
632 1560 775 1595 autem
798 1549 873 1595 dat
896 1549 1110 1608 gratiam1.
1127 1548 1484 1608 Curitaqueten-

86 1623 167 1668 tari
199 1639 289 1668 non
321 1623 502 1679 sineret,
534 1638 664 1684 quem
721 1637 1033 1667 consensurum
1066 1636 1155 1665 esse
1185 1620 1443 1680 praesciebat
1468 1655 1480 1676 ,

86 1708 187 1738 curn
219 1693 266 1738 id
296 1692 492 1738 facturus
515 1703 625 1738 esset
647 1693 822 1753 propria
844 1692 1072 1736 voluntate
1093 1706 1172 1750 per
1198 1690 1373 1750 culpam
1389 1725 1399 1745 7
1439 1699 1484 1735 et

87 1763 356 1809 ordinandus
374 1773 482 1808 esset
504 1762 619 1807 illius
641 1763 848 1823 aequitate
871 1778 948 1821 per
969 1776 1174 1821 poenam:
1200 1770 1252 1804 ut
1273 1760 1403 1804 etiam
1423 1760 1483 1805 sic

85 1833 335 1879 ostenderet
374 1835 530 1879 animae
570 1833 769 1894 superbae
812 1831 867 1876 ad
906 1830 1197 1875 eruditionem
1229 1830 1480 1874 futurorum

86 1914 335 1950 sanctorum
352 1942 362 1962 ,
388 1921 521 1967 quam
543 1915 659 1949 recte
681 1905 771 1965 ipse
794 1912 991 1947 uteretur
1013 1902 1257 1947 animarum
1280 1900 1484 1946 volunta-

85 1974 204 2019 tibus
231 1975 361 2020 etiam
395 1976 538 2031 malis,
575 1991 675 2020 cum
705 1974 792 2019 illae
824 1989 1023 2034 perverse
1056 1981 1285 2017 uterentur
1313 1972 1480 2016 naturis

87 2045 228 2090 bonis.

135 2149 144 2164 ¹
162 2141 278 2174 Jacob.
298 2153 341 2184 w,
363 2145 395 2174 6.
