1854 3219
329 220 383 245 m:
415 221 565 253 samm
597 218 653 245 An
685 218 929 255 erTEnAM,
966 220 1048 246 Lm.
1085 220 1180 245 vm.
1368 205 1450 244 407

71 296 204 342 quam
223 281 368 326 littera
382 292 528 336 sonat,
553 290 597 325 et
617 290 760 341 potest
780 281 940 324 evitare
962 281 1273 340 blasphemias,
1298 290 1342 324 et
1360 296 1456 325 om-

70 353 142 396 nia
166 353 452 411 congruentia
479 352 582 396 fidei
605 350 830 396 catholicae
852 351 1103 410 praedicare,
1129 368 1219 396 non
1245 351 1390 396 solum
1417 352 1457 395 ei

70 438 162 468 non
183 432 248 466 est
272 420 578 478 invidendum,
608 420 684 466 sed
715 421 958 481 praecipuus
994 421 1270 483 multumque
1300 421 1458 466 lauda-

70 491 170 537 bilis
190 491 436 537 intellector
456 491 685 537 habendus
706 501 785 536 est.
813 492 857 537 Si
879 503 1024 537 autem
1046 492 1194 537 nullus
1218 493 1358 537 exitus
1379 495 1458 537 da-

71 572 161 619 tur,
184 572 235 607 ut
259 563 330 624 pie
351 571 396 607 et
418 562 549 622 digne
573 565 664 608 Deo
684 577 787 623 quae
813 563 971 623 scripta
997 572 1099 608 sunt
1129 562 1430 622 intelligantur
1445 599 1456 619 ,

71 633 156 678 nisi
176 633 359 693 figurate
381 642 512 694 atque
537 633 584 678 in
616 633 922 693 aenigmatibus
952 634 1173 694 proposita
1196 634 1276 679 ista
1307 634 1462 679 creda-

71 720 192 762 mus,
222 705 433 750 habentes
465 705 771 750 auctoritatem
801 705 1104 765 apostolicam,
1131 723 1155 751 a
1182 706 1343 767 quibus
1371 715 1463 750 tam

71 775 210 822 multa
235 775 291 821 de
324 775 445 823 libris
468 777 634 823 Veteris
663 778 926 822 Testamenti
949 777 1179 823 solvuntur
1206 778 1460 837 aenigmata,

70 848 253 893 modum
275 863 410 908 quem
438 847 705 893 intendimus
734 857 982 904 teneamus,
1016 850 1252 909 adjuvante
1280 848 1355 894 illo
1386 850 1464 910 qui

69 934 149 964 nos
170 927 339 978 petere,
363 934 560 979 quaerere
591 929 637 963 et
663 918 834 979 pulsare
862 918 1121 965 adhortatur
1143 923 1157 946 1
1184 940 1194 965 :
1229 929 1281 965 ut
1312 936 1464 965 omnes

69 990 170 1036 istas
192 990 352 1049 figuras
369 1005 516 1035 rerum
537 990 782 1036 secundum
803 991 1064 1037 catholicam
1084 992 1233 1049 fidem,
1255 993 1344 1038 sive
1365 1008 1465 1053 quae

68 1060 125 1106 ad
139 1060 379 1118 historiam,
403 1062 492 1107 sive
511 1077 613 1123 quae
634 1061 689 1107 ad
710 1062 984 1122 prophetiam
1007 1064 1243 1122 pertinent,
1268 1062 1462 1123 explice-

69 1148 182 1189 mus,
203 1148 294 1178 non
315 1134 650 1194 praejudicantes
673 1133 844 1179 meliori
864 1134 1221 1196 diligentiorique
1242 1135 1464 1191 tractatui,

69 1203 158 1250 sive
169 1219 247 1264 per
259 1219 355 1260 nos,
375 1204 463 1249 sive
477 1220 554 1264 per
572 1204 693 1260 alios,
716 1205 877 1265 quibus
890 1206 1100 1249 Dominus
1114 1205 1305 1250 revelare
1318 1206 1469 1263 digna-

68 1283 156 1319 tur.
183 1293 204 1316 »
232 1278 338 1319 Haec
368 1284 475 1320 tune
504 1275 609 1318 dixi.
637 1278 764 1319 Nunc
790 1284 936 1319 autem
964 1275 1068 1335 quia
1093 1275 1235 1320 voluit
1256 1276 1469 1321 Dominus

69 1354 121 1390 ut
141 1360 192 1389 ea
210 1343 464 1403 diligentius
486 1345 662 1388 intuens
684 1353 816 1404 atque
839 1345 1133 1401 considerans,
1158 1362 1250 1391 non
1276 1346 1438 1391 frustra
1453 1383 1465 1404 ,

69 1425 286 1477 quantum
308 1415 480 1475 opinor,
507 1415 795 1460 existimarem
817 1416 948 1460 etiam
969 1432 1047 1476 per
1068 1431 1138 1460 me
1158 1433 1284 1477 posse
1307 1433 1468 1462 secun-

70 1487 178 1532 dum
207 1487 428 1546 propriam
445 1522 456 1542 ,
491 1502 582 1531 non
610 1485 852 1531 secundum
890 1486 1166 1546 allegoricam
1195 1488 1467 1534 locutionem

68 1559 165 1603 haec
186 1557 345 1617 scrIpta
366 1573 457 1602 esse
478 1557 711 1602 monstrari
727 1593 739 1612 ,
765 1557 878 1602 sicut
900 1573 949 1602 ea
970 1575 1070 1619 quae
1095 1560 1292 1619 superius
1323 1560 1467 1605 valui-

69 1643 166 1674 mus
181 1627 426 1684 ostendere,
451 1628 513 1673 sic
534 1628 666 1674 etiam
687 1644 787 1689 quae
807 1640 1054 1689 sequuntur
1069 1631 1124 1676 de
1141 1631 1343 1691 paradiso
1366 1647 1468 1692 per-

70 1709 334 1744 scrutemur.

592 1978 812 2030 CAPUT
850 1981 945 2029 ΙΙΙ.

257 2112 561 2171 Tractantur
571 2112 794 2160 versiculi
813 2121 837 2160 8
859 2123 905 2160 et
929 2120 956 2159 9
978 2112 1222 2162 Geneseos
1242 2134 1292 2163 11.

129 2253 208 2297 VI.
236 2270 258 2295 «
280 2254 534 2300 PLANTAvn·
554 2267 658 2311 ergo
679 2254 795 2298 Deus
811 2252 1063 2313 paradisum
1082 2253 1130 2298 in
1142 2252 1307 2299 deliciis
1319 2289 1331 2311 ,
1348 2256 1367 2313 (
1377 2254 1462 2300 hoc

73 2341 96 2366 »
130 2331 196 2368 est
212 2322 329 2367 enim
342 2322 389 2367 in
404 2322 531 2370 Eden
541 2325 586 2383 ,)
603 2323 660 2368 ad
671 2323 910 2381 Orientem,
926 2334 971 2369 et
985 2325 1132 2385 posuit
1142 2324 1206 2369 ibi
1219 2325 1460 2381 hominem,

75 2411 98 2458 '’.
131 2408 265 2457 quem
277 2393 474 2442 finxerat.
494 2412 515 2437 »
538 2394 606 2440 Sic
623 2394 741 2439 enim
757 2395 968 2456 scriptum
988 2405 1068 2452 est,
1086 2396 1190 2457 quia
1211 2396 1272 2449 sic
1292 2395 1459 2441 factum

71 2475 151 2523 est.
177 2464 344 2514 Deinde
365 2465 646 2528 recapitulat,
670 2476 722 2512 ut
741 2467 826 2514 hoc
853 2468 997 2528 ipsum
1017 2467 1138 2530 quod
1158 2469 1348 2518 breviter
1372 2483 1455 2527 po-

121 2568 129 2584 ¹
143 2561 256 2593 Manli.
273 2572 327 2603 vn,
347 2572 377 2603 7.
