1854 3219
411 209 496 249 330
863 216 896 246 s.
933 215 1162 247 AUGUSTINI
1193 218 1377 246 Emscom

467 288 584 330 XLI.
615 283 699 330 Sed
720 283 850 344 plane
866 284 899 328 si
917 283 1106 345 aliquam
1121 293 1363 329 ereaturam
1382 283 1440 327 sic
1459 298 1560 327 eum
1584 298 1702 327 nunc
1715 283 1800 327 ins-

410 359 566 402 tituere
599 355 920 416 putaverimus,
951 364 1002 399 ut
1020 371 1155 415 genus
1178 357 1269 416 ejus
1297 354 1449 414 primce
1472 353 1535 398 illi
1559 353 1799 399 conditioni

409 444 499 472 non
531 425 759 471 inseruerit
775 460 786 480 ‚
813 434 960 485 aperte
981 425 1320 471 contradicimus
1347 426 1511 470 dicenti
1535 425 1770 485 Scripturae
1785 459 1796 480 ‚

408 497 531 560 quod
563 497 927 542 consummaverit
949 498 1094 542 omnia
1115 513 1247 557 opera
1268 511 1342 540 sua
1369 496 1415 540 in
1437 495 1507 539 die
1529 498 1688 540 sexto1.
1723 498 1803 541 Se-

408 568 606 616 cundum
628 568 701 613 illa
724 568 841 611 enim
863 584 1018 628 genera
1040 585 1207 624 rerum,
1239 584 1338 628 quae
1359 567 1551 627 primum
1575 566 1797 624 condidit,

408 658 522 687 nova
545 656 647 685 eum
665 639 804 684 multa
828 637 992 696 facere,
1013 657 1112 701 quae
1134 649 1240 684 tunc
1255 655 1345 683 non
1366 638 1470 683 fecit
1483 674 1494 693 ,
1519 637 1801 683 manifestum

408 722 486 758 cst.
509 715 682 758 Novum
704 720 850 755 autem
869 727 1004 771 genus
1023 712 1249 757 instituere
1261 709 1380 755 credi
1396 718 1511 754 recte
1527 725 1618 754 non
1634 718 1798 769 potest,

408 783 619 844 quoniam
635 791 742 827 tunc
767 782 913 827 omnia
936 782 1270 828 consummavit.
1292 783 1442 826 Movet
1462 780 1610 841 itaque
1631 779 1804 825 occulta

406 854 604 915 potentia
626 853 874 899 universam
891 862 1137 898 creaturam
1156 867 1295 907 suam,
1316 866 1456 912 eoque
1477 859 1603 895 motu
1620 849 1694 895 illa
1711 865 1805 895 ver-

408 934 514 981 sata⁷
542 924 650 969 dum
667 924 822 983 Angeli
830 926 950 985 jussa
962 924 1214 985 perficiunt,
1231 922 1339 967 dum
1355 922 1630 967 circumeunt
1646 920 1802 975 sidera,

408 997 517 1041 dum
553 996 771 1041 alternant
801 997 943 1052 venti,
976 995 1083 1040 dum
1106 995 1284 1054 abyssus
1307 1008 1521 1054 aquarum
1546 992 1739 1053 lapsibus
1760 1002 1805 1038 et

408 1068 587 1113 diversis
610 1068 737 1112 etiam
762 1083 840 1128 per
862 1071 1006 1112 aerem
1027 1065 1437 1126 conglobationibus
1460 1065 1669 1124 agitatur,
1695 1063 1803 1108 dum

408 1141 546 1185 vireta
566 1139 789 1200 pullulant
811 1175 821 1194 ,
843 1155 1009 1201 suaque
1032 1140 1197 1184 semina
1220 1138 1452 1193 evolvunt,
1479 1135 1585 1181 dum
1602 1135 1804 1181 animalia

410 1211 653 1270 gignuntur
668 1245 680 1265 ‚
704 1210 913 1270 varioque
943 1211 1139 1270 appetitu
1160 1209 1357 1269 proprias
1379 1208 1487 1253 vitas
1517 1216 1676 1266 agunt,
1697 1206 1804 1251 dum

409 1281 549 1342 iniqui
565 1282 703 1341 justos
718 1295 918 1325 exercere
935 1281 1251 1340 permittuntur
1269 1315 1279 1335 ,
1298 1278 1483 1339 explicat
1496 1272 1655 1323 'saecula
1667 1314 1678 1333 ,
1703 1294 1804 1339 quae

409 1350 471 1395 illi
491 1367 593 1396 cum
614 1352 808 1411 primum
838 1351 1015 1396 condita
1037 1360 1102 1396 est
1118 1360 1331 1412 tanquam
1354 1349 1504 1410 plicita
1538 1348 1756 1393 indiderat
1789 1369 1798 1393 ε

407 1440 509 1484 quae
540 1433 688 1468 tamen
720 1424 765 1468 in
795 1439 895 1468 suos
928 1438 1081 1468 cursus
1103 1439 1194 1467 non
1217 1422 1562 1482 explicarentur,
1588 1420 1623 1466 si
1660 1436 1710 1465 ea
1731 1420 1806 1465 ille

408 1495 485 1556 qui
506 1493 729 1551 condidit,
753 1493 935 1555 provido
952 1504 1080 1539 motu
1100 1493 1400 1539 administrare
1422 1501 1621 1538 cessaret.

407 1639 1050 1658 mmvmmmssmmmlm
1054 1639 1619 1656 WQNWVWWUMWKMWWVVWWW
1624 1639 1764 1656 Μ
1769 1639 1804 1656 Μ

911 1762 1129 1811 CAPUT
1177 1763 1318 1810 XXI.

613 1907 792 1954 Omnia
806 1904 1076 1970 gabernari
1095 1904 1262 1953 divina
1279 1903 1602 1967 providentia.

467 2045 611 2089 XLII.
629 2045 870 2089 Annonam
883 2052 1029 2089 autem
1052 2059 1131 2090 nos
1145 2052 1318 2104 oportet
1333 2043 1400 2099 iis,
1419 2058 1519 2104 quae
1539 2042 1587 2087 in
1603 2051 1804 2103 tempore

406 2115 654 2161 formantur
672 2125 803 2176 atque
816 2124 1057 2161 nascuntur
1068 2151 1079 2171 ,
1099 2114 1323 2176 quomodo
1344 2115 1425 2159 ista
1442 2113 1718 2160 considerare
1730 2113 1804 2159 de-

406 2187 602 2233 beamus.
619 2190 718 2233 Non
732 2187 850 2232 enim
868 2186 1028 2232 frustra
1042 2186 1097 2232 de
1114 2187 1334 2248 Sapientia
1348 2187 1559 2246 scriptum
1572 2195 1658 2243 est,
1680 2186 1802 2247 quod

406 2258 672 2302 amatoribus
694 2258 779 2302 suis
823 2257 1016 2303 ostendit
1037 2274 1081 2303 se
1102 2259 1150 2302 in
1181 2258 1260 2303 viis
1281 2257 1494 2314 hilariter,
1536 2267 1580 2302 et
1600 2258 1646 2302 in
1684 2258 1802 2303 omni

405 2328 680 2390 providentia
701 2329 891 2374 occurrit
907 2328 1024 2373 illis'2.
1048 2332 1136 2375 Nec
1161 2329 1340 2374 omnino
1363 2328 1573 2374 audiendi
1590 2338 1706 2385 sunt,
1724 2330 1802 2390 qui

405 2411 674 2461 putaverunt
695 2400 903 2445 sublimes
916 2400 1095 2461 quidem
1117 2400 1272 2446 mundi
1293 2410 1436 2461 partes
1452 2438 1463 2458 ,
1489 2401 1535 2446 id
1548 2411 1628 2457 651,
1654 2417 1677 2445 3
1691 2417 1800 2445 con-

406 2472 513 2518 finio
549 2472 884 2532 corpulentioris
906 2472 1013 2516 a'e'ris
1034 2473 1164 2532 hujus
1198 2481 1241 2518 et
1271 2487 1426 2532 supra,
1469 2471 1617 2518 divina
1644 2473 1796 2532 provi-

454 2576 463 2592 ῑ
486 2572 564 2602 Gen.
579 2580 613 2611 11,
633 2578 665 2603 2.
685 2586 726 2592 —-
750 2576 762 2592 2
781 2570 854 2611 Sap.
875 2580 920 2610 vi,
944 2580 995 2610 ¹7·
