1854 3219
435 198 515 236 114
858 211 890 237 s.
928 209 1156 239 Aue-usum
1190 213 1370 240 Episcom

427 283 807 321 commemoratur.
834 275 1046 335 Allegoria
1061 313 1071 333 ‚
1095 293 1194 323 cum
1216 280 1396 338 figurate
1423 277 1538 324 dicta
1561 279 1814 340 intelligun-

426 355 510 390 tur.
562 345 771 405 Analogia
795 382 806 401 ,
852 363 951 392 cum
996 349 1162 394 Veteris
1205 360 1248 394 et
1284 351 1394 396 Novi
1439 354 1815 396 Testamentorum

423 417 707 475 congruentia
753 417 1089 464 demonstratur.
1141 420 1404 481 AEtiologia,
1448 438 1551 467 eum
1596 421 1815 468 dictorum

424 488 729 550 factorumque
751 505 893 535 eausae
917 490 1176 536 redduntur.

423 645 1811 668 MMWRAMKOEJKSWMMMNRMMVUMlwssstvssfflMSssAKSW'mwMKWUMWNN

956 759 1031 807 CA
1044 761 1173 808 FUT
1215 762 1305 807 131.

668 902 718 948 Ε
721 904 952 963 aponitar
963 903 1223 949 versiculus
1248 912 1265 948 1
1295 903 1550 950 Geneseos.

477 1040 548 1082 Vl.
582 1041 672 1084 Hoc
705 1054 808 1099 ergo
840 1040 961 1100 quod
996 1040 1207 1101 scriptum
1230 1050 1318 1096 est,
1349 1060 1365 1081 «
1388 1043 1440 1084 In
1472 1040 1686 1101 principio
1708 1041 1811 1086 fecit

421 1128 441 1152 »
477 1112 591 1154 Deus
607 1110 768 1155 coelum
790 1120 834 1155 et
857 1120 1014 1155 terrain
1034 1130 1053 1152 »
1069 1147 1080 1167 ,
1099 1112 1236 1172 quaeri
1257 1121 1420 1171 potest,
1441 1121 1591 1157 utrum
1613 1121 1810 1157 tantum-

416 1182 550 1227 modo
586 1181 829 1227 seeundum
870 1183 1092 1228 historiam
1131 1183 1436 1243 accipiendum·
1474 1185 1554 1241 sit,
1592 1200 1647 1229 an
1679 1185 1811 1229 etiam

413 1253 599 1311 figurate
629 1252 796 1314 aliquid
827 1253 1067 1312 significet,
1095 1263 1139 1297 et
1171 1255 1396 1315 quomodo
1422 1264 1635 1315 congruat
1661 1258 1810 1301 Evan-

415 1323 528 1383 gelio
543 1359 554 1380 ,
581 1333 624 1368 et
641 1340 727 1385 qua
751 1340 880 1369 eausa
901 1323 1013 1369 liber
1034 1324 1114 1369 iste
1131 1325 1190 1370 sie
1211 1325 1440 1370 inchoatus
1461 1327 1528 1370 sit.
1559 1325 1811 1372 Secundum

414 1395 637 1439 historiam
660 1405 806 1440 autem
828 1395 1056 1456 quaeritur,
1089 1395 1198 1456 quid
1230 1397 1284 1440 sit
1312 1416 1332 1439 «
1366 1400 1417 1441 In
1449 1397 1664 1462 principio
1691 1417 1710 1439 »
1727 1432 1738 1453 ‚
1764 1397 1811 1443 id

411 1477 476 1512 est
497 1477 647 1513 utrum
670 1468 715 1513 in
738 1468 949 1529 principio
976 1469 1184 1528 temporis
1201 1504 1211 1524 ‚
1247 1485 1304 1513 an
1326 1470 1372 1513 in
1402 1470 1616 1529 principio
1642 1470 1688 1514 in
1718 1470 1810 1531 ipsa

414 1540 631 1601 Sapientia
654 1540 731 1586 Dei
748 1577 758 1597 ‚
779 1541 882 1601 quia
905 1540 1054 1600 etipse
1072 1541 1148 1584 Dei
1168 1540 1305 1585 Filius
1326 1541 1592 1601 principium
1611 1557 1655 1586 se
1676 1542 1805 1598 dixit,

410 1612 590 1675 quando
613 1613 652 1657 ei
674 1612 843 1658 dictum
865 1622 928 1657 est
946 1635 956 1671 3
981 1633 1001 1656 α
1022 1616 1087 1657 Tu
1109 1613 1206 1673 quis
1225 1629 1292 1669 053
1318 1622 1361 1657 et
1380 1614 1486 1658 dixit
1509 1634 1517 1658 2
1539 1614 1808 1674 Principium

415 1702 435 1726 »
471 1684 592 1745 quod
624 1693 667 1729 et
702 1684 860 1746 loquor
892 1684 1063 1729 vohis1.
1093 1701 1114 1725 ³>
1158 1686 1235 1727 Est
1265 1683 1381 1727 enim
1414 1684 1683 1744 Principium
1717 1686 1809 1730 sine

408 1756 646 1817 principiQ
666 1766 710 1800 et
731 1765 795 1801 est
817 1754 1085 1816 Principium
1102 1754 1156 1799 de
1179 1754 1263 1799 alio
1282 1755 1516 1815 Principio.
1539 1757 1808 1817 Principium

413 1826 505 1872 sine
528 1826 744 1887 principio
776 1826 891 1872 solus
914 1830 1040 1871 Pater
1062 1836 1126 1871 est
1141 1863 1151 1883 ‚
1173 1825 1273 1871 ideo
1300 1842 1351 1871 ex
1373 1843 1463 1871 uno
1482 1826 1696 1887 principio
1718 1843 1809 1874 esse

410 1898 555 1944 omnia
588 1897 805 1943 credimus
827 1917 836 1943 ε
861 1897 996 1942 Filius
1016 1908 1165 1942 autem
1191 1898 1250 1942 ita
1273 1897 1541 1958 Principium
1566 1908 1629 1943 est
1644 1934 1654 1954 ‚
1680 1908 1731 1943 ut
1752 1899 1807 1944 de

409 1973 537 2015 Patre
569 1970 637 2014 sit.
671 1973 768 2030 Ipsa
789 1970 920 2014 etiam
942 1969 1080 2029 prima
1102 1978 1298 2013 creatura
1328 1968 1638 2015 intellectualis
1661 1979 1806 2030 potest

409 2040 495 2086 dici
515 2042 780 2102 principium
801 2041 866 2096 iis,
886 2041 1047 2101 quibus
1064 2049 1196 2100 caput
1212 2049 1292 2096 est,
1312 2056 1411 2100 quae
1431 2039 1534 2086 fecit
1545 2044 1674 2086 Deus.
1692 2043 1805 2087 Cum

407 2113 524 2158 enim
546 2122 662 2158 reete
685 2111 1208 2173 appelleturprincipium
1225 2120 1380 2171 caput,
1401 2112 1447 2155 in
1460 2111 1534 2157 illa
1552 2111 1805 2171 gradatione

406 2184 641 2245 Apostolus
658 2184 887 2229 mulierem
911 2193 1058 2228 tamen
1076 2199 1166 2228 non
1190 2182 1299 2228 dixit
1319 2192 1451 2243 caput
1473 2182 1671 2245 alicujus.
1692 2187 1802 2230 Nam

407 2265 452 2302 et
471 2256 616 2301 virum
644 2256 754 2300 dixit
775 2264 908 2316 caput
930 2254 1122 2299 mulieris
1140 2276 1151 2314 3
1169 2264 1211 2300 et
1231 2263 1363 2315 caput
1380 2254 1461 2300 viri
1483 2255 1734 2312 Christum,
1759 2265 1804 2301 et

406 2338 540 2389 caput
558 2327 719 2374 Christi
742 2330 940 2372 Deum²2
964 2327 1024 2371 ita
1042 2327 1235 2372 Creatori
1258 2336 1455 2372 ereatura
1478 2326 1768 2372 subnectitur.

466 2402 567 2444 VII.
593 2402 664 2445 An
678 2398 778 2444 ideo
799 2418 819 2441 α
839 2401 891 2443 In
911 2397 1126 2458 principio
1147 2416 1167 2440 »
1189 2397 1358 2444 dictum
1380 2407 1467 2455 est,
1489 2398 1699 2460 quoniam
1717 2398 1800 2459 pri·

406 2487 530 2518 mum
554 2471 723 2517 factum
744 2472 837 2515 est?
859 2473 1021 2515 Annon
1045 2471 1190 2530 potuit
1223 2470 1336 2516 inter
1366 2479 1586 2516 creaturas
1607 2470 1799 2531 primum

461 2577 469 2593 ¹
497 2572 586 2603 Joan.
609 2581 679 2612 vni,
698 2568 752 2603 25.
772 2587 812 2592 —
836 2576 847 2591 ²
873 2581 882 2600 1
912 2571 982 2601 Cor.
1014 2580 1056 2609 n,
1078 2569 1106 2601 3.
