1854 3219
371 182 394 217 8
795 192 829 221 5.
866 192 948 223 Auo
958 197 1095 224 USTINI
1129 196 1311 224 131²1scoi>1

376 279 394 299 »
416 266 558 316 potest
592 256 759 318 aliquid
791 257 895 303 boni
929 263 1070 316 esse¹,
1104 278 1125 301 »
1156 261 1244 306 sive
1277 260 1555 315 allirmantis,
1577 268 1626 304 ut
1647 258 1757 304 illud

370 328 511 373 solum
529 325 584 373 ad
602 327 987 388 interrogationem
1004 332 1217 392 pertineat
1233 330 1354 392 quod
1371 332 1429 375 ait
1446 351 1454 376 ι
1472 335 1509 376 Α
1523 331 1759 377 Nazareth?

370 399 459 442 sive
478 407 620 443 totum
643 415 742 444 cum
762 399 1034 447 dubitatione
1048 402 1375 462 interrogantis,
1392 418 1482 448 non
1503 400 1630 447 video
1652 416 1760 462 quo-

368 469 503 514 modo
525 469 797 517 discernatur
823 491 832 517 :
858 481 1044 534 uterque
1066 483 1215 519 autem
1234 488 1383 519 sensus
1405 473 1538 519 fidem
1565 487 1656 519 non
1676 473 1759 517 im·-

369 539 505 599 pedit.

429 615 529 658 VII.
555 615 633 658 Est
654 614 784 659 etiam
805 615 1064 675 ambiguitas
1091 617 1137 661 in
1165 631 1271 662 sono
1301 616 1438 662 dubio
1460 615 1729 674 syllabarum
1745 650 1756 670 ,

368 693 413 728 et
428 684 524 730 haec
546 686 700 747 utique
728 684 782 731 ad
815 687 1218 747 pronuntiationem
1241 687 1478 748 pertinens.
1503 689 1614 732 Nam
1639 685 1762 747 quod

367 756 580 816 scriptum
610 767 695 813 est,
734 777 754 799 «
789 760 886 803 Non
919 767 983 802 est
1016 758 1325 804 absconditum
1357 774 1380 802 a
1419 767 1462 802 te
1495 773 1543 802 os
1584 771 1760 812 meum,

371 842 393 867 »
429 826 551 887 quod
570 827 708 872 fecisti
722 829 767 872 in
789 828 1093 885 abscondit02,
1117 848 1136 871 n
1155 845 1246 874 non
1267 829 1411 873 elucet
1431 828 1592 887 legenti
1611 837 1763 872 utrum

368 908 570 959 correpta
606 897 750 944 littera
783 915 830 944 os
871 901 1130 960 pronuntiet
1150 936 1161 956 ,
1196 917 1251 946 an
1295 899 1526 961 producta.
1570 900 1612 944 Si
1646 898 1764 943 enim

366 970 595 1030 corripiat,
622 969 675 1014 ab
701 986 751 1015 eo
785 971 907 1031 quod
936 981 1041 1015 sunt
1071 986 1188 1029 ossa3
1213 972 1247 1016 si
1269 980 1418 1015 autem
1443 969 1683 1032 producat,
1708 969 1764 1012 ab

370 1056 424 1086 eo
462 1041 584 1102 quod
615 1050 716 1086 sunt
750 1057 847 1097 ora,
873 1042 1366 1102 intelligiturnumerus
1397 1041 1641 1101 singularis.
1680 1038 1767 1086 Sed

370 1111 473 1157 talia
500 1112 665 1171 linguae
698 1111 983 1172 praecedentis
1016 1113 1285 1172 inspectione
1308 1112 1604 1174 dijudicantur
1626 1131 1634 1157 z
1661 1125 1765 1155 nam

370 1184 415 1228 in
452 1199 592 1242 graeeo
633 1199 723 1229 non
758 1193 867 1240 σᾶμα,
900 1183 976 1229 sed
1009 1193 1091 1226 εσέω
1127 1185 1318 1244 positum
1365 1194 1443 1228 est.
1497 1183 1624 1229 Unde
1667 1182 1765 1241 ple-

369 1270 558 1315 rumque
591 1254 803 1316 loquendi
824 1256 1100 1300 consuetudo
1128 1255 1316 1313 vulgaris
1340 1255 1490 1299 utilior
1512 1264 1577 1298 est
1597 1254 1766 1313 signifi-

368 1325 517 1370 candis
541 1326 698 1381 rebus,
734 1342 866 1386 quam
904 1326 1128 1385 integritas
1150 1326 1355 1370 litterata.
1394 1324 1572 1369 Mallem
1600 1325 1766 1385 quippe

370 1411 473 1441 eum
491 1395 762 1440 barbarismo
784 1395 870 1441 dici
898 1416 906 1440 :
937 1415 957 1438 «
981 1399 1080 1441 Non
1102 1406 1166 1441 est
1188 1395 1495 1441 absconditum
1518 1411 1541 1439 a
1558 1405 1601 1440 te
1620 1411 1767 1440 ossum

369 1482 542 1523 mcum,
569 1484 590 1508 »
616 1482 749 1528 qumn
772 1476 822 1511 ut
843 1466 942 1512 ideo
970 1477 1080 1512 esset
1101 1467 1244 1512 minus
1266 1476 1488 1527 apertum,
1509 1466 1612 1527 quia
1631 1466 1767 1525 magis

369 1539 556 1583 latinum
586 1548 663 1583 est.
703 1536 789 1583 Sed
810 1537 1047 1598 aliquando
1077 1537 1240 1582 dubius
1268 1537 1447 1596 syllabae
1481 1553 1613 1582 sonus
1634 1537 1766 1582 etiam

371 1610 515 1657 vicino
537 1609 672 1655 verbo
696 1608 752 1654 ad
773 1610 974 1654 eamdem
997 1609 1258 1654 sententiam
1279 1609 1528 1670 pertinente
1549 1608 1766 1670 dijudica-

372 1691 446 1728 tur
472 1701 480 1726 :
506 1682 618 1725 sicut
641 1689 704 1724 est
722 1679 831 1724 illud
857 1679 1055 1740 Apostoli
1089 1699 1098 1725 :
1123 1683 1230 1734 Quae
1258 1680 1450 1741 praeclieo
1471 1681 1594 1725 vobis
1610 1716 1621 1736 ,
1656 1681 1770 1725 sieut

377 1772 397 1795 »
432 1752 613 1813 praedixi
625 1788 635 1808 ,
653 1752 862 1813 quoniam
879 1752 957 1813 qui
974 1751 1073 1796 talia
1090 1761 1247 1812 agunt,
1265 1767 1451 1812 regnum
1466 1752 1545 1797 Dei
1562 1768 1653 1797 non
1664 1767 1768 1812 pos-s

376 1842 396 1866 »
433 1823 684 1868 sidebunt3.
714 1841 734 1864 »
764 1823 806 1869 Si
830 1823 1136 1867 tautummodo
1166 1822 1364 1878 dixisset,
1394 1842 1415 1865 ‹<
1446 1825 1554 1876 Quae
1575 1821 1767 1882 prae'dieo

375 1913 396 1936 >›
431 1894 630 1948 vobis»,
667 1909 810 1954 neque
837 1894 1132 1954 subjunxisset
1148 1929 1158 1949 ,
1195 1913 1216 1936 «
1241 1894 1352 1938 sieut
1372 1894 1622 1954 praedixi»,
1655 1910 1768 1940 non-

372 1967 453 2011 nisi
475 1967 530 2010 ad
567 1966 764 2010 codicem
785 1965 1072 2026 praecedentis
1102 1965 1267 2025 linguae
1289 1965 1605 2010 recurrendum
1627 1976 1764 2023 esset,

374 2047 425 2082 ut
446 2052 804 2097 cognosceremus
827 2047 978 2082 utrum
999 2038 1044 2081 in
1078 2052 1129 2082 eo
1150 2037 1272 2098 quod
1295 2036 1424 2092 dixit,
1454 2056 1474 2079 «
1499 2036 1690 2097 praedico
1716 2056 1736 2079 »
1752 2073 1764 2094 ,

373 2107 657 2168 producenda
680 2124 735 2152 an
753 2108 1024 2168 corripienda
1042 2117 1151 2152 esset
1168 2106 1310 2152 media
1328 2106 1523 2165 syllaba:
1543 2123 1662 2153 nune
1685 2124 1766 2154 au-

375 2189 464 2224 tem
498 2178 777 2223 manifestum
806 2189 870 2224 est
896 2178 1226 2239 producendam
1259 2194 1378 2237 esse,
1411 2195 1502 2224 non
1537 2180 1655 2225 enim
1676 2180 1762 2236 ait,

375 2270 398 2293 ‹<
427 2250 547 2295 Sicut
567 2250 826 2311 praedicavi,
860 2251 978 2296 »sed
1003 2270 1024 2293 «
1057 2250 1169 2296 sieut
1202 2250 1400 2312 praedixi.
1430 2268 1450 2291 »

424 2365 434 2382 ¹
448 2361 538 2392 Joan.
555 2370 586 2401 1,
605 2357 660 2401 46.
681 2375 722 2384 -
750 2358 853 2392 2Psal.
873 2369 1017 2403 cxxxviii,
1045 2359 1096 2392 15.
1119 2376 1160 2382 —-
1181 2357 1195 2383 3
1212 2357 1279 2393 Gal.
1307 2369 1339 2401 v,
1357 2366 1415 2392 21.
