1854 3219
394 159 476 197 488
838 172 871 200 s.
909 172 1137 202 Amus‘rnw
1170 175 1351 204 Emscom

389 237 585 292 homini,
622 239 695 297 qui
730 238 896 297 primus
928 254 977 283 ex
1016 239 1098 284 illis
1130 250 1256 285 natus
1289 250 1377 297 cst,
1421 253 1779 288 connnemoraret

392 310 611 368 Scriptura
629 345 639 364 ‚
672 326 761 356 non
792 327 841 354 ex
864 312 1118 371 parentibus
1150 312 1350 368 ductam,
1373 311 1448 357 scd
1478 312 1664 373 desuper
1685 314 1779 358 ani-

389 396 506 423 mam
525 380 688 437 datam,
708 381 818 426 illud
833 383 986 443 jamin
1002 384 1166 429 ccetcris
1188 385 1335 440 etiam,
1356 392 1527 429 tacente
1541 385 1776 445 Scriptura,

392 454 612 511 oporteret
632 452 832 512 intelligi.

392 586 1780 607 ffimmmmmmmmmmwmmmmmmmmm

903 709 1120 760 CAPUT
1156 712 1244 758 XI.

392 855 474 899 Atz
498 857 684 914 utrique
706 857 954 901 sententis&
976 857 1130 917 possit
1151 854 1518 901 accommodari
1536 854 1657 902 illud
1669 874 1679 902 :
1704 860 1785 902 Per

486 942 624 971 unum
647 928 869 972 hominem
886 963 897 984 ‚
926 937 1016 973 etc.
1041 955 1100 962 —
1120 927 1403 989 Baptismus
1427 928 1688 992 infinitum.

452 1065 619 1108 XVIII.
658 1066 781 1110 Nunc
818 1065 964 1125 itaque
1006 1073 1050 1109 et
1092 1064 1203 1109 illud
1244 1064 1568 1110 consideremus
1585 1099 1596 1120 ,
1636 1073 1786 1109 utrmn

391 1145 595 1179 neutram
617 1136 846 1181 confirmet
869 1136 1128 1181 sententiam
1144 1171 1155 1191 ‚
1186 1136 1263 1180 sed
1285 1136 1440 1196 utique
1466 1137 1600 1195 possit
1621 1151 1789 1181 accom-

393 1204 583 1262 modari,
621 1205 743 1267 quod
765 1206 975 1266 scriptum
999 1215 1088 1251 est:
1119 1226 1139 1249 «
1168 1210 1249 1250 Per
1279 1221 1419 1251 unum
1442 1206 1665 1251 hominem
1687 1222 1788 1266 pec-

396 1293 416 1316 »
453 1285 600 1320 catum
638 1277 683 1321 in
721 1278 840 1322 hunc
877 1276 1097 1322 mundum
1130 1277 1333 1332 intravit,
1376 1285 1419 1321 et
1450 1292 1529 1337 per
1559 1286 1790 1337 peccatum

397 1365 418 1389 »
453 1363 591 1404 mors,
617 1358 660 1393 et
677 1349 737 1393 ita
758 1349 804 1393 in
826 1364 976 1394 omnes
996 1349 1196 1393 homines
1215 1348 1485 1409 pertransiit,
1510 1348 1557 1392 in
1578 1364 1668 1409 quo
1692 1364 1791 1393 om-

395 1436 418 1460 »
453 1435 528 1464 nes
551 1429 858 1479 peccaverunt.
887 1439 908 1462 »
943 1422 1001 1464 Et
1020 1419 1154 1480 paulo
1180 1429 1279 1480 post
1309 1439 1318 1465 ε
1359 1439 1380 1463 «
1408 1419 1528 1465 Sicut
1560 1435 1638 1479 per
1660 1420 1792 1465 unius

397 1508 418 1531 n
454 1490 665 1535 delictum
683 1492 729 1535 in
750 1506 898 1536 omnes
915 1492 1113 1536 homines
1131 1490 1187 1536 ad
1208 1491 1618 1549 condemnationem
1631 1527 1641 1547 ‚
1667 1491 1726 1536 ita
1748 1501 1792 1536 et

398 1580 418 1603 »
454 1578 532 1622 per
553 1564 682 1608 unius
704 1564 1062 1623 justificationem
1083 1564 1129 1607 in
1162 1579 1312 1608 omnes
1338 1564 1535 1609 homines
1560 1564 1616 1608 ad
1631 1564 1793 1623 justifi-

398 1651 418 1673 »
454 1634 673 1678 cationem
690 1634 807 1678 vitae.
836 1634 955 1680 Sicut
971 1635 1087 1678 enim
1107 1650 1183 1694 per
1196 1635 1539 1680 inobedientiam
1556 1636 1686 1680 unius
1708 1637 1792 1681 ho-

401 1722 421 1745 »
459 1705 585 1749 minis
609 1715 856 1764 peccatores
875 1706 1101 1750 constituti
1118 1715 1220 1750 sunt
1239 1705 1366 1750 multi
1383 1742 1394 1761 ,
1415 1706 1473 1750 ita
1502 1717 1545 1751 et
1569 1722 1647 1767 per
1664 1708 1794 1752 unius

403 1793 422 1816 »
459 1775 756 1820 obedientiam
779 1777 886 1836 justi
908 1776 1232 1821 constituentur
1253 1775 1382 1820 multi
1399 1779 1427 1820 1.
1455 1795 1473 1817 »
1499 1780 1566 1821 Ex
1587 1777 1653 1821 his
1678 1778 1794 1822 enim

398 1847 540 1891 verbis
569 1846 790 1907 Apostoli,
825 1848 901 1908 qui
930 1845 1177 1892 defendunt
1210 1848 1453 1892 animarum
1480 1849 1791 1908 propaginem,

400 1919 662 1962 sententiam
696 1934 819 1962 suam
850 1918 909 1963 sic
938 1928 1130 1962 astruere
1164 1918 1408 1963 moliuntur
1436 1939 1445 1964 :
1480 1920 1523 1964 Si
1551 1919 1795 1964 secundum

400 1990 536 2034 solam
569 2006 770 2046 carnem,
810 1990 1045 2051 inquiunt,
1076 1999 1220 2050 potest
1251 1990 1432 2050 intelligi
1461 2000 1689 2051 peccatum
1725 1991 1795 2036 vel

400 2071 619 2121 peccator,
638 2078 728 2107 non
749 2063 943 2121 cogimur
960 2062 1006 2105 in
1023 2062 1088 2105 his
1108 2062 1251 2106 verbis
1269 2077 1318 2105 cx
1336 2062 1589 2121 parentibus
1606 2063 1795 2107 animam

398 2134 597 2178 credere:
620 2135 653 2178 si
668 2144 815 2178 autem
838 2133 1034 2194 quamvis
1051 2149 1128 2193 per
1149 2133 1401 2178 illecebram
1424 2133 1584 2188 carnis,
1613 2149 1702 2177 non
1730 2143 1797 2178 ta-

398 2221 501 2249 men
530 2215 682 2265 peccat
705 2206 786 2250 nisi
817 2206 958 2250 anima
973 2240 984 2261 ,
1013 2204 1237 2266 quomodo
1259 2204 1565 2264 accipiendum
1587 2214 1651 2249 est
1673 2205 1796 2265 quod

399 2277 567 2322 dictum
583 2287 666 2322 est:
688 2297 707 2319 «
731 2281 781 2321 In
797 2294 885 2338 quo
900 2293 1050 2322 omnes
1068 2285 1374 2337 peccaverunt,
1390 2294 1410 2317 »
1426 2275 1563 2320 sinon
1584 2291 1635 2319 ex
1654 2274 1795 2320 Adam

399 2350 530 2394 etiam
553 2349 695 2393 anima
707 2384 717 2404 ‚
741 2349 853 2393 sicut
870 2365 986 2404 caro,
1007 2357 1244 2409 propagata
1261 2350 1349 2392 est?
1366 2350 1455 2392 Aut
1472 2346 1696 2408 quomodo
1714 2362 1793 2407 per

398 2420 514 2465 illius
536 2419 878 2465 inobedientiam
900 2429 1146 2480 peccatores
1168 2419 1392 2465 constituti
1412 2427 1535 2473 sunt,
1559 2419 1594 2464 si
1617 2427 1792 2464 tantum

453 2526 460 2541 ¹
480 2521 572 2551 Rom.
593 2529 626 2559 v,
651 2525 763 2559 12-19.
