1854 3219
371 151 451 187 :308
805 159 838 186 S.
877 161 1105 188 ACGUS'sml
1140 164 1319 190 El'lscom

367 224 438 268 illa
471 239 519 267 ex
553 224 808 279 senlinibus,
835 225 907 268 scd
943 242 992 269 ex
1028 236 1161 272 terra:
1198 228 1434 287 prfescrtim
1465 229 1567 288 quia
1596 228 1750 286 etipsa

368 295 500 340 verba
513 295 589 338 Dei
611 294 670 338 sic
688 311 731 339 se
748 295 926 340 habent.
940 299 1036 341 Non
1050 298 1166 341 enim
1185 299 1263 343 ait:
1281 297 1569 342 «Germinent
1590 298 1751 341 semina

367 366 412 409 in
435 374 545 408 terra
568 364 751 408 herbam
769 364 900 420 foeni,
927 375 969 410 et
986 366 1155 426 lignum
1177 367 1477 427 fructuosum3
1514 386 1534 409 »
1558 368 1635 412 sed
1666 368 1747 411 ait:

370 456 390 478 «
426 436 651 480 Germinet
673 445 785 480 terra
807 435 988 481 herbam
1011 437 1121 482 foeni
1143 439 1430 483 seminantem
1451 454 1625 496 semen3
1661 455 1682 478 »
1704 445 1755 480 ut

365 522 512 551 semen
532 523 583 552 ex
608 507 764 563 herba,
786 523 875 552 non
895 508 1076 552 herbam
1099 509 1336 553 insinuaret
1359 525 1410 554 ex
1426 509 1603 554 semine.
1643 527 1663 550 «
1698 510 1754 551 Et

368 597 388 620 »
424 579 483 623 sie
503 589 566 624 est
589 579 771 635 factum,
798 589 841 624 et
862 579 1069 640 produxit
1087 590 1195 625 terra
1214 602 1225 639 3
1263 599 1282 621 η
1304 579 1349 625 id
1372 590 1451 637 cst,
1472 580 1592 641 prius
1610 580 1668 625 sic
1690 587 1754 624 est

365 649 532 695 famum
560 652 605 695 in
639 652 889 711 cognitione
920 651 1035 697 illius
1057 650 1143 696 diei
1160 688 1170 707 ‚
1197 661 1240 696 ct
1260 651 1467 713 produxit
1502 662 1614 696 terra
1636 653 1750 712 jam,

362 731 414 766 ut
434 723 518 767 hoc
540 722 663 767 fieret
684 723 815 767 ctiam
834 723 879 766 in
901 724 991 783 ipsa
1016 732 1234 779 creatura,
1256 740 1354 784 quae
1372 723 1547 769 condita
1567 732 1646 767 est.

422 796 477 837 X.
509 795 743 847 Quomodo
775 811 877 854 ergo
910 805 1144 856 antequam
1176 805 1318 840 essent
1348 812 1476 856 super
1508 805 1688 850 terram,
1713 802 1756 838 et

363 874 600 926 antequam
631 867 930 924 exorirentur3
966 867 1087 927 quasi
1119 865 1239 911 aliud
1277 867 1335 911 eis
1366 867 1499 911 fuerit
1531 866 1623 910 fieri
1654 880 1756 911 cum

361 937 474 982 coelo
499 947 541 982 et
564 947 692 994 terra,
718 938 895 1000 quando
917 938 1059 983 factus
1081 948 1145 983 est
1167 938 1256 983 dies
1276 939 1348 982 ille
1369 939 1601 983 inusitatus
1624 947 1756 998 atque

362 1008 608 1067 incognitus
631 1011 778 1066 nohis,
800 1026 931 1071 quem
959 1010 1150 1070 primum
1177 1014 1290 1054 Deus
1320 1008 1443 1067 fecit3
1466 1009 1585 1054 aliud
1610 1018 1756 1054 autem

363 1081 518 1125 exoriri
550 1097 679 1142 super
703 1091 882 1137 terram,
902 1082 1022 1142 quod
1044 1098 1133 1126 non
1150 1082 1199 1126 fit
1221 1081 1301 1125 nisi
1324 1097 1400 1141 per
1421 1082 1499 1126 hos
1520 1080 1626 1135 dies,
1649 1095 1758 1140 quos

362 1151 568 1197 circuitus
599 1153 697 1197 solis
721 1153 825 1197 facit
853 1168 929 1212 per
958 1162 1205 1212 temporum
1229 1168 1369 1196 moras
1392 1168 1470 1197 suo
1503 1152 1659 1212 cuique
1681 1166 1757 1209 ge-

361 1224 456 1268 neri
485 1223 863 1268 accommodatas?
886 1223 1015 1277 Quod
1036 1224 1069 1268 si
1089 1224 1147 1267 ita
1171 1233 1249 1278 est,
1275 1223 1453 1283 diesque
1478 1223 1551 1267 ille
1578 1223 1758 1267 societas

362 1304 494 1355 atque
517 1296 661 1339 unitas
678 1311 808 1355 super
830 1294 1076 1339 coelestium
1094 1293 1364 1352 Angelorum
1380 1304 1510 1354 atque
1534 1294 1760 1338 Virtutum

362 1376 451 1425 est,
476 1365 633 1426 procul
662 1367 799 1410 dubio
827 1366 958 1424 longe
984 1365 1107 1409 aliter
1131 1374 1234 1409 nota
1266 1374 1331 1409 est
1359 1363 1536 1424 Angelis
1559 1373 1758 1409 creatura

363 1438 465 1494 Dei,
487 1437 611 1481 aliter
629 1438 780 1481 nobis:
804 1446 985 1496 excepto
1008 1436 1129 1497 quod
1152 1452 1247 1480 eam
1273 1436 1318 1480 in
1348 1437 1493 1481 Verbo
1511 1436 1588 1480 Dei
1619 1451 1757 1480 nove-

363 1519 491 1564 runt,
524 1525 601 1569 per
636 1507 759 1569 quod
791 1508 905 1552 facta
931 1517 1034 1552 sunt
1066 1508 1234 1564 onmia,
1263 1507 1394 1551 etiam
1420 1508 1465 1551 in
1494 1508 1629 1567 seipsa
1659 1507 1758 1552 dico

361 1580 493 1639 longe
526 1581 650 1624 aliter
681 1588 831 1624 notam
863 1580 921 1623 eis
954 1594 1043 1623 esse
1075 1594 1207 1639 quam
1239 1579 1380 1623 nobis.
1408 1578 1496 1622 Illis
1528 1578 1644 1622 enim
1670 1578 1760 1638 pri-

364 1650 648 1706 mordialiter,
669 1660 718 1695 ut
740 1651 798 1694 ita
816 1649 974 1705 dicam,
1000 1648 1070 1694 vel
1093 1649 1376 1708 originaliter,
1397 1650 1508 1694 sieut
1532 1664 1626 1693 eam
1645 1652 1760 1693 Deus

365 1723 568 1782 primitus
598 1721 819 1776 condidit,
845 1729 889 1764 ct
912 1729 1009 1780 post
1030 1735 1124 1763 eam
1147 1718 1444 1764 conditionem
1462 1736 1486 1763 a
1507 1719 1593 1763 suis
1614 1719 1758 1779 operi-

364 1794 448 1838 bus
471 1793 706 1853 requievit,
730 1807 819 1836 non
838 1790 1071 1835 condendo
1095 1789 1260 1850 aliquid
1291 1790 1501 1850 amplius:
1527 1791 1652 1835 nobis
1676 1806 1757 1834 au-

361 1874 452 1909 tem
489 1862 731 1909 secundum
764 1877 912 1907 rerum
943 1870 1070 1905 antea
1101 1859 1379 1906 conditarum
1417 1861 1758 1906 administratio-

358 1952 484 1992 nem,
506 1937 598 1996 jam
620 1950 697 1995 per
719 1932 892 1979 ordines
924 1941 1188 1992 temporum,
1215 1931 1460 1977 secundum
1481 1948 1614 1993 quam
1642 1935 1755 1977 Deus

350 2010 442 2069 jam
463 2007 547 2052 illis
578 2007 708 2052 rebus
730 2021 809 2067 per
839 2003 1050 2050 senariam
1078 2003 1394 2064 perfectionem
1418 2004 1750 2060 consummatis,

360 2096 500 2141 usque
524 2078 657 2124 modo
677 2086 899 2139 operatur.

412 2153 492 2195 XI.
528 2149 769 2195 Causaliter
789 2163 891 2207 ergo
921 2155 1026 2191 tunc
1049 2146 1217 2190 dictum
1240 2155 1304 2190 est
1320 2144 1570 2205 produxisse
1588 2155 1750 2191 terram

350 2221 534 2268 herbam
551 2231 594 2265 et
614 2220 801 2280 lignum,
819 2218 865 2263 id
887 2227 965 2273 est,
989 2217 1262 2277 producendi
1285 2216 1498 2277 accepisse
1520 2218 1746 2263 virtutem.

350 2297 403 2338 In
431 2310 481 2337 ea
514 2293 676 2353 quippe
691 2293 783 2351 jam
805 2299 1016 2350 tanquam
1038 2288 1083 2332 in
1106 2288 1345 2343 radicibus,
1372 2297 1421 2332 ut
1442 2288 1501 2332 ita
1531 2288 1712 2333 dixerim
1735 2323 1746 2342 ,

349 2375 598 2424 temporum
631 2361 742 2406 facta
767 2369 915 2414 erant,
949 2375 1047 2419 quoe
1081 2374 1158 2418 per
1196 2368 1391 2418 tempora
1415 2358 1563 2403 sutura
1599 2368 1740 2403 eraut.

350 2439 461 2482 Nam
475 2436 626 2496 utique
646 2443 791 2494 postea
816 2431 1028 2492 plautavit
1050 2434 1159 2474 Deus
1183 2429 1432 2490 paradisum
1449 2431 1573 2490 juxta
1591 2431 1750 2475 Orien-

358 2517 447 2553 tem
465 2542 475 2564 ,
501 2516 543 2552 et
564 2505 688 2566 ejecit
710 2504 771 2549 ibi
793 2502 847 2548 de
870 2512 982 2547 terra
1001 2517 1128 2547 omne
1150 2500 1324 2561 lignum
1341 2501 1591 2562 speciosum
1609 2500 1666 2546 ad
1687 2517 1758 2547 as-
