1854 3219
372 208 425 234 m:
457 206 611 234 GENESI
645 204 699 232 At>
732 204 972 243 Ll'r'rssaAM,
1008 206 1089 232 Lm.
1125 203 1184 230 xi.
1375 190 1457 227 517

73 272 344 319 credendum
366 281 456 327 est,
481 286 570 331 quo
598 279 947 330 propagaverunt
977 279 1259 330 posteaquam
1295 267 1461 312 crimen

74 345 308 390 admissum
324 342 532 404 praedicta
548 342 657 386 ultio
690 351 921 386 consecuta
954 350 1016 386 est
1034 362 1045 399 3
1064 355 1166 385 cum
1195 339 1314 400 prius
1331 351 1464 399 quam

68 425 347 461 morerentur
361 449 372 469 ‚
390 415 483 474 jam
498 412 545 456 in
559 427 739 472 corpore
755 411 1104 456 inobedientium
1118 409 1348 455 hominum
1364 409 1461 469 jus-

72 487 235 532 tissimo
255 485 527 545 reciprocatu
546 482 891 528 inobedientium
908 483 1207 526 membrorum
1222 479 1464 525 tumultum

71 573 188 602 mors
205 565 415 616 concepta
433 563 636 599 versaret.
655 553 861 598 Nondum
880 563 1003 598 erant
1015 552 1121 597 tales
1138 551 1278 596 Adam
1291 560 1334 596 et
1344 553 1435 596 Eva
1448 583 1460 606 ‚

73 644 173 674 cum
196 628 325 673 ambo
344 625 454 672 nudi
470 634 632 682 essent,
656 634 700 669 et
712 640 801 670 non
823 625 1215 670 confunderentur.

72 780 1034 802 ΜΜΜΜΜΜΜΜΜΜΜΜΆ
1037 779 1462 798 mmmmm

607 904 822 955 CAPUT
860 905 930 951 II.

287 1037 536 1097 Serpentis
556 1036 801 1097 sapientia
832 1030 1017 1095 qualis,
1042 1042 1089 1080 et
1110 1031 1253 1079 unde.

149 1178 225 1222 IV.
265 1194 286 1219 «
305 1178 492 1222 Ssnmzms
512 1183 659 1221 autem
680 1183 772 1219 erat
788 1173 850 1218 ibi
873 1170 1234 1234 prudentissimus
1257 1166 1461 1230 quidem,

74 1265 95 1288 »
130 1245 206 1291 sed
230 1247 429 1292 omnium
459 1246 694 1291 bestiarum
719 1260 820 1306 quae
848 1252 971 1288 erant
995 1257 1123 1302 super
1146 1250 1326 1294 terram,
1355 1253 1464 1299 quas

75 1334 95 1357 »
130 1315 292 1360 fecerat
307 1315 519 1360 Dominus
538 1319 668 1360 Deus.
694 1334 714 1356 n
741 1314 966 1359 Translato
987 1313 1103 1357 enim
1134 1311 1268 1356 verbo
1296 1309 1465 1353 dictum

72 1394 152 1441 est⁷
173 1404 193 1428 «
211 1384 595 1438 Prudentissimus‚
626 1382 733 1428 »vel
752 1382 864 1427 sicut
884 1383 1028 1442 plures
1050 1382 1174 1426 latini
1202 1378 1372 1423 codices
1391 1378 1466 1422 ha-

74 1457 200 1512 bent,
224 1475 244 1498 «
262 1455 632 1516 Sapientissimus,
656 1473 676 1495 n
703 1469 793 1499 non
814 1453 991 1513 proprio
1018 1467 1107 1512 quo
1127 1451 1173 1495 in
1197 1450 1366 1495 bonum
1393 1465 1465 1494 ac-

72 1527 156 1588 cipi
178 1527 288 1572 solet
313 1526 524 1587 sapientia
555 1524 626 1570 vel
655 1525 754 1580 Dei⁷
785 1524 856 1568 vel
885 1523 1174 1582 Angelorum,
1211 1522 1281 1567 vel
1308 1522 1465 1566 animae

72 1598 318 1644 rationalis:
343 1607 554 1658 tanquam
576 1596 610 1641 si
637 1599 851 1656 sapientes
879 1610 979 1655 apes
1012 1594 1144 1638 etiam
1175 1592 1467 1653 formicasque

73 1670 266 1716 dicamus
284 1705 295 1726 ‚
318 1679 497 1730 propter
519 1684 650 1729 opera
662 1667 784 1713 velut
800 1667 1011 1712 imitantia
1024 1665 1293 1726 sapientiam.
1312 1668 1466 1719 Quan-

71 1757 206 1804 quam
227 1742 308 1786 iste
337 1756 511 1800 serpens
534 1756 624 1785 non
645 1737 885 1784 irrationali
908 1737 1051 1781 anima
1086 1752 1184 1792 sua,
1220 1735 1295 1780 sed
1325 1735 1467 1781 alieno

9 1860 14 1865 ,
69 1816 160 1875 jam
183 1814 337 1873 spiritu
352 1849 362 1869 ‚
388 1812 434 1856 id
452 1821 539 1867 est,
565 1810 783 1856 diabolico
801 1845 812 1865 ,
848 1818 992 1868 posset
1015 1808 1354 1868 sapientissimus
1382 1807 1469 1854 dici

73 1884 273 1930 omnium
294 1883 579 1927 bestiarum1.
607 1879 942 1934 Quantumlibet
972 1879 1087 1923 enim
1118 1878 1468 1938 praevaricatores

74 1955 216 2015 angeli
238 1954 292 1999 de
320 1955 517 2014 supernis
547 1953 721 1998 sedibus
744 1968 832 1998 suae
855 1951 1142 2012 perversitatis
1176 1960 1218 1995 et
1252 1950 1468 2010 superbiae

73 2026 230 2070 merito
264 2024 422 2085 dejecti
457 2024 564 2079 sint,
603 2033 758 2068 natura
810 2032 957 2066 tamen
1004 2020 1327 2065 excellentiores
1365 2031 1467 2066 sunt

75 2096 279 2141 omnibus
290 2095 436 2139 bestiis
448 2104 626 2154 propter
642 2094 817 2138 rationis
829 2093 1125 2137 eminentiam.
1143 2092 1260 2145 Quid
1271 2092 1467 2150 ergomi-

74 2182 172 2211 rum
190 2167 222 2209 si
243 2180 321 2210 suo
342 2165 552 2210 instinctu
570 2164 770 2209 diabolus
784 2166 876 2225 jam
894 2162 1077 2223 implens
1100 2171 1344 2222 serpentem
1358 2198 1368 2216 ‚
1402 2163 1468 2206 ei-

75 2253 161 2298 que
184 2236 380 2296 spiritum
400 2250 528 2279 suum
545 2235 728 2279 miscens
746 2270 757 2288 ‚
781 2250 832 2279 eo
852 2249 973 2278 more
987 2250 1075 2294 quo
1088 2243 1207 2278 vates
1224 2233 1468 2278 daemonio-

77 2322 174 2351 rum
187 2304 366 2365 implere
379 2304 487 2348 solet
499 2340 508 2359 ,
526 2305 888 2364 sapientissimum
902 2320 1002 2348 eum
1016 2303 1263 2348 reddiderat
1273 2304 1467 2348 omnium

76 2377 313 2421 bestiarum
334 2374 575 2419 secundum
600 2375 787 2418 animam
816 2376 959 2419 vivam
987 2375 1372 2434 irrationalemque
1408 2373 1470 2417 vi-

77 2447 272 2492 ventium
292 2447 309 2489 P
332 2445 554 2490 Abusione
576 2446 740 2506 quippe
760 2446 947 2492 nominis
979 2445 1033 2490 ita
1072 2445 1282 2505 sapientia
1310 2443 1469 2488 dicitur

126 2550 136 2567 ¹
158 2553 177 2575 2
195 2545 284 2576 Sent.
301 2542 374 2575 dist.
395 2553 462 2584 xxi,
482 2553 555 2585 cap.
575 2551 608 2574 2.
