1854 3219
359 214 413 241 DE
445 209 596 241 GENEsr
628 209 684 239 AD
717 208 960 249 LITTERAM‚
996 211 1078 238 Lm.
1115 210 1159 236 x.
1363 195 1448 237 475

62 279 279 340 oportuit,
311 278 533 340 inquiunt,
570 276 703 320 etiam
735 275 790 320 de
821 276 963 319 anima
989 274 1085 330 viri,
1115 282 1167 318 ut
1196 288 1306 330 eam,
1337 272 1448 317 sicut

59 366 306 412 possemus,
330 350 477 394 datam
502 347 727 402 divinitus,
751 346 821 392 vel
846 345 1200 404 intelligeremus,
1235 343 1306 389 vel
1331 354 1448 389 certe

58 420 359 466 crederemus:
376 428 452 464 aut
474 418 508 463 si
529 418 612 462 hoc
629 426 857 478 propterea
881 418 1102 477 Scriptura
1119 430 1209 460 non
1222 415 1372 471 tacuit,
1391 430 1448 460 ne

58 493 247 538 animam
270 506 447 552 quoque
459 490 570 535 sicut
583 505 757 534 carnem
775 489 964 533 hominis
983 487 1038 532 de
1054 497 1168 532 terra
1180 486 1341 531 factam
1358 502 1449 532 esse

56 573 323 624 putaremus,
350 561 504 606 debuit
534 570 577 605 et
605 561 660 605 de
694 560 888 604 mulieris
917 559 1059 603 anima
1088 574 1179 603 non
1210 558 1363 613 taceri,
1392 573 1448 602 ne

55 643 285 695 putaretur
306 649 357 677 ex
378 631 573 687 traduce,
596 631 630 675 si
657 632 741 675 hoc
763 646 918 676 verum
943 646 1033 675 non
1065 638 1142 674 est.
1172 631 1448 688 Quapropter

57 704 157 749 ideo
184 704 364 748 tacitum
391 711 474 758 est,
501 701 729 762 inquiunt,
760 701 880 762 quod
909 702 956 746 in
987 702 1077 761 ejus
1099 700 1255 745 faciem
1279 699 1448 744 flaverit

59 779 190 828 Deus,
210 775 313 836 quia
333 773 444 819 illud
458 786 608 819 verum
631 782 696 819 est
716 772 836 834 quod
858 782 902 818 et
923 774 1066 818 anima
1085 785 1137 816 ex
1152 771 1330 816 homine
1342 785 1446 831 pro·

57 856 214 907 pagata
234 855 313 891 est.

117 921 175 962 II.
208 917 320 962 Huic
337 916 569 977 suspicioni
586 915 714 961 facile
736 917 993 962 occurritur.
1023 916 1066 961 Si
1080 915 1197 960 enim
1218 923 1448 974 propterea

55 996 214 1050 putant
235 987 424 1032 animam
450 986 644 1032 mulieris
677 1003 730 1032 ex
757 988 899 1032 anima
925 987 1007 1032 viri
1027 986 1204 1042 factam,
1235 985 1337 1046 quia
1358 998 1450 1030 non

57 1059 266 1119 scriptum
292 1068 377 1114 est,
403 1058 526 1119 quod
546 1059 592 1102 in
615 1058 806 1103 mulieris
836 1058 995 1103 faci-em
1016 1057 1185 1102 flaverit
1206 1060 1348 1108 Deus3
1371 1071 1449 1100 cur

56 1129 244 1175 credunt
270 1146 322 1174 ex
347 1129 441 1175 viro
472 1129 706 1174 animatam
729 1129 972 1185 foeminam,
996 1128 1175 1190 quando
1201 1142 1257 1171 ne
1278 1126 1323 1170 id
1351 1128 1450 1187 qui-

57 1200 158 1245 dem
180 1200 390 1260 scriptum
411 1202 499 1244 est?
522 1199 648 1245 Unde
674 1200 709 1244 si
732 1204 846 1245 Deus
864 1216 1013 1245 omnes
1035 1200 1197 1243 animas
1218 1198 1449 1243 hominum

56 1271 326 1316 nascentium
352 1270 462 1315 sicut
504 1270 688 1330 primam
719 1270 846 1327 facit,
888 1280 1117 1331 propterea
1151 1269 1371 1330 Scriptura
1393 1268 1450 1312 de

57 1341 148 1387 aliis
169 1342 326 1397 tacuit,
352 1341 561 1402 quoniam
584 1351 726 1402 posset
747 1341 866 1403 quod
887 1342 933 1386 in
960 1358 1049 1386 una
1070 1341 1236 1386 factum
1253 1355 1448 1399 comme—-

57 1422 275 1457 moratum
304 1421 388 1467 est,
409 1412 539 1456 etiam
559 1411 614 1456 de
631 1413 796 1457 caeteris
815 1412 1053 1472 prudenter
1074 1411 1272 1469 intelligi.
1294 1414 1449 1470 Itaque

57 1484 92 1528 si
118 1483 312 1544 oportuit
348 1499 426 1528 nos
454 1498 531 1543 per
565 1483 676 1528 hanc
707 1485 974 1543 Scripturam
1006 1483 1060 1527 de
1095 1484 1176 1527 hac
1211 1498 1257 1526 re
1285 1481 1450 1542 aliquid

59 1553 306 1610 admoneri,
329 1553 468 1613 magis
497 1554 532 1599 si
551 1553 717 1615 aliquid
740 1552 858 1598 aliud
880 1553 1014 1597 fiebat
1034 1554 1080 1597 in
1105 1553 1303 1608 foemina,
1329 1550 1450 1612 quod

57 1625 104 1670 in
140 1625 232 1670 viro
255 1624 422 1670 factum
443 1639 534 1668 non
556 1633 661 1678 erat,
690 1633 740 1668 ut
763 1640 812 1668 ex
838 1639 967 1668 carne
989 1625 1177 1668 animata
1198 1625 1288 1683 ejus
1307 1623 1450 1667 anima

59 1696 310 1751 duceretur,
349 1711 440 1740 non
472 1695 586 1739 sicut
618 1694 700 1739 viri
725 1695 817 1756 ejus
837 1693 1014 1738 aliunde
1054 1710 1234 1754 corpus,
1274 1693 1450 1738 aliunde

60 1767 204 1812 anima
237 1785 247 1811 z
285 1765 370 1810 hoc
406 1765 549 1824 ipsum
582 1765 704 1824 quod
747 1764 831 1809 alio
867 1764 1000 1810 modo
1038 1764 1194 1819 fiebat,
1229 1764 1451 1824 Scriptura

58 1837 204 1898 potius
226 1845 368 1881 tacere
395 1851 487 1880 non
519 1834 689 1891 debuit,
717 1851 771 1879 ne
793 1835 876 1879 hoc
904 1834 1056 1879 itidem
1079 1833 1245 1879 factum
1273 1843 1451 1894 putare-

59 1919 175 1964 mus,
205 1906 327 1968 quo'd
360 1908 453 1967 jam
486 1905 540 1950 de
570 1905 646 1951 illo
672 1905 975 1950 didiceramus.
1004 1904 1192 1950 Proinde
1229 1906 1331 1966 quia
1361 1921 1451 1950 non

59 1978 169 2024 dixit
194 1991 246 2023 e'x
267 1978 410 2022 anima
429 1977 512 2023 viri
534 1976 693 2022 factam
721 1992 811 2022 esse
837 1978 1024 2021 animam
1045 1976 1254 2032 mulieris,
1291 1992 1452 2021 conve-

58 2049 249 2096 nientius
285 2047 478 2093 creditur
510 2063 561 2093 eo
596 2049 690 2108 ipso
728 2064 807 2093 nos
842 2047 1075 2093 admonere
1103 2048 1305 2104 voluisse,
1341 2048 1450 2092 nihil

58 2121 131 2166 hic
157 2118 277 2165 aliud
292 2129 470 2180 putare,
492 2136 625 2181 quam
652 2119 707 2164 de
729 2120 810 2165 viri
843 2120 985 2165 anima
1002 2135 1276 2176 noveramus,
1302 2119 1346 2164 id
1369 2129 1447 2175 est,

61 2190 256 2235 similiter
278 2189 425 2235 datam
454 2205 544 2235 esse
572 2190 744 2235 mulieri
771 2210 780 2235 :
805 2207 906 2236 cum
935 2191 1175 2251 praesertim
1204 2201 1314 2236 esset
1357 2191 1450 2235 evi-

16 2319 19 2321 ι
59 2260 322 2307 dentissimae
348 2261 584 2307 occasionis
609 2260 754 2316 locus,
779 2270 829 2306 ut
855 2262 889 2306 si
917 2278 1007 2306 non
1032 2271 1140 2306 tunc
1162 2260 1341 2322 quando
1366 2260 1451 2306 for-

57 2341 172 2377 mata
193 2340 280 2388 est,
308 2341 459 2392 postea
495 2340 610 2376 certe
644 2331 877 2389 diceretur,
901 2333 980 2377 ubi
1004 2333 1063 2378 ait
1088 2332 1230 2377 Adam
1262 2347 1272 2374 t
1307 2351 1327 2375 «
1355 2334 1449 2377 Hoc

61 2422 84 2447 »
118 2420 237 2449 nunc
249 2419 296 2448 os
309 2419 360 2448 ex
371 2403 537 2449 ossibus
553 2404 677 2460 meis,
695 2413 739 2449 et
752 2420 851 2450 caro
864 2405 918 2449 de
935 2421 1064 2449 carne
1081 2407 1218 2449 mea1.
1236 2407 1450 2458 »Quanto

51 2474 178 2532 enim
207 2474 377 2520 charius
409 2476 712 2537 amantiusque
747 2475 912 2522 diceret
937 2493 946 2519 :
970 2478 1029 2522 Et
1056 2476 1198 2521 anima
1228 2476 1283 2520 de
1306 2476 1448 2519 anima

109 2566 118 2582 ¹
139 2562 218 2593 Gen,
238 2571 277 2602 ιι,
297 2560 352 2591 23.
