1854 3219
395 166 480 206 458
822 178 857 204 s.
892 175 1123 206 Aucus-nm
1155 179 1336 207 Emscom

390 243 468 289 dos
491 243 601 286 filios
619 242 831 301 imperare
846 243 1037 301 potuisse
1051 279 1061 299 ,
1078 244 1189 289 sicut
1202 244 1384 300 caeteris,
1400 260 1501 305 quae
1521 245 1567 289 in
1582 247 1785 306 quolibet

390 328 520 374 opere
536 313 678 356 anima
700 312 791 356 sine
809 311 899 357 ulla
917 313 1113 359 molestia
1125 351 1137 371 ,
1162 324 1205 360 et
1217 315 1341 376 quasi
1356 317 1531 375 pruritu
1548 316 1785 378 voluptatis

388 386 568 430 movet?
596 384 639 429 Si
661 384 778 428 enim
796 386 977 430 Creator
997 387 1272 446 omnipotens
1298 387 1666 449 ineffabiliterque
1687 389 1786 435 lau-

388 456 583 511 dandus,
611 456 687 516 qui
705 464 747 500 et
771 455 816 499 in
838 456 1027 501 minimis
1045 457 1132 502 suis
1150 458 1356 518 operibus
1372 474 1556 518 magnus
1581 468 1645 504 est
1660 495 1672 516 ,
1698 462 1787 521 api-

386 528 469 572 bus
506 527 706 582 donavit,
748 536 799 571 ut
835 528 894 572 sic
932 539 1168 589 operentur
1212 530 1536 588 generationem
1564 530 1755 577 filiorum
1771 568 1783 590 ‚

383 599 760 660 quemadmodum
792 614 902 643 cerac
939 601 1127 660 speciem
1160 599 1468 662 liquoremque
1504 602 1670 661 mellis;
1706 620 1787 649 eur

384 670 639 716 incredibile
655 669 858 716 videatur
870 672 1018 731 primis
1032 672 1285 716 hominibus
1298 671 1402 717 talia
1417 672 1568 718 fecisse
1582 690 1783 735 corpora,

383 754 434 788 ut
456 745 490 788 si
513 759 603 788 non
624 753 877 803 peccassent
892 780 903 800 ,
936 754 980 788 et
1001 744 1206 789 morbum
1229 743 1488 805 quemdam,
1520 761 1610 806 quo
1638 762 1785 791 more-

383 824 558 870 rentur,
593 815 804 860 continuo
841 831 933 860 non
955 816 1275 875 concepissent,
1311 832 1363 862 eo
1383 826 1498 861 nutu
1518 817 1785 877 imperarent

384 887 611 942 membris,
629 887 790 947 quibus
807 887 942 932 foetus
964 887 1176 940 exoritur,
1193 903 1283 948 quo
1300 888 1486 947 pedibus
1504 903 1607 932 cum
1629 889 1787 934 ambu-

381 956 521 1013 latur,
545 966 595 1002 ut
616 973 760 1019 neque
783 973 886 1003 cum
907 957 1061 1002 ardore
1085 958 1394 1014 seminaretur,
1417 974 1562 1019 neque
1585 975 1685 1004 cum
1705 959 1787 1005 do-

382 1029 474 1074 lore
497 1039 743 1089 pareretur.
782 1033 909 1076 Nunc
943 1045 1046 1076 vero
1083 1029 1442 1088 transgrediendo
1482 1040 1753 1091 praeceptum
1769 1068 1781 1088 ,

382 1110 554 1145 motum
576 1102 683 1161 legis
706 1101 838 1158 illius,
866 1118 965 1162 quae
984 1111 1200 1162 repugnat
1211 1100 1299 1161 legi
1313 1102 1495 1157 mentis,
1515 1103 1563 1146 in
1577 1104 1785 1150 membris

380 1182 605 1232 conceptae
627 1173 779 1216 mortis
810 1173 973 1217 habere
996 1181 1277 1230 meruerunt,
1304 1188 1438 1233 quem
1465 1174 1632 1233 nuptiae
1666 1174 1785 1219 erdi-

381 1252 491 1288 nant
508 1279 518 1297 ,
544 1244 814 1288 continentia
834 1244 1013 1289 cohibet
1035 1254 1078 1289 et
1101 1243 1313 1300 refrenat,
1333 1254 1384 1289 ut
1406 1245 1786 1305 quemadmodum

379 1314 435 1359 de
452 1324 634 1374 peccato
654 1314 822 1361 factum
851 1324 916 1361 est
958 1314 1224 1376 supplicium
1244 1351 1256 1371 ,
1280 1316 1339 1360 sic
1368 1314 1424 1360 de
1462 1315 1677 1377 supplicio
1708 1318 1785 1364 fiat

378 1395 609 1430 merltum.

383 1542 524 1560 mvvw
528 1544 1098 1561 WWUMWWWWWMWW
1102 1544 1595 1562 UMWUVMVVVVW‘WWWWW
1600 1546 1741 1563 wwwua
1746 1547 1782 1563 M

907 1666 1124 1716 CAPUT-
1172 1668 1263 1714 XI.

379 1811 661 1856 Foemz'neas
682 1827 829 1856 sexus
849 1811 1186 1873 conformatas
1206 1821 1407 1872 propter
1421 1810 1656 1869 sobolem,
1683 1829 1778 1859 non

438 1892 603 1927 tamen
641 1898 751 1928 cam
789 1881 1010 1940 libidine,
1044 1883 1141 1928 nisi
1176 1880 1319 1929 lzomo
1352 1894 1632 1943 peccasset,
1661 1900 1778 1946 pro-

436 1951 725 1999 creandam.

436 2091 561 2134 XIX.
579 2093 760 2136 FACTAM
777 2089 927 2151 itaque
948 2087 1176 2135 foeminam
1195 2090 1305 2137 viro.
1321 2088 1377 2134 de
1392 2091 1502 2146 viro,
1514 2091 1559 2135 in
1580 2106 1632 2136 eo
1653 2107 1773 2148 sexu,

376 2160 423 2204 in
456 2175 505 2204 ea
538 2159 678 2206 forma
706 2170 750 2206 et
779 2160 1057 2206 distinctione
1093 2161 1393 2206 membrorum
1412 2196 1424 2216 ,
1462 2178 1549 2222 qua
1580 2160 1776 2208 foeminae

376 2241 493 2277 notae
527 2243 650 2289 sunt,
677 2249 777 2295 quae
802 2233 971 2294 peperit
994 2235 1106 2279 Ca'l'n
1136 2243 1181 2278 et
1199 2232 1336 2289 Abel,
1372 2242 1416 2278 et
1448 2249 1598 2278 omnes
1619 2234 1776 2280 fratres

375 2319 528 2349 eorum
545 2340 555 2360 ,
583 2320 636 2349 ex
653 2305 814 2366 quibus
832 2320 983 2350 omnes
1004 2306 1203 2350 homines
1225 2314 1523 2360 nascerentur,
1544 2306 1591 2350 in
1613 2307 1774 2367 quibus

373 2375 543 2436 peperit
566 2377 698 2421 etiam
723 2378 843 2432 Seth,
869 2392 946 2437 per
969 2392 1102 2438 quem
1122 2386 1304 2422 ventum
1327 2385 1392 2421 est
1412 2375 1467 2420 ad
1487 2376 1709 2422 Abraham
1730 2388 1774 2423 et

377 2447 432 2491 ad
455 2447 672 2507 populum
694 2448 848 2504 Isra'e‘l,
880 2457 1144 2509 gentemque
1167 2447 1371 2494 omnibus
1392 2449 1485 2509 jam
1505 2448 1774 2494 notissimam

377 2518 605 2577 gentibus,
630 2528 674 2564 et
693 2534 771 2580 per
789 2521 881 2567 Noe
910 2519 1020 2566 filios
1042 2535 1192 2567 omnes
1222 2529 1394 2580 gentes,
1419 2519 1616 2580 quisquis
1637 2518 1771 2566 dubi-
