1854 3219
393 202 448 229 DE
480 199 685 229 Doc'rmm
720 199 973 229 CHRISTIANA
1005 203 1087 230 Lm.
1124 203 1188 228 111.
1421 189 1475 228 35

94 279 233 326 usque
260 265 317 311 ad
342 265 438 312 illos
458 266 658 327 pervenit
678 265 799 325 vulgi
826 265 1011 323 locutio,
1047 267 1124 328 qui
1144 274 1373 326 propterea
1393 265 1478 312 mi-

89 335 311 382 rabiliores
349 346 471 394 sunt,
509 337 611 398 quia
651 345 801 382 contra
845 352 978 397 quam
1013 336 1172 382 dicitur
1201 336 1467 396 significant,

88 406 215 454 sicuti
226 416 290 453 est
302 423 402 469 quae
424 407 668 469 appellatur
689 407 828 456 ironia
847 406 918 453 vel
940 407 1212 468 antiphrasis.
1228 406 1313 454 Sed
1332 407 1473 453 ironia

88 478 444 538 pronuntiatione
473 477 637 525 indicat
666 477 776 540 quid
806 478 914 526 velit
940 479 1150 539 intelligi,
1175 479 1241 524 uti
1272 493 1374 524 cum
1404 478 1473 524 di-

87 548 225 595 cimus
260 549 428 600 homini
464 548 579 597 mala
614 547 790 596 facienti
821 568 831 595 ε
869 551 952 595 Res
995 549 1133 595 bonas
1170 548 1274 597 facis
1307 569 1316 594 z
1357 549 1472 595 anti-

87 619 253 680 phrasis
282 635 385 667 vero
414 629 466 667 ut
496 620 711 667 contraria
745 620 984 680 significet,
1018 637 1108 667 non
1131 636 1239 668 voce
1271 635 1473 681 pronun-

87 691 232 737 tiantis
254 692 457 749 eflicitur,
477 690 554 739 sed
575 700 651 738 aut
670 690 805 740 verba
825 692 960 739 habet
980 708 1055 739 sua
1068 728 1079 749 ,
1100 707 1289 753 quorum
1307 691 1429 752 origo
1450 707 1474 737 e

87 763 304 808 contrario
336 772 423 820 est,
459 763 573 810 sicut
602 761 847 823 appellatur
872 762 1025 820 lucus,
1048 762 1170 825 quod
1190 762 1370 808 minime
1399 762 1474 808 lu-

87 842 209 892 ceat,
232 842 308 879 aut
322 835 547 880 consuevit
559 832 726 894 aliquid
739 834 798 878 ita
815 833 901 879 dici
912 870 923 891 ,
944 834 1141 895 quamvis
1158 834 1330 880 dicatur
1344 834 1475 879 etiam

87 919 178 950 non
196 920 222 949 e
250 906 488 961 contrario,
512 904 650 951 veluti
672 922 772 951 cum
795 906 1032 967 quaerimus
1054 905 1248 966 accipere
1267 904 1389 966 quod
1415 905 1477 952 ibi

86 991 178 1021 non
198 985 286 1034 est,
318 986 365 1022 et
391 976 682 1038 respondetur
711 978 859 1035 nobis,
891 977 1124 1038 Abundat,
1160 987 1236 1022 aut
1257 976 1474 1038 adjunctis

87 1049 227 1095 verbis
258 1048 463 1108 facimus,
498 1059 550 1095 ut
570 1066 595 1095 a
616 1051 836 1096 contrario
858 1050 1147 1111 intelligatur,
1178 1050 1299 1112 quod
1327 1049 1475 1112 loqui-

87 1136 201 1178 mur,
217 1121 353 1167 veluti
374 1122 409 1179 si
431 1121 625 1167 dicamus
644 1125 782 1169 :Cave
794 1123 919 1169 illum
931 1160 942 1181 ⁷
963 1123 1065 1185 quia
1081 1124 1224 1169 bonus
1241 1124 1375 1170 homo
1393 1132 1473 1168 est.

87 1196 145 1239 Et
173 1194 270 1256 quis
299 1194 401 1239 talia
422 1211 510 1240 non
534 1195 641 1240 dicit
660 1195 889 1253 indoctus,
921 1212 1002 1242 nec
1029 1197 1210 1242 omnino
1238 1196 1374 1241 sciens
1400 1196 1478 1257 qui

87 1265 188 1321 sint,
199 1265 270 1311 vel
283 1265 392 1326 quid
403 1275 616 1320 vocentur
626 1267 672 1311 hi
684 1268 1031 1327 tropiPQuorum
1043 1268 1234 1328 cognitio
1247 1276 1478 1329 propterea

89 1336 410 1396 Scripturarum
437 1337 797 1396 ambiguitatibus
820 1338 1103 1384 dissolvendis
1121 1349 1186 1384 est
1212 1339 1473 1395 necessaria,

87 1407 189 1469 quia
210 1423 313 1453 eum
329 1423 502 1465 sensus,
523 1406 579 1452 ad
595 1408 905 1469 proprietatem
917 1410 1154 1456 verborum
1169 1410 1203 1454 si
1220 1410 1472 1471 accipiatur,

87 1479 301 1531 absurdus
324 1490 409 1537 est,
435 1480 722 1543 quaerendum
744 1490 809 1526 est
828 1481 981 1543 utique
1003 1497 1058 1526 ne
1079 1481 1193 1528 forte
1214 1481 1290 1527 illo
1312 1481 1382 1527 vel
1401 1481 1477 1526 illo

87 1560 215 1612 tropo
235 1552 402 1599 dictum
424 1552 499 1608 sit,
524 1551 645 1614 quod
673 1568 763 1598 non
783 1552 1067 1613 intelligimus
1089 1571 1098 1607 ς
1119 1562 1163 1599 et
1185 1553 1245 1598 sic
1266 1552 1476 1615 pleraque

88 1623 263 1671 inventa
283 1632 408 1681 sunt,
434 1639 534 1685 quae
554 1623 767 1670 latebant.

576 1869 794 1920 CAPUT
830 1872 990 1922 XXX.

227 1990 425 2054 Reguloe
454 1989 962 2049 Tz'clzoniz‘Donatistoe
985 1991 1336 2053 expendantur.
1366 2049 1369 2053 r

148 2130 288 2185 XLII.
312 2130 550 2186 'honorans
569 2127 749 2191 quidam
774 2129 850 2191 qui
877 2139 1029 2175 contra
1061 2128 1307 2175 Donatistas
1336 2129 1476 2175 invic-

42 2202 48 2206 ”
90 2200 251 2246 tissime
273 2200 462 2262 scripsit,
495 2216 595 2245 cum
618 2198 749 2244 fuerit
785 2201 1035 2257 Donatista,
1068 2210 1112 2246 et
1135 2199 1224 2245 illic
1257 2200 1478 2246 invenitur

91 2272 384 2329 absurdissimi
405 2270 567 2329 cordis,
588 2271 664 2316 ubi
681 2287 752 2317 eos
773 2287 863 2317 non
880 2272 998 2317 omni
1015 2287 1067 2317 ex
1088 2281 1211 2332 parte
1231 2271 1478 2333 relinquere

89 2342 244 2401 voluit,
270 2343 375 2389 fecit
402 2342 567 2388 librum
592 2358 725 2404 quem
747 2341 1046 2405 Regularum
1069 2344 1285 2400 vocavit1,
1306 2343 1409 2405 quia
1429 2343 1477 2387 in

91 2429 143 2460 eo
169 2414 381 2476 quasdam
412 2423 579 2475 septem
607 2412 775 2472 regulas
805 2423 1011 2459 executus
1039 2423 1128 2470 est,
1159 2414 1321 2476 quibus
1354 2412 1480 2474 quasi

138 2505 147 2522 ¹
167 2502 262 2533 Extat.
275 2499 307 2532 in
324 2498 473 2532 Biblioth.
503 2501 589 2533 Patr.
617 2503 697 2533 tom.
718 2497 755 2532 15
770 2523 779 2541 ,
805 2498 884 2532 edit.
911 2499 1021 2533 Colon.
1040 2510 1079 2533 an
1107 2497 1206 2542 1622,
1227 2503 1262 2532 et
1283 2498 1316 2532 in
1333 2498 1477 2542 Lugdun.

94 2566 144 2588 an.
164 2555 261 2599 1677,
281 2560 358 2589 tom.
379 2555 413 2587 6.
1326 2551 1329 2555 ’

1215 2610 1254 2648 3.
