1854 3219
373 198 427 227 DE
458 191 668 224 noe'rlth
699 191 952 223 CHMSTIANA
985 195 1067 222 Lm.
1103 195 1163 221 1v.
1404 180 1459 221 59

74 277 197 310 suam
219 272 468 309 nostrorum
489 269 717 306 auctorum
738 260 901 319 linguae
917 274 1006 303 non
1024 256 1326 317 magnitudine
1343 293 1354 313 ,
1385 257 1461 302 sed

72 345 248 380 tumore
267 341 532 395 praeponunt
547 367 557 387 ,
579 329 808 377 ostendere
826 330 872 373 in
898 330 1080 374 istorum
1100 328 1275 372 Litteris
1297 328 1426 373 sacris
1445 364 1456 384 ,

69 422 179 468 quos
200 405 329 450 nobis
349 397 622 457 erudiendis,
652 411 695 446 et
717 402 772 445 ab
794 401 878 445 hoc
895 399 1054 444 saeculo
1069 414 1204 459 pravo
1220 399 1267 442 in
1281 399 1461 443 beatum

67 477 281 525 saeculum
302 474 613 522 transferendis
628 509 639 530 ‚
663 472 939 534 providentia
962 473 1109 523 divina
1134 471 1340 532 providit.
1375 472 1461 517 Sed

66 564 161 594 non
181 549 271 608 ipsa
292 556 364 591 me
389 545 488 606 plus
508 560 644 606 quam
664 544 750 589 dici
773 551 916 604 potest
936 543 983 587 in
1012 542 1085 587 illa
1107 541 1358 603 eloquentia
1380 541 1461 586 de·-

66 619 231 665 lectant
246 653 258 674 ,
275 632 376 679 quae
398 625 501 662 sunt
520 617 588 661 his
602 616 703 661 viris
719 631 820 660 cum
841 614 1085 660 oratoribus
1108 611 1337 673 gentilium
1353 616 1462 673 poe-

67 692 176 737 tisve
209 689 460 736 communia
486 708 495 735 :
519 687 634 733 illud
653 688 790 747 magis
823 687 1015 732 admiror
1045 696 1088 731 et
1120 693 1301 746 stupeo,
1340 686 1462 746 quod

67 763 149 808 ista
170 769 317 807 nostra
340 759 590 821 eloquentia
616 760 678 804 ita
705 759 771 803 usi
794 767 896 803 sunt
921 773 1000 818 per
1021 758 1201 802 alteram
1224 755 1461 818 quamdam

70 833 364 894 eloquentiam
386 838 536 886 suam,
566 839 618 875 ut
649 845 730 874 nec
761 829 928 874 deesset
956 830 1038 885 eis,
1074 844 1155 874 nec
1183 829 1394 873 emineret
1414 829 1462 873 in

70 906 129 950 eis
151 921 160 950 ε
183 902 287 965 quia
310 916 406 948 eam
427 917 508 946 nec
529 900 767 961 improbari
790 900 845 945 ab
867 900 974 956 illis,
1000 915 1081 945 nec
1102 900 1308 945 ostentari
1330 914 1462 960 opor-

68 977 209 1034 tebat3
229 987 421 1036 quorum
439 972 625 1018 alterum
641 973 764 1017 fieret
775 1008 786 1028 ,
803 973 837 1017 si
851 972 1064 1017 vitaretur
1079 993 1089 1030 3
1116 971 1301 1016 alterum
1315 972 1462 1032 putari

67 1055 238 1108 posset,
269 1046 301 1090 si
335 1043 463 1089 facile
492 1052 814 1104 agnosceretur.
845 1046 903 1088 Et
935 1044 981 1088 in
1016 1043 1179 1105 quibus
1211 1043 1326 1087 forte
1357 1041 1461 1087 locis

68 1117 318 1177 agnoscitur
342 1131 365 1160 a
387 1115 547 1171 doctis,
579 1114 687 1159 tales
712 1129 779 1159 res
811 1113 1036 1170 dicuntur,
1064 1122 1115 1158 ut
1137 1114 1269 1158 verba
1300 1113 1462 1174 quibus

68 1188 291 1243 dicuntur,
327 1199 418 1231 non
448 1199 471 1231 a·
499 1185 672 1231 dicente
703 1185 921 1242 adhibita,
958 1185 1033 1230 sed
1062 1185 1162 1245 ipsis
1187 1184 1319 1228 rebus
1339 1184 1462 1229 velut

67 1267 221 1318 sponte
249 1258 482 1318 subjuncta
514 1257 768 1301 videantur:
798 1257 922 1317 quasi
953 1257 1210 1316 sapientiam
1243 1256 1297 1300 de
1329 1254 1462 1299 domo

68 1342 144 1374 sua
160 1364 170 1384 ,
195 1328 242 1373 id
255 1337 333 1384 est,
353 1337 531 1388 pectore
553 1329 758 1387 sapientis
775 1328 1013 1387 procedere
1034 1327 1274 1385 intelligas,
1296 1336 1338 1370 et
1360 1336 1461 1370 tan-

68 1414 201 1461 quam
227 1396 564 1459 inseparabilem
590 1396 800 1442 famulam
834 1398 964 1441 etiam
989 1413 1078 1442 non
1106 1406 1307 1442 vocatam
1340 1398 1461 1458 sequi

69 1469 380 1531 eloquentiam.

74 1631 1459 1656 nmwnwwwummmmmmnmmmmmmmmmswummmmmmmwuw

583 1766 800 1820 CAPUT
833 1772 945 1818 VII.

69 1917 280 1975 Pulchre
309 1924 447 1972 docet
485 1923 710 1972 adductis
742 1925 975 1986 exemplis
1010 1928 1058 1970 in
1086 1928 1240 1971 saeris
1271 1927 1464 1973 Litteris

130 2003 284 2045 inesse
304 2013 593 2062 germanam
617 1996 966 2058 eloquentiam,
988 2013 1094 2056 quse
1111 2000 1361 2059 sapientiae
1379 1999 1464 2045 acl-

129 2070 282 2117 lzceret
300 2070 429 2117 velut
451 2068 792 2131 inseparabilis
813 2086 988 2116 eomes.

128 2221 209 2264 xl.
230 2220 339 2273 Qms
350 2218 468 2264 enim
484 2233 574 2263 non
587 2217 732 2264 videat
747 2217 856 2280 quid
872 2218 1061 2264 voluerit
1077 2217 1222 2264 dicere
1234 2254 1245 2274 ,
1270 2228 1313 2263 et
1330 2235 1463 2280 quam

71 2291 285 2352 sapienter
295 2289 455 2335 dixerit
466 2289 701 2350 Apostolus
714 2309 723 2335 ε
740 2309 757 2331 «
768 2290 1016 2335 Gloriamur
1029 2291 1074 2334 in
1086 2290 1459 2346 tribulationibus,

74 2380 95 2403 »
129 2362 310 2407 scientes
338 2361 442 2422 quia
470 2360 697 2406 tribulatio
725 2361 979 2421 patientiam
1005 2370 1226 2421 operatur,
1252 2362 1463 2422 patientia

74 2450 95 2474 »
130 2441 276 2477 autem
296 2432 624 2492 probationem,
655 2431 857 2491 probatio
886 2447 989 2477 vero
1019 2448 1164 2492 spem,
1196 2448 1293 2492 spes
1315 2441 1462 2477 autem

75 2521 96 2544 »
130 2518 219 2549 non
234 2502 468 2549 confundit
486 2522 494 2549 :
519 2503 622 2564 quia
639 2503 822 2549 charitas
842 2503 917 2548 Dei
936 2502 1095 2548 diffusa
1111 2512 1174 2548 est
1190 2503 1234 2547 in
1252 2502 1459 2548 cordibus
