1854 3219
385 191 466 230 538
817 202 850 230 s.
887 203 1117 233 AUGUSTINI
1151 205 1336 233 Enscom

381 365 1771 386 WQQWUWWWMWWMRWQSQWWSNWQUWMMVWWSXWWWVBWWWW

873 483 1094 531 CAPUT
1131 486 1280 531 xxn.
1308 458 1311 460 ’

488 632 739 695 Ορίηίοηίε
756 630 969 694 ejusdem
975 631 1317 696 fundamenta
1339 632 1683 680 convelluntur.

441 770 607 812 XXIX.
642 770 730 814 Nnc
762 770 853 829 ejus
876 779 1078 814 naturam
1108 785 1198 814 esse
1229 770 1516 829 significatam
1538 768 1659 830 quod
1682 768 1775 815 dic-

383 849 478 884 tum
502 849 566 883 est
587 859 596 885 ε
626 859 646 882 «
667 843 760 884 Hoc
780 850 843 884 est
865 840 1038 884 initium
1060 841 1257 900 figmenti
1281 841 1479 896 Domini,
1509 840 1633 901 quod
1651 839 1771 898 fecit,

385 928 407 952 »
442 920 492 955 ut
515 909 725 955 illudatur
747 911 801 955 ab
824 910 1000 970 Angelis
1022 912 1113 971 ejus
1134 931 1143 956 z
1172 930 1191 952 »
1218 910 1291 955 sed
1317 911 1387 956 vel
1409 927 1566 971 corpus
1583 910 1772 968 aerium,

383 981 504 1043 quod
527 982 603 1026 tali
623 981 840 1027 voluntati
862 992 1156 1041 congruenter
1177 983 1363 1043 aptavit,
1399 982 1469 1027 vel
1492 983 1628 1042 ipsam
1657 983 1776 1028 ordi-

381 1054 626 1112 nationem,
650 1054 694 1098 in
715 1069 802 1115 qua
820 1069 922 1097 cum
938 1052 1040 1098 fecit
1057 1053 1189 1098 etiam
1207 1053 1430 1098 nolentem
1446 1053 1601 1098 utilem
1623 1054 1773 1112 bonis,

378 1125 451 1171 vel
480 1125 602 1186 quod
635 1125 866 1186 praesciens
899 1140 1000 1169 eum
1023 1125 1198 1185 propria
1217 1125 1444 1170 voluntate
1462 1124 1628 1169 malum
1650 1124 1776 1170 sutu-

379 1212 478 1241 rum
491 1232 501 1251 ,
528 1195 632 1241 fecit
661 1211 763 1240 eum
782 1205 951 1252 tamen,
976 1212 1066 1241 non
1084 1196 1305 1241 abstinens
1324 1197 1568 1242 honitatem
1589 1212 1714 1241 suam
1730 1196 1777 1242 in

379 1267 618 1329 praebenda
648 1268 737 1312 vita
759 1276 891 1328 atque
912 1267 1153 1312 substantia
1188 1266 1350 1312 suturae
1380 1269 1512 1312 etiam
1534 1268 1674 1312 noxiae
1694 1283 1776 1313 vo-

377 1339 559 1394 luntati,
591 1338 721 1383 simul
751 1338 995 1399 praevidens
1032 1348 1197 1399 quanta
1236 1338 1291 1382 de
1324 1338 1400 1383 illo
1427 1339 1545 1383 bona
1567 1348 1677 1383 esset
1699 1354 1776 1383 sua

378 1410 568 1456 mirabili
599 1410 796 1455 bonitate
827 1426 875 1454 ac
910 1420 1124 1470 potestate
1159 1409 1369 1455 facturus.
1410 1411 1590 1456 Initium
1629 1420 1775 1455 autem

378 1483 576 1543 figmenti
610 1482 785 1527 Domini
808 1481 950 1527 dictus
985 1492 1073 1538 est,
1110 1483 1231 1543 quod
1255 1481 1358 1528 secit
1375 1520 1385 1540 ,
1413 1493 1464 1528 ut
1485 1482 1696 1527 illudatur
1719 1483 1774 1526 ab

378 1553 555 1613 Angelis
572 1555 663 1614 ejus
678 1589 688 1603 ‚
713 1569 804 1597 non
831 1554 931 1614 quia
953 1553 1096 1613 ipsum
1120 1553 1319 1612 primitus
1344 1553 1543 1599 condidit
1561 1589 1571 1609 ,
1597 1552 1667 1598 vel
1688 1553 1774 1596 ini-

378 1625 439 1669 tio
457 1623 621 1668 malum
645 1623 865 1681 condidit,
890 1623 964 1667 sed
989 1623 1090 1684 quia
1110 1639 1210 1668 cum
1233 1625 1360 1668 sciret
1377 1639 1478 1668 eum
1495 1623 1550 1668 ad
1571 1624 1654 1668 hoc
1667 1639 1774 1683 pro-

377 1695 472 1755 pria
504 1694 731 1739 voluntate
753 1694 917 1738 malum
942 1693 1144 1738 futurum
1167 1703 1217 1738 ut
1239 1694 1365 1739 honis
1392 1702 1592 1750 noceret,
1614 1694 1774 1739 creavit

377 1782 479 1810 eum
503 1765 558 1809 ad
579 1767 662 1810 hoc
680 1774 731 1809 ut
751 1766 806 1809 de
828 1764 904 1810 illo
926 1765 1052 1809 bonis
1075 1766 1165 1825 ipse
1180 1765 1419 1825 prodesset.
1439 1769 1533 1810 Hoc
1552 1775 1615 1809 est
1636 1765 1769 1820 enim,

376 1847 427 1881 ut
445 1835 658 1881 ‘illudatur
692 1837 747 1880 ab
775 1836 950 1895 Angelis
973 1838 1089 1897 ejus,
1114 1837 1323 1896 quoniam
1352 1837 1411 1881 sic
1434 1835 1650 1891 illuditur,
1671 1851 1772 1880 cum

375 1908 532 1953 sanctis
550 1918 736 1968 prosunt
753 1907 1016 1952 tentationes
1035 1913 1140 1964 ejus,
1166 1908 1328 1969 quihus
1351 1923 1423 1952 eos
1443 1907 1680 1968 depravare
1697 1923 1773 1952 co-

374 1989 520 2035 natur,
557 1989 607 2023 ut
628 1979 809 2034 malitia,
835 1979 879 2022 in
903 1995 990 2039 qua
1012 1979 1103 2038 ipse
1133 1994 1224 2023 esse
1252 1978 1418 2034 voluit,
1445 1994 1496 2023 eo
1518 1979 1696 2023 nolente
1718 1979 1771 2022 sit

373 2051 491 2096 utilis
526 2051 656 2095 servis
690 2050 767 2095 Dei
786 2072 796 2108 3
829 2051 930 2111 quia
961 2050 1044 2094 hoc
1082 2049 1330 2110 praevidens
1365 2066 1466 2094 eum
1489 2050 1627 2094 finxit.
1664 2049 1769 2094 Ideo

373 2123 546 2166 initium
574 2121 626 2165 ad
649 2120 926 2165 illudendum
945 2157 955 2176 ,
981 2121 1085 2181 quia
1117 2130 1160 2165 et
1182 2121 1283 2165 mali
1305 2122 1503 2165 homines
1526 2136 1625 2165 vasa
1653 2122 1769 2181 ejus-

374 2193 475 2237 dem
496 2193 686 2248 diaboli,
724 2202 767 2236 et
789 2201 999 2253 tanquam
1025 2193 1176 2252 eapitis
1196 2208 1353 2252 corpus
1370 2228 1380 2248 ,
1407 2208 1516 2253 quos
1545 2192 1768 2236 nihilomi-

372 2280 454 2308 nus
478 2267 591 2308 Deus
612 2263 746 2308 malos
765 2262 937 2308 futuros
953 2263 1222 2323 praevidens,
1252 2263 1412 2308 creavit
1432 2272 1579 2306 tamen
1601 2262 1655 2307 ad
1678 2264 1767 2307 uti-

371 2335 538 2379 litatem
577 2343 826 2378 sanctorum
842 2370 852 2390 ,
895 2333 1089 2377 similiter
1132 2333 1408 2390 illuduntur,
1444 2350 1545 2378 cum
1588 2344 1631 2378 et
1667 2335 1768 2394 ipsis

370 2421 527 2451 nocere
549 2405 796 2450 volentibus
813 2441 823 2461 ,
851 2414 1078 2465 praestatur
1102 2406 1259 2450 sanctis
1282 2421 1331 2449 ex
1356 2421 1509 2450 eorum
1535 2421 1765 2465 compara-

368 2478 485 2522 tione
519 2476 713 2532 cautela‚
751 2487 794 2521 ct
822 2477 892 2536 pia
928 2477 1009 2520 sul)
1040 2480 1129 2521 Deo
1160 2476 1384 2521 humilitas
1407 2486 1451 2521 et
1472 2476 1764 2535 intelligentia

371 2549 519 2609 gratiae
533 2585 544 2606 ,
569 2559 613 2594 et
635 2549 886 2595 exercitatio
908 2547 964 2594 ad
982 2548 1231 2595 tolerandos
1248 2548 1406 2606 malos,
1427 2558 1470 2594 et
1486 2548 1687 2609 probatio
1709 2549 1762 2593 ad
