1854 3219
345 158 428 196 (346

341 239 482 267 Giv‚vn⁴

416 359 485 379 vnl.

444 414 486 434 Π.

430 639 485 660 xil.

423 695 489 716 xm.

428 752 489 773 xw.

434 864 486 884 XV.

419 919 483 939 XVI.

408 975 483 996 xvu.

396 1086 489 1108 xvlu.

420 1143 484 1163 xlx.

434 1200 483 1220 XX.

419 1312 486 1334 XXI.

405 1425 482 1447 xxu.

396 1537 484 1559 xxm.

394 1650 482 1671 XXIV.

411 1762 486 1783 XXV.

403 1819 486 1839 xxvl.

390 1875 489 1896 (mvn.

373 1932 487 1953 xxvnl.

403 2044 487 2065 xxm.

412 2157 486 2180 XXX·

400 2269 485 2290 xxxl.

390 2383 486 2405 xxxu.

384 2441 490 2463 xxxnl.

954 173 1102 199 INDEX.

511 240 632 267 Genera
651 237 823 276 visionum,
844 238 1009 280 corporale
1023 266 1030 275 ,
1052 240 1212 281 spiritale,
1240 240 1469 273 intellectuale.
1488 261 1527 265 -—
1545 245 1620 274 Cor-

567 292 676 333 porale
692 292 820 334 proprie
839 297 871 324 et
890 294 1052 325 translate.
1074 313 1116 317 —
1130 295 1278 337 Spiritale
1295 296 1434 338 pluribus
1451 299 1565 330 modis.

513 348 601 379 [nde
614 348 755 389 spiritale
768 348 886 380 dicitur
898 348 1055 382 visionum
1074 360 1171 391 genus
1188 351 1371 384 secundum,

515 403 717 446 Prophetiam
736 405 776 436 ad
794 410 933 437 mentem
952 406 1126 447 pertinere.

483 483 489 490 .
517 459 737 492 Intellectuale
761 470 858 502 genus
875 461 1018 493 visionis.

443 526 484 548 xi.

513 515 716 558 Corporalem
735 517 886 549 visionem
904 517 1018 549 referri
1036 518 1075 550 ad
1105 518 1297 562 spiritalem,
1316 520 1398 553 lianc
1417 531 1494 553 vero
1511 521 1550 552 ad
1576 522 1623 552 in-

562 572 791 605 tellectualem.

513 629 693 671 Corporalis
712 635 743 661 et
762 629 910 672 spiritalis
924 630 1015 662 visio.

517 687 565 717 An
582 686 657 717 insit
675 686 707 717 in
725 685 829 719 anima
848 687 894 718 vis
911 687 1124 720 divinationis.

517 741 748 773 Intellectualis
765 742 842 774 visio
859 753 922 775 non
935 743 1027 775 fallit.
1049 746 1084 775 In
1101 743 1169 776 aliis
1185 743 1252 776 falli
1269 755 1330 776 non
1344 754 1471 786 semper
1490 749 1539 777 est
1553 755 1622 787 per-

562 797 727 829 niciosum.

513 852 640 884 Somnia
661 864 800 885 venerea
818 854 886 886 sine
906 860 1042 897 peccato
1061 854 1265 897 contingere.

511 908 728 951 Corporalium
749 909 970 941 similitudines
987 921 1004 940 a
1022 908 1135 952 spiritu
1152 910 1183 941 in
1199 921 1234 942 se
1252 911 1318 953 ipso
1337 911 1483 942 formari.

510 964 740 996 Similitudines
763 964 868 996 animo
895 976 1049 1008 expressae
1078 966 1160 997 unde
1182 966 1387 998 innotescant
1414 966 1621 998 dzemonilnis.

561 1020 701 1052 Yisiones
716 1021 969 1063 quzedammirze.
991 1038 1033 1043 —-
1057 1021 1253 1054 Plirenetici.
1275 1025 1315 1045 —'—
1337 1024 1416 1053 Puer
1433 1026 1597 1062 aegrotans,

518 1079 563 1108 De
581 1077 740 1109 visionum
762 1077 876 1108 causis.

512 1133 602 1164 Unde
618 1137 791 1165 nascantur
807 1133 956 1165 visiones.

513 1189 586 1221 Visa
604 1201 672 1232 quae
689 1200 707 1221 a
729 1200 865 1232 corpore
889 1190 1092 1223 occasionem
1108 1189 1232 1222 habent
1246 1215 1254 1230 ,
1274 1200 1336 1221 non
1354 1194 1462 1223 tamen
1481 1190 1627 1223 exhiheri

563 1257 581 1277 a
599 1256 751 1288 corpore.

514 1302 592 1334 Visa
611 1301 829 1345 corporalibus
845 1302 958 1334 similia
972 1302 1004 1334 in
1023 1313 1093 1345 quae
1110 1302 1215 1335 anima
1236 1301 1374 1345 rapitur,
1388 1312 1451 1334 non
1470 1303 1541 1335 ideo
1560 1313 1628 1335 esse

564 1363 686 1391 naturae
710 1359 857 1391 diversae.

509 1415 675 1453 Quomodo
693 1415 881 1458 contingant
900 1416 969 1447 visa
987 1415 1055 1456 illa,
1069 1426 1109 1447 ex
1129 1415 1244 1457 quibus
1268 1414 1480 1447 divinationes
1498 1414 1628 1448 occulto

561 1471 717 1503 instinctu
729 1481 786 1503 seu
807 1482 884 1503 casu
900 1471 1010 1503 factae.

512 1526 695 1569 Spiritalem
712 1531 879 1568 naturam,
899 1526 955 1558 ubi
976 1531 1042 1558 tam
1064 1525 1169 1557 multis
1187 1526 1292 1558 causis
1315 1525 1535 1559 similitudines
1553 1537 1625 1558 cor-

562 1582 718 1624 poralium
735 1582 915 1615 formentur
939 1583 969 1613 in
986 1581 1078 1612 nobis
1092 1581 1243 1613 existere.

511 1638 673 1670 visionem
698 1638 948 1671 intellectualem
977 1637 1112 1680 spiritali
1141 1637 1318 1680 spiritalem
1351 1638 1513 1680 corporali
1544 1650 1626 1681 prae-

561 1700 660 1727 stare.

514 1750 619 1782 Solam
636 1750 890 1783 intellectualem
908 1749 1063 1783 visionem
1088 1761 1150 1782 non
1166 1749 1290 1782 fallere.

513 1809 637 1849 Raptus
655 1807 768 1839 animae
784 1807 903 1849 duplex
925 1807 1060 1849 spiritali
1078 1806 1200 1838 visione
1219 1809 1252 1838 et
1276 1805 1497 1838 intellectuali.

515 1865 587 1902 Quo
608 1874 730 1906 genere
745 1863 875 1896 visionis
893 1867 976 1896 Deus
990 1874 1009 1895 a
1027 1865 1133 1905 Moyse
1150 1863 1245 1895 visus.

511 1921 658 1952 Tertium
676 1919 792 1952 coelum
811 1925 843 1952 et
862 1920 1059 1963 paradisum,
1079 1920 1120 1952 de
1137 1930 1200 1963 quo
1218 1918 1400 1962 Apostolum„
1420 1929 1511 1962 posse
1529 1918 1629 1951 intel·

564 1976 616 2019 ligi
633 1975 764 2008 tertium
783 1987 881 2019 genus
904 1976 1045 2008 visionis.

514 2035 563 2066 An
581 2037 618 2065 ut
636 2032 744 2075 plures
761 2032 844 2072 coeli,
857 2032 902 2064 ita
919 2032 951 2064 in
964 2031 1097 2075 spiritali
1117 2035 1151 2063 et
1165 2030 1372 2063 intellectuali
1387 2030 1506 2062 visione
1524 2030 1630 2072 plures

572 2089 698 2132 gradus.

514 2149 550 2179 In
568 2146 703 2189 spiritali
723 2157 840 2188 genere
857 2144 1001 2187 visionis,
1022 2144 1082 2177 alla
1098 2144 1240 2187 visionis,
1253 2143 1313 2176 alia
1328 2143 1392 2176 visa
1406 2144 1495 2186 quasi
1508 2143 1628 2184 divina,

566 2202 627 2234 alia
647 2201 798 2234 humana.

511 2260 559 2290 An
585 2257 795 2290 intellectuali
821 2257 941 2290 visione
973 2256 1033 2289 alia
1061 2261 1135 2288 sunt
1162 2267 1231 2299 quse
1256 2257 1289 2289 in
1326 2255 1430 2288 anima
1463 2255 1628 2294 videntur,

563 2315 648 2348 aliud
661 2315 768 2348 lumen
789 2326 850 2358 quo
868 2315 937 2358 ipsa
952 2313 1135 2346 illustratur.
1157 2331 1199 2337 —
1218 2316 1339 2346 Lumen
1353 2312 1466 2345 animm
1488 2315 1582 2346 Deus.

513 2372 626 2405 Anima
647 2384 783 2416 corpore
804 2377 919 2414 exuta,
937 2383 1000 2414 quo
1021 2370 1157 2403 feratur.

512 2433 557 2463 De
584 2430 694 2462 inferis
717 2431 860 2473 quaestio.
884 2447 924 2453 —-
948 2428 1093 2462 Animam
1124 2439 1193 2461 esse
1220 2428 1454 2469 incorpoream.
1473 2444 1515 2450 —-
1533 2426 1627 2458 Sinus

567 2488 589 2518 A
596 2486 702 2518 brahae
711 2513 714 2515 .

1674 1361 1739 1391 599

1670 1470 1738 1503 (300

1675 1583 1741 1614 002

1675 1697 1741 1728 604

1675 1753 1741 1783 606

1676 1864 1741 1895 609

1674 2314 1739 2345 614

1675 2371 1743 2401 615

1674 2482 1735 2512 617

1843 2952 1851 3022 «2.—
