1854 3219
385 174 468 212 522
807 180 841 208 s.
878 179 1109 210 Avensa-uu
1141 182 1325 211 Emscom

383 334 1767 357 WWU‘WWWWWWWWWWWWUWWWWWUWWVUWWWWWVWUWWWW

890 459 1109 509 CAPUT
1145 461 1263 510 VII.

390 603 492 650 Cur
511 602 654 650 homo
676 618 773 650 non
794 601 909 652 talis
935 613 1128 650 creatas
1155 603 1240 663 qui
1261 600 1409 649 nollet
1429 617 1646 664 unquam
1661 618 1776 664 pec-

1014 691 1144 721 care.

444 812 523 856 IX,
558 813 738 866 ΤΑιΕΜ,
772 810 1004 872 inquiunt,
1041 809 1203 855 faceret
1240 810 1466 855 hominem
1483 845 1494 865 ‚
1531 809 1608 870 qui
1640 808 1779 855 nollet

383 883 563 928 omnino
585 897 779 942 peccare.
806 885 916 927 Ecce
938 898 1016 926 nos
1039 881 1322 926 concedimus
1349 881 1574 926 meliorem
1597 897 1687 925 esse
1706 897 1780 926 na-

385 964 552 1009 turam,
579 969 679 1015 quae
697 954 877 998 omnino
900 968 1081 1013 peccare
1098 952 1208 997 nolit
1231 972 1239 998 2
1265 952 1511 998 concedant
1527 962 1571 997 et
1587 953 1667 1013 ipsi
1689 968 1780 997 non

385 1040 473 1068 esse
494 1023 656 1069 malam
678 1033 897 1079 naturam,
919 1040 1019 1084 quae
1037 1024 1096 1068 sic
1115 1022 1229 1067 facta
1251 1033 1330 1080 est,
1347 1033 1398 1068 ut
1414 1033 1558 1084 posset
1572 1040 1663 1068 non
1678 1039 1781 1083 pec-

385 1112 484 1141 care
502 1096 538 1140 si
560 1095 721 1151 nollet,
747 1104 789 1139 et
805 1097 969 1155 justam
993 1111 1084 1139 esse
1112 1096 1374 1140 sententiam
1395 1112 1484 1156 qua
1507 1096 1663 1155 punita
1688 1105 1777 1150 est,

385 1183 486 1229 quae
506 1166 735 1212 voluntate
756 1182 848 1211 non
875 1167 1129 1212 necessitate
1157 1167 1370 1226 peccavit.
1401 1167 1522 1212 Sicut
1544 1181 1648 1225 ergo
1671 1167 1781 1211 ratio

384 1254 487 1284 vera
516 1238 645 1282 docet
667 1236 892 1282 meliorem
921 1253 1010 1282 esse
1039 1246 1270 1293 naturam,
1303 1253 1436 1298 quam
1466 1253 1644 1295 prorsus
1670 1236 1782 1281 nihil

386 1309 577 1353 delectat
599 1308 806 1353 illicitum
827 1328 835 1353 :
858 1309 916 1352 ita
938 1309 1048 1353 ratio
1067 1324 1169 1352 vera
1186 1308 1325 1352 nihilo
1339 1308 1484 1352 minus
1501 1306 1631 1351 docet
1648 1308 1781 1351 etiam

383 1379 504 1424 illam
526 1380 690 1424 honam
708 1395 812 1433 esse,
838 1395 938 1438 quae
955 1378 1088 1422 habet
1110 1379 1156 1421 in
1177 1386 1392 1437 potestate
1413 1376 1610 1422 illicitam
1631 1376 1781 1422 delec-

385 1454 613 1506 tationem,
640 1451 674 1496 si
701 1450 905 1505 extiterit,
931 1450 991 1494 ita
1013 1450 1241 1505 cohibere,
1268 1459 1318 1494 ut
1340 1465 1431 1494 non
1451 1449 1595 1494 solum
1613 1449 1667 1493 de
1690 1466 1781 1494 cae-

383 1523 485 1568 teris
512 1521 644 1566 licitis
667 1530 873 1582 recteque
895 1519 1019 1565 factis
1034 1556 1045 1576 ,
1071 1520 1359 1564 verumetiam
1381 1519 1436 1564 de
1467 1519 1602 1580 ipsius
1629 1535 1778 1580 pravae

386 1593 688 1639 delectationis
714 1592 984 1636 cohibitione
1005 1591 1194 1636 laetetur.
1217 1593 1331 1637 Cum
1364 1607 1468 1651 ergo
1498 1592 1592 1636 haec
1622 1601 1780 1636 natura

381 1665 498 1709 bona
520 1666 594 1719 sit,
621 1663 693 1708 illa
711 1663 881 1718 melior9
906 1679 984 1708 cur
1008 1662 1128 1707 illam
1150 1663 1287 1707 solam
1304 1699 1315 1718 ‚
1349 1672 1392 1707 et
1426 1679 1517 1707 non
1547 1672 1780 1724 utramque

380 1736 526 1796 potius
554 1734 717 1779 faceret
738 1736 881 1778 Deus?
903 1737 966 1778 Ac
987 1749 1065 1793 per
1094 1734 1178 1778 hoc
1200 1734 1278 1794 qui
1306 1734 1445 1793 parati
1474 1742 1598 1777 erant
1625 1733 1680 1778 de
1706 1732 1781 1778 illa

380 1807 470 1852 sola
488 1811 629 1852 Deum
646 1805 826 1850 laudare
843 1840 853 1860 ‚
880 1805 1058 1849 uberius
1073 1820 1174 1849 eum
1195 1805 1360 1849 debent
1376 1804 1556 1849 laudare
1578 1805 1633 1848 de
1655 1814 1779 1849 utra—

379 1893 480 1939 que.
504 1877 584 1922 Illa
603 1877 768 1937 quippe
791 1885 854 1920 est
872 1875 918 1920 in
940 1876 1096 1920 sanctis
1115 1875 1291 1934 Angelis
1305 1911 1315 1930 ‚
1341 1876 1436 1921 haec
1457 1877 1502 1920 in
1520 1876 1679 1921 sanctis
1702 1877 1779 1920 ho-

375 1950 587 1996 minibus.
611 1949 698 2001 Qui
720 1956 867 1992 autem
884 1947 966 1991 sibi
988 1957 1131 2007 partes
1149 1947 1390 2008 iniquitatis
1407 1947 1649 2006 elegerunt,
1678 1947 1777 1991 lau-

378 2020 661 2081 dabilemque
693 2029 898 2064 naturam
936 2017 1148 2077 culpabili
1186 2017 1415 2063 voluntate
1458 2019 1775 2078 depravarunt,

377 2107 468 2136 non
502 2091 606 2152 quia
633 2089 821 2150 praesciti
846 2098 947 2133 sunt
964 2124 975 2144 ,
1009 2087 1109 2133 ideo
1139 2088 1274 2133 creari
1296 2088 1478 2133 minime
1500 2088 1770 2134 debuerunt.

378 2163 553 2207 Habent
570 2161 688 2206 enim
710 2173 753 2206 et
769 2159 850 2220 ipsi
867 2159 1014 2204 locum
1031 2175 1177 2215 suum,
1193 2174 1326 2220 quem
1347 2160 1393 2203 in
1410 2155 1540 2204 rebus
1557 2159 1774 2218 impleant

374 2249 454 2294 pro
476 2232 663 2277 utilitate
680 2240 946 2277 sanctorum.
965 2233 1076 2277 Nam
1093 2233 1207 2275 Deus
1228 2245 1309 2274 nec
1324 2230 1493 2290 justitia
1507 2231 1771 2291 cujusquam

376 2303 483 2349 recti
505 2303 694 2350 hominis
715 2311 815 2362 eget
828 2338 839 2358 ‚
863 2310 1030 2363 quanto
1052 2301 1198 2346 minus
1219 2301 1450 2361 iniquitate
1470 2301 1696 2362 perversi?
