1854 3219
361 230 415 258 DE
447 229 598 258 GENESI
630 225 684 256 An
716 227 960 270 LITTERAM,
995 231 1076 259 Lm·
1113 232 1173 259 1x.
1389 217 1470 257 453

92 394 122 412 ΙΝ
127 394 405 412 WWVEVWMWW
409 393 475 412 ἉΜ
479 393 1041 411 ΜἋΝΨἉΝἾΝᾺΊΜΛἙΜὶΜἮἎΜ
1047 394 1185 413 Μννὶκῑ
1190 394 1258 411 ww&
1262 394 1329 412 WW
1333 393 1399 411 νυνὶ
1403 393 1472 411 ww

600 516 819 568 CAPUT
861 520 973 570 VII.

86 663 268 711 Mulier
282 663 514 726 pariendi
537 680 705 711 eausa.
741 663 881 710 Unde
915 663 1177 710 laudabilis
1211 665 1468 726 virginitas

148 744 194 779 et
225 736 814 796 nupt‘c'oe.—Matrz'mom‘c'
842 734 1020 798 triplex
1051 733 1474 783 bonam—Liber

146 805 206 851 cle
231 805 352 852 bono
374 806 635 871 conficgcdz'.

142 944 246 987 XII.
271 945 368 989 Non
386 944 534 1004 itaque
555 944 682 989 video
706 943 761 989 ad
784 944 904 1005 quod
934 943 1054 989 aliud
1081 945 1347 1005 adjutorium
1368 959 1470 988 mu-

83 1014 162 1060 lier
189 1014 303 1061 facta
331 1016 385 1061 sit
410 1016 529 1072 viro,
557 1017 591 1060 si
621 1016 858 1075 generandi
890 1032 1017 1061 causa
1039 1016 1310 1061 subtrahitur
1337 1035 1345 1060 2
1371 1030 1470 1075 quae

84 1085 366 1131 nihilominus
388 1103 524 1147 quare
553 1086 837 1131 subtrahatur
859 1088 1027 1146 ignoro.
1051 1086 1177 1131 Unde
1199 1087 1316 1130 enim
1343 1101 1470 1144 mag-

83 1173 190 1202 num
206 1158 442 1218 magnique
462 1159 640 1203 honoris
658 1159 864 1203 meritum
888 1158 1006 1219 apud
1023 1162 1164 1203 Deum
1187 1157 1325 1202 fidelis
1342 1167 1384 1201 et
1400 1157 1470 1217 pia

81 1228 302 1287 virginitas
321 1229 456 1272 habet
469 1264 479 1284 ,
505 1229 587 1273 nisi
606 1229 709 1289 quia
725 1230 807 1273 isto
819 1231 908 1289 jam
928 1238 1123 1289 tempore
1141 1228 1394 1273 continendi
1416 1228 1471 1272 ab

79 1297 303 1358 amplex11‚
328 1314 430 1343 cum
448 1314 500 1343 ex
520 1299 723 1344 omnibus
746 1299 946 1357 gentibus
970 1300 1025 1344 ad
1042 1298 1317 1359 implendum
1341 1314 1469 1343 sanc-

79 1379 225 1414 torum
247 1384 483 1414 numerum
503 1369 742 1428 largissima
771 1379 974 1429 suppetat
1000 1371 1124 1429 copia
1139 1405 1149 1425 ,
1177 1369 1471 1429 percipiendae

78 1438 264 1484 sordidae
276 1438 514 1499 voluptatis
531 1438 670 1484 libido
691 1455 781 1484 non
795 1440 875 1483 sibi
892 1439 1087 1484 vindicat
1102 1476 1112 1495 ‚
1133 1440 1253 1500 quod
1270 1441 1360 1500 jam
1379 1440 1473 1484 suf-

75 1509 274 1554 ficiendae
291 1509 423 1570 prolis
441 1509 713 1553 necessitudo
733 1525 822 1554 non
841 1509 1064 1569 postulat?
1086 1511 1284 1571 Denique
1303 1512 1469 1555 utrius-

77 1596 164 1641 que
189 1596 315 1626 sexus
337 1580 563 1625 infirmitas
583 1580 860 1640 propendens
882 1581 929 1624 in
952 1582 1124 1625 ruinam
1155 1581 1466 1641 turpitudinis,

78 1661 195 1696 recte
216 1652 427 1712 excipitur
447 1652 676 1696 honestate
698 1651 953 1712 nuptiarum
971 1688 981 1707 ,
1014 1662 1063 1696 ut
1083 1652 1219 1716 „qnod
1247 1654 1358 1697 sanis
1380 1669 1472 1698 esse

77 1732 223 1783 posset
244 1721 460 1776 officium,
493 1723 547 1766 sit
567 1723 740 1781 aegrotis
765 1711 1202 1798 remediumffieque
1224 1724 1340 1767 enim
1367 1725 1470 1784 quia

78 1793 396 1838 incontinentia
413 1792 579 1837 malum
595 1802 673 1848 est,
690 1791 789 1837 ideo
807 1793 1095 1849 connubium,
1113 1794 1184 1839 vel
1205 1810 1294 1854 quo
1310 1795 1468 1840 incon-

78 1863 266 1909 tinentes
305 1862 569 1923 copulantur
585 1898 596 1919 ,
634 1879 723 1907 11011
771 1872 835 1907 est
876 1863 1044 1908 bonum
1083 1883 1092 1909 z
1138 1864 1333 1909 imovero
1378 1881 1470 1910 non

77 1944 257 1995 propter
277 1933 390 1978 illud
410 1934 582 1978 malum
597 1934 817 1995 culpabile
839 1945 903 1979 est
924 1936 1007 1979 hoc
1026 1935 1195 2001 bonum
1209 1972 1219 1991 ‚
1240 1936 1316 1981 sed
1332 1953 1470 1997 prop-

78 2015 144 2050 ter
159 2005 243 2050 hoc
260 2005 429 2049 bonum
445 2004 613 2049 veniale
630 2015 695 2049 est
710 2004 821 2049 illud
838 2005 1260 2067 malumsg'quoniam
1281 2006 1326 2051 id
1348 2008 1469 2068 quod

76 2075 246 2120 bonum
258 2075 425 2119 habent
439 2075 603 2134 nuptiae
617 2084 660 2119 et
676 2092 765 2136 quo
783 2076 913 2120 bonae
930 2086 1032 2121 sunt
1049 2077 1216 2136 nuptiae
1240 2088 1470 2137 peccatum

78 2162 166 2191 esse
194 2161 423 2206 nunquam
453 2154 611 2205 potest.
639 2149 911 2213 Hoc-autem
934 2148 1199 2208 tripertitum
1223 2158 1309 2204 est,
1335 2149 1467 2205 fides,

78 2216 219 2277 proles
235 2251 246 2271 ‚
271 2224 604 2260 sacramentum.
628 2219 680 2260 In
697 2216 784 2261 fide
807 2217 1048 2262 attenditur
1066 2234 1120 2262 ne
1139 2228 1298 2279 praeter
1313 2220 1469 2265 vincu-

77 2287 171 2331 lum
202 2285 455 2346 conjugale,
489 2301 591 2330 cum
619 2286 753 2332 altera
784 2288 854 2333 vel
886 2288 1022 2334 altero
1053 2291 1387 2335 concumbatur.
1416 2294 1469 2334 ln

77 2356 216 2423 prole,
236 2357 779 2425 1191111111ῑ-ςΞ-ξνῑ1591111311113
797 2359 1011 2425 11911113119ὼ
1009 2361 1244 2425 'Efflatur’
1271 2361 1467 2421 religioee

78 2405 379 2505 eche-turpn
400 2422 669 2473 sacramento
693 2420 1207 2492 autedeF'eonjagififfi
1230 2448 1319 2477 non
1341 2448 1468 2491 sepa-

78 2506 197 2541 retur
217 2507 259 2542 et
284 2498 497 2554 omissus,
521 2507 597 2543 aut
618 2498 790 2544 dimissa
807 2516 887 2545 nec
909 2517 1037 2546 causa
1058 2503 1189 2562 prolis
1210 2503 1333 2547 alteri
1357 2517 1466 2546 con-

76 2571 299 2628 jungatur.
332 2571 436 2614 Haec
468 2580 531 2618 est
563 2580 768 2631 tanquam
796 2572 943 2630 regula
968 2575 1220 2632 nuptiarum
1239 2609 1250 2628 ‚
1282 2589 1367 2632 qua
1395 2573 1463 2618 vel
