1854 3219
379 191 433 226 :20
812 201 846 225 s.
884 199 1115 228 Aneusum
1149 200 1330 227 EPISCOl’l

372 264 441 308 vel
462 263 674 324 adjutoria
699 265 970 309 tribuuntur.
989 265 1174 310 Proinde
1196 266 1308 310 sicut
1330 265 1376 308 in
1399 263 1541 309 verbis
1560 263 1760 323 propriis,

373 333 428 378 de
445 335 604 394 quibus
621 334 819 394 superius
842 334 1160 395 disputavimus
1176 371 1187 392 ,
1212 337 1289 380 ubi
1315 351 1378 379 res
1398 344 1447 379 ut
1466 334 1675 379 dicuntur
1697 333 1766 377 in-

372 404 620 463 telligendae
641 415 769 462 sunt3
794 405 853 449 sic
876 404 921 450 in
938 406 1154 452 translatis
1171 423 1272 467 quae
1295 406 1464 450 faciunt
1488 404 1674 464 tropicas
1695 403 1765 448 lo·-

373 475 569 519 cutiones
584 509 595 530 ,
621 475 699 519 ubi
722 475 842 520 aliud
859 491 909 520 ex
933 476 1017 522 alio
1046 476 1383 536 intelligendum
1405 486 1496 531 est,
1529 475 1584 520 de
1606 475 1765 536 quibus

373 545 461 590 huc
484 562 622 607 usque
643 556 860 607 quantum
895 547 1037 592 visum
1069 557 1155 603 est,
1189 548 1289 592 satis
1305 547 1492 605 egimus,
1514 562 1604 591 non
1624 544 1766 590 solum

374 616 638 662 admonendi
663 627 767 662 sunt
798 617 981 663 studiosi
1003 618 1323 663 venerabilium
1356 617 1623 673 litterarum,
1649 616 1766 660 utin

377 687 608 748 Scripturis
631 689 787 733 sanetis
810 704 967 748 genera
989 689 1265 735 locutionum
1286 689 1425 735 sciant
1443 724 1454 744 ,
1478 699 1523 734 et
1542 687 1766 749 quomodo

374 758 493 819 apud
515 775 584 804 eas
605 759 774 820 aliquid
789 759 877 806 dici
894 760 1056 817 soleat,
1077 761 1305 820 vigilanter
1326 760 1557 805 advertant
1571 795 1582 816 ,
1599 774 1768 804 memo-

375 832 567 892 riterque
585 832 801 877 retineant
828 853 836 878 :
868 834 1156 879 verumetiam
1174 869 1184 890 ‚
1207 832 1331 895 quod
1352 842 1416 878 est
1433 832 1705 894 praecipuum
1723 840 1768 875 et

373 903 561 948 maxime
589 905 879 949 necessarium
895 940 906 960 ⁷
933 914 1059 950 orent
1085 914 1134 949 ut
1157 904 1420 964 intelligant.
1449 907 1501 948 In
1521 903 1580 948 eis
1603 903 1767 963 quippe

375 974 527 1020 litteris
539 1011 549 1031 ,
571 992 756 1036 quarum
774 975 954 1021 studiosi
972 985 1097 1031 sunt,
1117 975 1272 1035 legunt
1292 975 1501 1036 quoniam
1520 993 1537 1015 ι(
1556 973 1768 1019 Dominus

377 1065 398 1089 »
434 1047 509 1092 dat
524 1048 796 1107 sapientiam,
818 1057 861 1092 et
884 1064 907 1092 a
930 1047 1040 1092 faeie
1063 1048 1098 1108 ej
1107 1063 1154 1091 us
1171 1047 1349 1092 seientia
1367 1046 1672 1091 etintelleetus
1688 1047 1699 1070 ¹
1718 1063 1764 1103 ς»

375 1135 399 1163 a
416 1136 505 1180 quo
527 1129 571 1164 et
604 1120 747 1179 ipsum
768 1118 986 1175 studium,
1021 1119 1056 1163 si
1075 1120 1236 1180 pietate
1258 1118 1495 1179 praeditum
1523 1127 1616 1173 est,
1641 1132 1768 1162 acce-

375 1199 549 1250 perunt.
580 1190 665 1235 Sed
682 1191 776 1235 lizee
795 1190 894 1234 satis
921 1190 1051 1235 etiam
1070 1189 1124 1234 de
1147 1190 1302 1250 signis,
1323 1199 1541 1250 quantum
1557 1188 1613 1234 ad
1634 1188 1769 1234 verba

374 1263 577 1320 pertinet,
603 1261 716 1306 dieta
732 1263 831 1306 sint.
848 1266 998 1306 Restat
1016 1271 1064 1306 ut
1083 1262 1138 1306 de
1157 1262 1430 1321 proferendis
1448 1262 1523 1318 cis,
1546 1278 1646 1323 quae
1667 1277 1767 1306 sen-

375 1333 529 1388 timus,
554 1333 753 1393 sequenti
768 1332 1014 1389 volumine,
1039 1349 1141 1394 quae
1160 1333 1373 1379 Dominus
1395 1332 1653 1389 donaverit,
1678 1332 1768 1378 dis-

376 1420 583 1450 seramus.

424 1509 433 1526 ¹
452 1505 542 1535 Prov.
561 1512 596 1544 n,
617 1500 649 1534 6.
