1854 3219
368 224 452 264 326
807 234 840 263 s.
878 233 1105 264 Avousnm
1138 237 1319 264 EPISCOPI

367 301 551 345 mundo.
575 301 687 344 Cum
710 314 812 358 crgo
839 301 1057 360 Scriptura
1073 299 1248 345 dixisset
1271 321 1279 345 ε
1306 320 1321 340 «
1346 301 1501 345 Omnia
1521 302 1755 362 peripsum

372 393 392 415 »
428 372 540 416 facta
564 381 689 427 sunt,
716 381 758 415 ct
777 372 868 415 sino
889 372 982 431 ipso
1005 372 1168 417 {actum
1192 382 1255 417 est
1278 372 1414 429 nihil3
1442 391 1461 413 υ
1494 372 1624 433 paulo
1659 382 1756 433 post

369 444 428 488 ait
453 461 461 487 :
493 462 509 483 «
532 446 583 487 In
615 444 699 487 hoc
733 442 900 487 mundo
933 451 1051 499 erat,
1078 442 1331 488 eimundus
1357 459 1434 503 pcr
1455 444 1595 503 ipsum
1616 442 1758 488 factus

371 533 391 556 >³
427 523 491 559 est
507 516 537 558 ¹.
566 533 587 555 >1
614 517 676 559 De
698 515 782 559 hoc
804 529 933 574 opere
956 515 1032 559 Dei
1055 514 1138 560 alio
1158 514 1255 559 loco
1281 515 1489 574 scriptum
1507 523 1571 559 cst
1592 534 1601 559 :
1626 533 1647 557 «
1671 515 1758 568 Qui

371 604 392 628 »
424 584 565 631 fecisti
594 584 812 630 mundum
841 584 896 630 de
927 587 1105 630 materia
1133 585 1357 631 informi2.
1386 603 1406 628 »
1445 586 1526 632 Hic
1566 585 1758 632 mundus

369 656 633 718 plerumque
667 656 769 701 coeli
791 666 834 701 et
856 665 982 701 terrae
1005 657 1182 702 nomino
1204 666 1507 717 nuncupatur,
1539 658 1650 702 sicut
1667 659 1758 719 jam

369 728 828 784 commemoravimus,
868 745 966 789 quae
1010 728 1230 788 Scriptura
1263 727 1368 772 dicit
1406 731 1545 773 Deum
1580 728 1730 773 fecisse
1745 763 1756 783 ‚

373 816 475 845 cum
498 800 639 845 factus
663 809 727 844 est
747 799 837 844 dies
859 819 867 845 :
900 800 953 844 de
975 800 1135 861 quibus
1158 800 1300 845 verbis
1317 801 1408 861 jam
1423 836 1434 856 ,
1460 809 1675 861 quantum
1692 801 1760 846 vi-

370 888 466 917 sum
493 879 572 927 est,
600 872 917 932 disputavimus
933 908 944 927 ,
965 870 1338 932 quemadmodum
1361 881 1575 931 congruat
1604 870 1761 917 condi-

372 943 481 988 tioni
506 943 659 987 mundi
684 944 811 1004 hujus
827 979 837 997 ‚
869 952 912 987 ct
932 943 1053 1004 quod
1076 958 1147 987 sex
1171 942 1327 987 diebus
1349 952 1675 988 consummatus
1699 951 1763 987 est

372 1030 473 1059 cum
504 1015 707 1060 omnibus
728 1031 827 1076 quae
849 1015 892 1059 in
916 1030 967 1059 eo
990 1023 1115 1069 suut,
1142 1023 1185 1058 et
1207 1014 1327 1076 quod
1352 1023 1456 1058 tunc
1474 1013 1639 1070 factus3
1662 1029 1763 1058 cum

372 1085 513 1131 sactus
535 1096 598 1131 est
620 1086 732 1142 dics,
758 1096 809 1131 ut
830 1095 873 1130 et
894 1085 1005 1130 illud
1037 1095 1248 1144 congruat
1271 1086 1391 1146 quod
1418 1086 1581 1131 creavit
1619 1086 1763 1130 omnia

374 1156 503 1201 simul
522 1159 551 1202 ¹.

374 1309 1762 1333 WUMWWMNWWRMQUWVSWWAMWNWMVWVSWWWWWMVWWM

841 1434 1059 1485 CAPUT
1104 1436 1294 1485 XVIH.

381 1572 631 1617 Creatm’oe
656 1569 821 1631 plures
845 1569 984 1615 nobis
1015 1571 1210 1631 ignotoe.
1244 1569 1359 1634 Qua
1391 1570 1579 1614 ratione
1608 1585 1642 1614 a
1662 1568 1770 1614 Deo

437 1652 483 1687 et
506 1641 569 1687 ab
592 1641 796 1704 Angelis
819 1650 1096 1687 noscuntur.
1122 1667 1180 1675 —
1209 1640 1432 1702 Cogm'tio
1454 1641 1695 1685 matutina
1727 1648 1772 1685 et

438 1714 731 1773 vespertina.

440 1851 647 1895 XXXVI.
685 1851 827 1893 Hunis
850 1847 1062 1892 universae
1084 1847 1162 1891 Dei
1189 1855 1400 1891 creaturae
1421 1846 1560 1891 multa
1581 1862 1672 1892 non
1692 1862 1773 1892 no-

382 1923 524 1969 vimus
539 1957 549 1977 ,
572 1921 659 1966 sive
674 1936 773 1982 quac
795 1921 841 1964 in
863 1919 984 1965 coelis
1001 1928 1105 1964 sunt
1122 1918 1275 1975 altius,
1296 1934 1430 1981 quam
1448 1928 1498 1963 ut
1519 1927 1666 1964 noster
1680 1935 1773 1964 sen-

381 2009 453 2038 sus
475 2009 524 2037 ca
561 1992 694 2053 possit
724 1991 960 2049 attingere3
987 1990 1076 2034 sive
1102 2006 1201 2050 quae
1222 1990 1268 2034 in
1290 1989 1542 2049 regionibus
1560 1999 1774 2034 terrarum

383 2063 575 2109 fortassis
603 2060 986 2119 inhabitabilibus3
1006 2061 1093 2105 sive
1119 2077 1219 2121 quae
1237 2060 1439 2106 deorsum
1456 2060 1595 2105 latent
1610 2097 1620 2117 ‚
1640 2059 1710 2106 vel
1729 2061 1775 2105 in

384 2134 608 2197 profundo
630 2134 789 2192 abyssi,
809 2132 879 2178 vel
896 2133 941 2176 in
960 2132 1140 2178 occultis
1161 2133 1327 2177 sinibus
1350 2142 1489 2177 tcrrae.
1517 2136 1621 2177 Haec
1643 2133 1776 2193 igitur

387 2217 623 2267 antequam
648 2207 825 2261 fierent,
851 2205 1005 2265 utique
1026 2220 1115 2249 non
1143 2213 1280 2248 erant.
1307 2204 1539 2258 Quomodo
1562 2218 1663 2263 ergo
1685 2207 1776 2250 Deo

387 2287 490 2323 nota
509 2286 632 2322 erant
649 2293 747 2338 quae
770 2292 859 2321 non
881 2277 1101 2320 erantPEt
1117 2291 1264 2319 rursus
1281 2274 1504 2336 quomodo
1526 2290 1575 2320 ea
1595 2274 1772 2331 faceret,

386 2365 485 2410 quae
507 2348 588 2393 sihi
607 2357 711 2392 nota
734 2363 823 2392 non
845 2349 1105 2392 emnffi'Non
1127 2346 1243 2390 enim
1265 2345 1507 2407 quidquam
1529 2346 1635 2390 fecit
1651 2347 1777 2405 igno-

388 2436 500 2465 rans.
525 2422 636 2464 Nota
659 2435 761 2478 ergo
786 2418 913 2474 fecit,
945 2434 1035 2462 non
1062 2417 1174 2462 facta
1198 2417 1414 2475 cognovit.
1444 2417 1631 2462 Proinde
1649 2426 1776 2461 ante-

388 2505 522 2551 quam
539 2491 692 2534 fierent
706 2525 716 2545 ‚
743 2498 785 2533 et
802 2497 924 2533 erant
940 2523 950 2543 ,
975 2498 1017 2532 et
1039 2504 1128 2532 non
1147 2497 1270 2532 erant
1292 2507 1301 2532 :
1322 2497 1445 2532 crant
1467 2488 1512 2532 in
1537 2488 1613 2532 Dei
1636 2488 1776 2532 scien-

439 2596 447 2611 ¹
467 2591 558 2620 Joan.
579 2599 601 2629 1,
618 2588 648 2621 3.
669 2605 709 2610 »-
731 2595 743 2610 ²
763 2590 834 2629 Sap.
857 2599 900 2620 xi.
926 2589 976 2619 18.
1000 2604 1041 2609 —
1062 2585 1075 2609 3
1102 2585 1197 2619 Eccii.
1220 2591 1306 2622 xvu'i,
1328 2597 1355 2617 ῐ.
