1854 3219
369 210 423 236 DE
455 209 605 237 omnm
637 209 693 237 An
725 209 965 251 ΜΤΤΕΜΜ,
1000 214 1082 240 mn.
1119 213 1162 240 x.
1368 204 1450 241 509

68 285 275 330 magnum
290 273 525 319 testimonii
535 271 725 334 pondus,
742 291 842 337 quae
859 277 998 337 prima
1014 292 1094 338 pro
1110 276 1281 324 Christo
1293 279 1454 323 meruit

67 344 322 403 sanguinem
334 343 534 390 fundere.

61 502 1382 525 wmmmmmmummxmmmmmmmmsummmmmmmmwum
1387 507 1453 525 lus!

526 627 748 678 CAPUT
783 629 970 678 XXIV.

74 767 211 830 Quid
234 769 502 819 cavendum
531 770 606 820 lzis
633 772 717 833 qui
744 773 1008 833 opinantur
1032 775 1225 821 animas
1257 789 1359 820 esse
1391 789 1454 819 ex·

651 840 866 889 traduce.

121 977 214 1022 XL.
239 979 458 1024 ΑυΜοΝΕο
480 993 583 1024 sane
597 988 812 1040 quantum
829 978 969 1037 valeo,
995 981 1030 1025 si
1051 996 1160 1042 quos
1183 981 1264 1026 ista
1286 997 1454 1042 praeoc-

61 1048 238 1108 cupavit
254 1049 403 1109 opinio
422 1084 434 1106 ,
458 1058 508 1094 ut
531 1050 694 1095 animas
718 1067 768 1096 ex
796 1052 1051 1111 parentibus
1082 1052 1262 1097 credant
1295 1068 1455 1113 propa-

61 1118 172 1176 gari,
197 1129 414 1179 quantum
454 1130 636 1181 possunt
669 1137 713 1166 se
731 1122 846 1182 ipsos
881 1121 1181 1177 considerent,
1207 1132 1250 1166 et
1280 1123 1453 1167 interim

59 1189 227 1249 sapiant
248 1205 430 1250 corpora
448 1206 539 1236 non
554 1207 643 1236 esse
667 1192 832 1237 animas
855 1208 966 1238 suas.
988 1192 1117 1239 Nulla
1140 1193 1256 1238 enim
1277 1193 1455 1254 propior

62 1269 219 1305 natura
249 1270 339 1317 est,
365 1277 452 1322 qua
475 1260 706 1322 diligenter
739 1262 933 1323 inspecta
953 1298 964 1319 ,
988 1264 1124 1323 possit
1156 1264 1286 1308 etiam
1310 1267 1449 1319 Deus,

61 1331 140 1392 qui
161 1348 290 1393 supra
308 1348 485 1378 omnem
497 1343 742 1379 creaturam
758 1350 880 1379 suam
896 1334 1265 1380 incommutabilis
1287 1351 1454 1395 perma-

61 1411 138 1446 net
153 1437 163 1457 ‚
181 1403 511 1462 incorporaliter
527 1405 730 1462 cogitari,
760 1419 893 1464 quam
916 1419 965 1448 ea
989 1420 1088 1464 quae
1111 1406 1166 1448 ad
1188 1406 1320 1464 ipsius
1342 1406 1453 1450 ima-

62 1472 207 1531 ginem
234 1471 346 1517 facta
369 1481 432 1517 est
458 1492 466 1517 ε
493 1482 536 1517 et
558 1473 668 1518 nihil
688 1473 872 1518 vicinius
886 1508 898 1530 9
930 1483 1006 1518 aut
1027 1473 1207 1518 fortasse
1230 1475 1340 1519 nihil
1362 1485 1452 1520 tam

62 1558 347 1604 consequens,
363 1557 496 1603 quam
508 1552 558 1587 ut
577 1542 743 1587 credito
759 1543 881 1603 quod
896 1544 1039 1588 anima
1057 1559 1213 1604 corpus
1231 1546 1299 1600 sit,
1321 1546 1453 1590 etiam

63 1615 178 1658 Deus
194 1629 351 1674 corpus
373 1628 462 1657 esse
475 1613 692 1657 credatur.
716 1616 899 1672 Propter
915 1614 999 1658 hoc
1015 1614 1131 1657 enim
1154 1615 1453 1674 corporalibus

64 1684 292 1729 assuefacti
306 1693 349 1728 et
365 1684 510 1728 affecti
527 1684 738 1738 sensibus,
759 1682 929 1728 nollent
942 1683 1131 1728 animam
1144 1685 1321 1729 credere
1334 1685 1454 1730 aliud

63 1771 154 1800 esse
175 1770 308 1816 quam
336 1770 492 1815 corpus
509 1790 519 1810 ,
545 1769 600 1799 ne
621 1754 655 1798 si
677 1769 834 1814 corpus
858 1769 949 1798 non
979 1754 1137 1810 fuerit,
1164 1755 1274 1799 nihil
1295 1757 1349 1800 sit
1375 1775 1384 1800 :
1405 1772 1454 1801 ac

62 1841 142 1886 per
174 1827 258 1870 hoc
289 1834 412 1870 tanto
434 1825 567 1883 magis
597 1825 754 1869 timent
781 1825 910 1868 etiam
935 1824 989 1868 de
1013 1828 1103 1869 Deo
1136 1825 1311 1870 credere
1334 1825 1456 1887 quod

65 1913 222 1958 corpus
239 1912 330 1941 non
351 1896 405 1941 sit
421 1931 432 1952 ‚
457 1904 625 1956 quanto
648 1895 783 1954 magis
801 1895 957 1939 tinient
979 1898 1120 1941 Deum
1143 1897 1318 1941 credere
1345 1897 1456 1941 nihil

65 1984 170 2013 esse,
203 1971 268 2012 Ita
304 1967 422 2012 enim
457 1965 660 2011 feruntur
700 1966 747 2010 in
783 1966 1029 2026 phantasias
1049 1966 1120 2012 vel
1154 1968 1457 2027 phantasmata

65 2039 330 2098 imaginum,
368 2053 469 2098 quae
504 2037 708 2097 cogitatio
745 2035 800 2081 de
822 2038 1078 2097 corporibus
1111 2049 1274 2095 versat,
1314 2049 1364 2084 ut
1390 2040 1456 2084 his

66 2109 298 2155 subtractis
315 2117 526 2169 tanquam
538 2123 616 2169 per
628 2108 757 2153 inane
770 2108 1046 2169 pereundum
1061 2110 1130 2166 sit,
1151 2110 1451 2155 reformident.

68 2182 136 2225 Ita
151 2194 324 2224 necesse
346 2188 410 2223 est
433 2188 483 2224 ut
510 2187 553 2223 et
563 2178 773 2239 justitiam
795 2187 838 2223 et
860 2179 1115 2239 sapientiam
1137 2181 1321 2240 pingant
1342 2198 1457 2242 quo-

68 2250 168 2296 dam
182 2249 314 2295 modo
335 2250 382 2294 in
400 2249 604 2296 cordibus
621 2250 706 2295 suis
728 2266 829 2295 cum
852 2249 1000 2295 formis
1024 2260 1066 2296 et
1083 2250 1325 2311 coloribus,
1350 2269 1457 2314 quas

69 2339 160 2368 non
186 2331 369 2383 possunt
404 2322 680 2381 incorporeas
720 2322 908 2381 cogitare
946 2338 1060 2368 :nec
1094 2333 1242 2368 tamen
1274 2324 1453 2380 dicunt,

70 2393 248 2455 quando
283 2392 450 2453 justitia
470 2391 541 2436 vel
576 2392 784 2452 sapientia
816 2402 1073 2450 moventur,
1098 2403 1149 2439 ut
1169 2394 1240 2439 vel
1275 2395 1459 2440 laudent

72 2480 168 2521 eas,
203 2463 275 2510 vel
310 2462 553 2508 secundum
581 2478 651 2507 eas
689 2461 856 2524 aliquid
886 2473 1037 2523 agant,
1072 2481 1204 2526 quem
1236 2464 1455 2518 colorem,

72 2551 204 2597 quam
222 2544 447 2591 staturam,
463 2549 562 2595 quae
581 2533 858 2591 lineamenta,
885 2533 954 2582 vel
976 2535 1124 2596 quales
1147 2535 1306 2583 formas
1328 2552 1456 2583 cons-
