1854 3219
378 153 460 190 502
809 164 841 190 s.
878 164 1109 194 Aucus-nm
1144 167 1327 194 emscom

374 237 440 272 rat
457 237 680 288 olim-atim,
703 229 904 273 sortitum
932 240 996 276 est
1017 232 1204 277 animam
1227 233 1388 278 bonam
1405 269 1417 289 ,
1445 250 1546 279 cum
1575 234 1664 281 illic
1691 237 1773 281 eri-

374 311 549 359 geretur
570 315 774 356 casurus,
808 302 879 346 hic
908 302 1192 348 descenderet
1222 304 1474 349 levaturus?
1506 309 1564 350 Et
1593 306 1770 352 fortasse

371 374 472 417 ideo
489 373 568 417 ait:
600 391 619 414 «
647 374 833 418 Sortitus
851 389 946 419 sum
969 376 1157 420 animam
1170 376 1330 420 bonam
1345 378 1382 429 ¹,
1406 394 1426 418 »
1453 381 1466 432 (
1480 377 1514 422 si
1529 386 1676 422 tamen
1686 379 1770 425 hoc

372 443 427 487 de
446 443 521 487 illo
545 453 717 503 oportet
739 445 945 504 intelligi,
975 448 992 504 )
1019 447 1121 507 quia
1152 446 1293 491 solent
1325 463 1426 507 quae
1447 458 1562 493 sorte
1583 449 1768 506 dantur,

373 515 582 560 divinitus
611 516 704 560 dari
734 535 742 561 :
769 526 845 561 aut
867 517 988 578 quod
1016 518 1203 563 fidenter
1230 518 1467 563 dicendum
1496 530 1582 577 est,
1612 537 1668 566 ne
1700 520 1770 566 vel

370 585 444 630 illa
474 587 616 631 anima
645 587 864 648 aliquibus
896 589 1100 649 operibus
1128 588 1477 649 praecedentibus
1509 592 1566 636 ad
1599 601 1770 638 tantum

369 659 537 718 apicem
550 659 757 704 subvecta
771 670 1000 720 putaretur
1015 698 1026 718 ‚
1043 672 1093 707 ut
1110 677 1212 706 cum
1230 676 1280 706 ea
1297 663 1494 708 Verbum
1509 680 1609 710 caro
1622 665 1767 721 fieret,

370 739 415 773 et
437 729 654 774 habitaret
679 731 723 775 in
746 732 924 788 nobis‘2‚
950 732 1005 777 ad
1027 732 1310 779 auferendam
1341 735 1631 795 suspicionem
1661 752 1772 797 prae-

369 802 621 847 cedentium
643 804 900 850 meritorum
914 807 1039 851 sortis
1061 821 1223 851 nomen
1240 807 1432 853 accessit.

369 961 410 978 m

1200 964 1772 983 mmmmm

873 1074 1092 1125 CAPUT
1128 1077 1271 1125 XIX.

369 1225 559 1269 Anima
587 1223 773 1268 Christi
795 1223 1004 1287 nonfuit
1027 1224 1077 1268 in
1100 1220 1271 1268 lambis
1292 1224 1342 1269 A
1347 1221 1514 1270 bralzoe
1528 1259 1544 1280 ,
1570 1221 1772 1284 ideoque

843 1311 941 1341 non
961 1312 1025 1341 ese
1043 1293 1258 1340 traduce.

429 1434 637 1476 XXXIV.
672 1434 758 1476 EST
774 1432 820 1475 in
837 1432 1032 1492 Epistola
1046 1467 1057 1487 ,
1077 1447 1178 1492 quae
1194 1431 1445 1476 inscribitur
1460 1430 1516 1476 ad
1533 1431 1742 1476 Hebraeos
1756 1467 1768 1489 ‚

368 1505 491 1549 locus
522 1503 703 1564 quidam
727 1503 927 1563 diligenti
950 1502 1297 1548 consideratione
1330 1502 1622 1562 dignissimus.
1656 1506 1771 1549 Cum

369 1577 485 1620 enim
516 1590 591 1634 per
624 1573 972 1629 Melchisedech,
1006 1575 1052 1617 in
1084 1590 1174 1635 quo
1197 1575 1327 1634 hujus
1351 1574 1411 1618 rei
1440 1573 1602 1618 futurae
1633 1576 1771 1633 figura

368 1654 668 1707 prsccesserat,
693 1644 957 1688 discerneret
978 1644 1269 1689 sacerdotium
1296 1645 1457 1690 Christi
1480 1662 1503 1689 a
1529 1646 1771 1691 sacerdotio

367 1718 471 1763 Levi
492 1738 499 1762 ;
536 1737 555 1758 «
583 1715 738 1759 Videte
761 1730 883 1773 crgo,
918 1716 1083 1775 inquit⁷
1113 1715 1254 1776 qualis
1278 1716 1349 1760 hic
1371 1726 1461 1761 est:
1486 1717 1558 1761 cui
1585 1726 1629 1761 et
1651 1718 1771 1762 deci-

369 1808 390 1830 »
426 1804 542 1832 mam
565 1797 731 1848 partem
754 1788 977 1831 Abraham
1000 1787 1122 1831 dedit
1140 1787 1194 1832 de
1216 1788 1416 1848 primitiis
1434 1788 1695 1848 patriarcha.
1714 1793 1771 1835 Et

370 1880 390 1903 »
426 1862 455 1904 ii
478 1860 658 1921 quidem
689 1860 765 1920 qui
784 1859 838 1903 de
861 1859 957 1903 filiis
977 1869 1080 1903 sunt
1102 1861 1228 1914 Levi,
1249 1859 1542 1904 sacerdotium
1560 1861 1770 1921 accipien-

370 1951 390 1973 »
432 1942 491 1976 tes
509 1968 519 1987 ,
546 1932 803 1975 mandatum
824 1930 991 1975 hahent
1013 1947 1036 1974 a
1062 1930 1241 1975 decimis
1262 1930 1415 1990 populi
1436 1931 1678 1976 secundum
1692 1935 1771 1976 Le-

368 2023 389 2045 »
427 2019 546 2062 gem,
573 2004 655 2047 hoc
678 2012 740 2046 est
755 2019 777 2046 a
800 2002 1008 2046 fratribus
1031 2002 1139 2057 suis,
1165 2003 1363 2063 quamvis
1386 2012 1429 2047 et
1446 2004 1525 2063 ipsi
1544 2019 1595 2047 ex
1606 2002 1770 2048 lumbis

369 2093 390 2116 »
426 2075 614 2119 Abrahae
632 2075 840 2118 exierint:
867 2074 944 2135 qui
963 2083 1109 2118 autem
1132 2090 1222 2119 non
1249 2084 1311 2119 est
1339 2090 1390 2118 ex
1407 2090 1566 2133 genere
1588 2090 1738 2120 eorum
1755 2111 1766 2130 ‚

369 2165 390 2187 >›
427 2145 923 2200 decimavitAbraham,
950 2155 992 2189 et
1020 2146 1255 2189 habentem
1283 2146 1613 2206 promissionem
1634 2146 1770 2190 bene-

369 2236 390 2259 »
426 2218 546 2262 dixit.
578 2217 677 2261 Sine
706 2216 795 2260 nlla
827 2226 974 2260 autem
1001 2217 1369 2272 contradictione,
1395 2217 1471 2277 qui
1495 2217 1636 2261 minor
1664 2226 1727 2261 est
1745 2232 1769 2262 a

370 2310 388 2331 >›
424 2291 588 2349 majore
612 2289 911 2333 benedicitur:
938 2298 981 2332 et
1002 2289 1073 2333 hic
1103 2288 1284 2350 quidem
1317 2288 1506 2333 decimas
1535 2288 1768 2333 morientes

368 2379 389 2403 »
424 2361 621 2405 homines
635 2360 856 2419 accipiunt
867 2396 882 2416 ,
898 2360 958 2404 ibi
973 2369 1118 2404 autem
1132 2361 1208 2421 qui
1222 2359 1475 2404 testificatur
1487 2375 1532 2404 se
1544 2360 1688 2404 vivere
1698 2395 1709 2415 ,
1725 2369 1768 2404 et

366 2452 387 2474 »
425 2433 539 2477 sicut
556 2441 729 2492 oportet
743 2432 887 2476 dicere
902 2467 913 2487 ‚
929 2441 1108 2492 propter
1120 2432 1361 2488 Abraham,
1378 2441 1421 2477 et
1436 2431 1540 2477 Levi
1552 2431 1766 2491 accipiens

417 2537 425 2552 ¹
448 2532 520 2572 Sap,
540 2541 612 2571 vni,
634 2541 683 2570 ις).
706 2546 747 2552 --
772 2536 784 2551 ²
802 2531 936 2569 J121an.1‚
960 2527 1008 2570 ¹4-
