1854 3219
342 237 396 263 DE
428 236 579 263 Gtussst
611 233 666 262 An
701 235 945 273 LITTERAM‚
982 237 1063 263 Lm.
1100 237 1194 263 vm.
1376 223 1458 262 425

82 319 102 342 »
138 302 184 344 in
197 300 370 358 vobis¹3
389 300 580 359 Sumpsit
598 314 700 358 ergo
714 299 924 344 Dominus
940 302 1053 344 Deus
1071 300 1290 344 hominem
1303 334 1314 354 ,
1328 314 1459 360 quem

80 390 101 413 n
139 370 262 429 fecit,
291 380 335 415 et
355 370 500 431 posuit
523 384 624 413 eum
645 370 691 413 in
711 368 910 429 paradiso
926 370 1094 430 operari
1116 385 1214 414 eum
1228 405 1239 426 ‚
1264 370 1348 414 hoc
1370 379 1433 414 est
1447 405 1458 424 ‚

84 463 102 483 »
138 442 308 502 operari
327 442 373 486 in
394 456 445 485 eo
460 475 471 497 ‚
497 449 541 485 et
561 439 779 485 custodire
801 455 917 484 cum.
939 458 958 481 »

79 598 290 617 mmmmm

858 597 1464 615 ΛΜΊΜΜΜΝᾺΑΛΜΙᾺΛΛΜΜΛΊΜΜ

573 710 790 761 CAPUT
827 712 971 759 Xffl.

85 856 187 903 Cur
204 855 347 904 lzomo
363 856 633 918 prohibitus
647 873 681 902 α
699 856 829 920 ligno
842 857 1051 903 scientim
1068 855 1242 902 boniet
1261 854 1393 901 mali.
1409 883 1467 891 —-

594 927 951 975 Inobedz'entia.

136 1067 348 1110 XXVIII.
381 1083 400 1106 «
432 1067 496 1110 ΕΤ
522 1065 728 1126 praecepit
754 1065 965 1110 Dominus
995 1067 1111 1109 Deus
1139 1063 1246 1109 Adae
1280 1063 1428 1107 dicens
1455 1081 1464 1107 ε

81 1154 104 1186 η
137 1136 208 1181 Ab
238 1136 358 1181 omni
381 1135 526 1195 ligno,
553 1136 675 1197 quod
699 1136 828 1180 estin
850 1135 1072 1196 paradiso,
1103 1134 1204 1179 edes
1228 1132 1284 1179 ad
1309 1149 1464 1178 escam.

84 1226 102 1249 »
137 1209 200 1251 De
233 1206 352 1264 ligno
390 1216 537 1251 autem
569 1205 861 1265 cognoscendi
895 1206 1063 1250 bonum
1100 1214 1144 1249 et
1178 1203 1344 1249 malum
1379 1219 1470 1248 non

43 1303 56 1313 -
81 1294 104 1318 »
137 1276 457 1322 manducabitis
489 1276 545 1321 de
577 1275 682 1328 illo;
713 1292 801 1336 qua
833 1276 902 1319 die
931 1285 1078 1319 autem
1102 1274 1275 1319 ederitis
1309 1274 1364 1318 ab
1393 1289 1466 1328 eo,

82 1366 103 1390 »
138 1356 279 1391 morte
296 1347 542 1392 moriemini
555 1350 587 1390 2.
610 1364 632 1387 υ
656 1347 698 1391 Si
721 1345 886 1406 aliquid
907 1345 1011 1390 mali
1029 1354 1137 1389 esset
1153 1344 1321 1404 lignum
1340 1343 1468 1399 illud,

79 1418 199 1463 unde
226 1418 452 1478 prohibuit
479 1418 703 1462 hominem
734 1420 872 1473 Deus,
898 1419 990 1478 ejus
1019 1417 1152 1477 ipsius
1180 1416 1285 1461 mali
1315 1425 1471 1460 natura

79 1497 320 1535 venenatus
340 1487 562 1533 videretur
593 1487 649 1532 ad
678 1497 880 1532 mortem.
912 1488 1024 1541 Quia
1048 1503 1151 1532 vero
1179 1487 1298 1547 ligna
1326 1487 1472 1532 omnia

79 1560 124 1604 in
139 1559 340 1620 paradiso
357 1559 473 1604 bona
489 1558 778 1619 plantaverat,
794 1559 871 1619 qui
888 1557 992 1603 fecit
1004 1559 1149 1603 omnia
1166 1559 1282 1603 bona
1294 1557 1422 1603 valde
1435 1560 1469 1612 ³,

80 1645 160 1674 nec
176 1629 268 1674 ulla
288 1629 349 1674 ibi
370 1639 527 1674 natura
547 1628 650 1674 mali
672 1639 786 1685 erat,
812 1629 915 1689 quia
938 1644 1156 1689 nusquam
1175 1638 1238 1673 est
1258 1627 1361 1672 mali
1382 1627 1471 1672 ulla

81 1709 236 1745 natura
247 1735 259 1755 ,
275 1699 425 1760 (quod
442 1699 693 1758 diligentius
710 1700 745 1744 si
759 1700 969 1744 Dominus
985 1698 1175 1744 voluerit
1195 1699 1470 1753 disseremus,

81 1786 183 1815 cum
215 1772 270 1814 de
302 1769 379 1814 illo
410 1779 631 1829 serpentes
662 1769 805 1814 dicere
843 1771 1161 1829 coeperimus:)
1187 1770 1242 1813 ab
1277 1773 1328 1814 ‘eo
1354 1769 1473 1827 ligno

82 1841 204 1902 quod
225 1839 391 1884 malum
413 1856 504 1885 non
524 1849 616 1884 erat
637 1840 884 1900 prohibitus
902 1849 989 1895 est,
1013 1849 1065 1883 ut
1080 1840 1170 1899 ipsa
1192 1855 1271 1899 per
1293 1855 1337 1883 se
1359 1855 1473 1899 prae-

82 1913 197 1973 cepti
212 1912 481 1957 conservatio
496 1910 665 1955 bonum
686 1910 751 1955 illi
773 1920 897 1965 esset,
923 1920 966 1955 et
986 1911 1266 1970 transgressio
1287 1910 1469 1954 malum.

140 1985 307 2027 XXIX.
334 1985 423 2029 Nec
456 1983 602 2043 potuit
631 1981 786 2027 melius
820 1992 864 2027 et
895 1982 1144 2041 diligentius
1176 1981 1473 2027 commendari

83 2065 299 2117 quantum
319 2054 484 2099 malum
506 2055 561 2099 sit
578 2054 667 2099 sola
687 2054 985 2099 inobedientia
998 2090 1009 2110 ‚
1026 2070 1126 2098 cum
1149 2052 1247 2098 ideo
1269 2069 1367 2098 reus
1386 2054 1474 2097 ini-

84 2125 260 2187 quitatis
282 2124 422 2170 factus
438 2134 503 2169 est
523 2126 655 2170 homo
670 2160 680 2180 ,
705 2125 806 2185 quia
823 2141 919 2169 eam
938 2141 1030 2169 rem
1047 2125 1190 2183 tetigit
1212 2134 1363 2170 contra
1376 2140 1476 2184 pro-

83 2198 365 2253 hibitionem,
390 2213 524 2258 quam
546 2197 580 2242 si
597 2214 687 2242 non
700 2197 946 2257 prohibitus
964 2198 1188 2257 tetigisset,
1207 2213 1297 2242 non
1319 2198 1475 2258 utique

83 2277 315 2329 peccasset.
341 2270 452 2313 Nam
468 2267 544 2328 qui
566 2267 670 2312 dicit
686 2303 696 2323 ‚
720 2268 843 2312 verbi
866 2270 1024 2326 gratia:
1046 2268 1145 2314 Noli
1162 2278 1338 2327 tangere
1360 2269 1474 2313 hanc

83 2339 264 2384 herbam
280 2374 291 2393 ,
316 2339 351 2383 si
371 2337 483 2383 forte
499 2354 716 2383 venenosa
739 2348 803 2383 est
823 2349 1099 2401 mortemque
1123 2341 1416 2400 praenuntiat,
1441 2340 1476 2383 si

85 2409 300 2468 tetigerit,
324 2409 519 2469 sequitur
539 2408 719 2469 quidem
740 2425 856 2454 mors
877 2419 1224 2470 contemptorem
1241 2409 1472 2470 praecepti3

87 2478 162 2524 sed
200 2479 366 2523 etiamsi
404 2495 533 2524 nemo
573 2479 894 2539 prohibuisset,
941 2490 1072 2540 atque
1112 2479 1186 2524 ille
1229 2479 1442 2537 tetigisset
1461 2513 1472 2532 ,

136 2582 145 2598 ¹
166 2575 276 2618 Philip.
299 2587 333 2615 ιι,
359 2575 408 2608 13.
436 2593 478 2599 —-
497 2583 510 2599 ²
528 2578 606 2609 Gen.
628 2587 662 2616 n,
685 2575 736 2607 16.
758 2593 799 2597 —-
816 2574 936 2616 3111.1,
963 2584 1019 2607 12.
