1854 3219
340 192 391 230 10
755 199 788 229 s.
826 199 1056 229 Ace-us‘ruu
1088 199 1287 228 13125100121.

337 343 403 360 §xxx
407 343 474 360 §MN
478 340 1679 360 wwsvwwwwwummwvwwwmmumwiwiwwwuwwvuvwnmw
1684 341 1714 358 w

871 442 1086 492 CAPUT
1122 442 1181 490 V.

335 588 856 652 Scripturaefiguratas
887 584 1148 633 locutiones
1175 583 1247 632 ad
1272 584 1482 634 litteram
1498 586 1720 646 accipere

771 661 967 706 servitus
990 657 1290 705 miserabilis.

391 798 470 841 IX.
499 797 584 842 SED
604 795 838 841 verborum
860 794 1169 840 translatorum
1190 792 1518 852 ambiguitates,
1543 790 1598 838 de
1619 793 1721 853 qui-

331 870 411 914 bus
434 867 638 928 deinceps
658 865 932 928 loquendum
961 876 1040 923 est,
1065 881 1156 911 non
1183 865 1448 910 mediocrem
1477 879 1628 909 curam
1650 864 1721 909 in-

330 939 629 1000 dustriamque
651 937 913 983 desiderant.
938 940 1049 983 Nam
1073 938 1118 982 in
1135 936 1349 997 principio
1367 935 1613 981 cavendum
1631 945 1718 993 est,

327 1028 383 1057 ne
406 1014 636 1071 figuratam
666 1011 935 1056 locutionem
958 1009 1013 1054 ad
1029 1008 1218 1054 litteram
1241 1009 1440 1070 accipias.
1470 1010 1529 1053 Et
1555 1007 1610 1054 ad
1636 1009 1722 1053 hoc

326 1084 444 1129 enim
466 1084 669 1144 pertinet,
695 1082 817 1144 quod
843 1083 902 1126 ait
923 1081 1175 1142 Apostolus,
1199 1098 1219 1122 »
1242 1081 1407 1125 Littera
1428 1078 1605 1136 occidit,
1630 1080 1720 1140 spi-

327 1175 348 1198 »
384 1156 490 1200 ritus
520 1164 667 1199 autem
687 1155 919 1199 vivificat1.
946 1172 965 1195 »
991 1155 1106 1198 Cum
1132 1153 1249 1197 enim
1267 1154 1449 1211 figurate
1467 1151 1633 1197 dictum
1657 1152 1717 1197 sic

323 1226 550 1287 accipitur,
570 1235 781 1286 tanquam
803 1224 977 1285 proprie
1000 1223 1168 1269 dictum
1191 1224 1261 1280 sit,
1280 1222 1510 1268 carnaliter
1531 1224 1712 1283 sapitur.

322 1300 471 1359 Neque
502 1297 593 1342 ulla
621 1312 738 1342 mors
771 1296 926 1340 animae
949 1295 1260 1354 congruentius
1285 1293 1551 1354 appellatur⁷
1583 1309 1717 1354 quam

322 1386 424 1416 cum
446 1369 493 1414 id
514 1370 646 1413 etiam
660 1368 781 1429 quod
798 1368 844 1412 in
867 1384 915 1412 ea
939 1367 1088 1412 bestiis
1111 1365 1350 1422 antecellit,
1369 1367 1455 1411 hoc
1475 1375 1537 1410 est
1554 1366 1718 1411 intelli-

322 1442 468 1501 gentia
500 1441 620 1485 carni
649 1439 880 1500 subjicitur
902 1437 1127 1499 sequendo
1154 1437 1362 1482 litteram.
1387 1438 1474 1491 Qui
1504 1438 1620 1482 enim
1648 1453 1716 1483 se-

319 1513 470 1574 quitur
486 1512 693 1567 litteram,
714 1509 922 1555 translata
941 1509 1075 1554 verba
1091 1510 1203 1554 sicut
1224 1509 1400 1569 propria
1417 1518 1552 1565 tenet,
1570 1525 1716 1571 neque

319 1583 432 1629 illud
465 1582 587 1644 quod
619 1582 797 1642 proprio
830 1580 966 1626 verbo
999 1580 1292 1640 significatur,
1327 1578 1461 1624 refert
1495 1580 1551 1624 ad
1586 1580 1715 1626 aliam

318 1656 706 1715 significationem:
736 1653 813 1699 sed
839 1654 873 1698 si
896 1653 1132 1698 sabbatum
1165 1651 1373 1708 audierit,
1403 1651 1525 1697 verbi
1559 1652 1711 1711 gratia,

319 1743 409 1772 non
437 1726 644 1786 intelligit
675 1726 758 1770 nisi
786 1739 926 1770 unum
960 1724 1080 1769 diem
1102 1724 1158 1769 de
1183 1733 1372 1784 septem,
1404 1723 1482 1784 qui
1504 1723 1716 1769 continuo

318 1797 542 1843 volumine
576 1805 866 1857 repetuntur3
891 1804 934 1840 et
967 1811 1068 1840 cum
1099 1794 1286 1840 audierit
1317 1795 1598 1851 sacrificium,
1623 1811 1715 1841 non

316 1867 483 1912 excedit
503 1868 767 1927 cogitatione
789 1867 916 1924 illud,
942 1867 1065 1928 quod
1088 1867 1181 1911 fieri
1210 1865 1265 1911 de
1293 1866 1479 1912 victimis
1502 1869 1713 1927 Pecorum

317 1940 586 2000 terrenisque
624 1938 841 1985 fructibus
877 1938 1000 1985 solct.
1037 1941 1101 1984 Ea
1138 1939 1318 1984 demum
1355 1949 1420 1985 est
1454 1938 1712 1985 miserabilis

319 2011 473 2056 animae
496 2010 693 2066 seminis,
720 2011 842 2071 signa
870 2026 950 2071 pro
975 2010 1105 2056 rebus
1127 2011 1339 2071 accipere,
1365 2021 1409 2056 et
1430 2026 1560 2071 supra
1587 2026 1711 2056 crea-

316 2092 460 2127 turam
475 2098 730 2143 corpoream
746 2083 928 2129 oculum
945 2083 1103 2129 mentis
1116 2084 1172 2128 ad
1184 2082 1478 2129 hauriendum
1494 2093 1710 2130 aeternum

317 2152 469 2199 lumen
487 2155 630 2201 levare
658 2172 747 2201 non
770 2171 909 2217 posse.

367 2258 377 2275 ¹
399 2260 418 2285 τ),
437 2254 509 2286 Cor.
531 2262 589 2295 111,
606 2252 639 2285 6.
