<?xml version="1.0" encoding="UTF-8"?>
<!DOCTYPE html PUBLIC "-//W3C//DTD XHTML 1.0 Transitional//EN"
    "http://www.w3.org/TR/xhtml1/DTD/xhtml1-transitional.dtd">
<html xmlns="http://www.w3.org/1999/xhtml" xml:lang="en" lang="en">
 <head>
  <title>
</title>
<meta http-equiv="Content-Type" content="text/html;charset=utf-8" />
  <meta name='ocr-system' content='tesseract 3.04.00' />
  <meta name='ocr-capabilities' content='ocr_page ocr_carea ocr_par ocr_line ocrx_word'/>
</head>
<body>
  <div class='ocr_page' id='page_1' title='image "./operaomniaaccura05auguuoft_0268.png"; bbox 0 0 1854 3219; ppageno 0'>
   <div class='ocr_carea' id='block_1_1' title="bbox 388 213 1832 2642">
    <p class='ocr_par' dir='ltr' id='par_1_1' title="bbox 388 213 1832 2642">
     <span class='ocr_line' id='line_1_1' title="bbox 400 213 1347 257; baseline 0.003 -4"><span class='ocrx_word' id='word_1_1' title='bbox 400 213 484 253; x_wconf 69' lang='lat'>246</span> <span class='ocrx_word' id='word_1_2' title='bbox 833 229 866 254; x_wconf 93' lang='lat' dir='ltr'>s.</span> <span class='ocrx_word' id='word_1_3' title='bbox 905 226 1133 256; x_wconf 57' lang='lat' dir='ltr'>Arari-‚nm</span> <span class='ocrx_word' id='word_1_4' title='bbox 1167 231 1347 257; x_wconf 72' lang='lat' dir='ltr'>Erlseort</span> 
     </span>
     <span class='ocr_line' id='line_1_2' title="bbox 402 291 1785 355; baseline 0.002 -21"><span class='ocrx_word' id='word_1_5' title='bbox 402 311 422 333; x_wconf 69' lang='lat' dir='ltr'>n</span> <span class='ocrx_word' id='word_1_6' title='bbox 459 293 517 336; x_wconf 83' lang='lat' dir='ltr'>sie</span> <span class='ocrx_word' id='word_1_7' title='bbox 533 302 595 336; x_wconf 79' lang='lat' dir='ltr'>est</span> <span class='ocrx_word' id='word_1_8' title='bbox 611 291 790 347; x_wconf 61' lang='lat' dir='ltr'>laetum„</span> <span class='ocrx_word' id='word_1_9' title='bbox 809 312 826 333; x_wconf 75' lang='lat' dir='ltr'>n</span> <span class='ocrx_word' id='word_1_10' title='bbox 844 302 890 336; x_wconf 87' lang='lat' dir='ltr'>ut</span> <span class='ocrx_word' id='word_1_11' title='bbox 911 293 1068 339; x_wconf 84' lang='lat' dir='ltr'>deinde</span> <span class='ocrx_word' id='word_1_12' title='bbox 1090 306 1372 355; x_wconf 71' lang='lat' dir='ltr'>repeteretur,</span> <span class='ocrx_word' id='word_1_13' title='bbox 1392 299 1479 339; x_wconf 83' lang='lat' dir='ltr'>«Et</span> <span class='ocrx_word' id='word_1_14' title='bbox 1499 294 1600 340; x_wconf 80' lang='lat' dir='ltr'>feeit</span> <span class='ocrx_word' id='word_1_15' title='bbox 1617 298 1750 339; x_wconf 87' lang='lat' dir='ltr'>Deus:</span> <span class='ocrx_word' id='word_1_16' title='bbox 1766 311 1785 333; x_wconf 86' lang='lat'>»</span> 
     </span>
     <span class='ocr_line' id='line_1_3' title="bbox 400 364 1792 425; baseline 0.001 -18"><span class='ocrx_word' id='word_1_17' title='bbox 400 365 498 424; x_wconf 78' lang='lat' dir='ltr'>quia</span> <span class='ocrx_word' id='word_1_18' title='bbox 519 364 731 424; x_wconf 77' lang='lat' dir='ltr'>sieutjam</span> <span class='ocrx_word' id='word_1_19' title='bbox 754 375 970 425; x_wconf 83' lang='lat' dir='ltr'>quantum</span> <span class='ocrx_word' id='word_1_20' title='bbox 990 369 1211 425; x_wconf 80' lang='lat' dir='ltr'>potuimus</span> <span class='ocrx_word' id='word_1_21' title='bbox 1233 367 1534 423; x_wconf 70' lang='lat' dir='ltr'>disseruimus,</span> <span class='ocrx_word' id='word_1_22' title='bbox 1551 383 1641 411; x_wconf 90' lang='lat' dir='ltr'>non</span> <span class='ocrx_word' id='word_1_23' title='bbox 1659 366 1792 409; x_wconf 85' lang='lat' dir='ltr'>fiebat</span> 
     </span>
     <span class='ocr_line' id='line_1_4' title="bbox 399 435 1792 499; baseline 0.001 -20"><span class='ocrx_word' id='word_1_24' title='bbox 399 436 591 495; x_wconf 83' lang='lat' dir='ltr'>cognitio</span> <span class='ocrx_word' id='word_1_25' title='bbox 615 435 758 496; x_wconf 81' lang='lat' dir='ltr'>aliqua</span> <span class='ocrx_word' id='word_1_26' title='bbox 784 437 915 481; x_wconf 67' lang='lat' dir='ltr'>Verbi</span> <span class='ocrx_word' id='word_1_27' title='bbox 944 439 1019 482; x_wconf 89' lang='lat' dir='ltr'>Dei</span> <span class='ocrx_word' id='word_1_28' title='bbox 1039 439 1083 482; x_wconf 89' lang='lat' dir='ltr'>in</span> <span class='ocrx_word' id='word_1_29' title='bbox 1107 441 1243 499; x_wconf 84' lang='lat' dir='ltr'>prima</span> <span class='ocrx_word' id='word_1_30' title='bbox 1262 450 1458 484; x_wconf 86' lang='lat' dir='ltr'>creatura</span> <span class='ocrx_word' id='word_1_31' title='bbox 1481 459 1489 485; x_wconf 87' lang='lat'>:</span> <span class='ocrx_word' id='word_1_32' title='bbox 1510 448 1557 483; x_wconf 88' lang='lat' dir='ltr'>ut</span> <span class='ocrx_word' id='word_1_33' title='bbox 1578 447 1677 498; x_wconf 83' lang='lat' dir='ltr'>post</span> <span class='ocrx_word' id='word_1_34' title='bbox 1697 452 1792 481; x_wconf 82' lang='lat' dir='ltr'>cam</span> 
     </span>
     <span class='ocr_line' id='line_1_5' title="bbox 400 507 1792 573; baseline 0.001 -22"><span class='ocrx_word' id='word_1_35' title='bbox 400 508 695 567; x_wconf 87' lang='lat' dir='ltr'>cognitionem</span> <span class='ocrx_word' id='word_1_36' title='bbox 718 507 898 553; x_wconf 88' lang='lat' dir='ltr'>inferius</span> <span class='ocrx_word' id='word_1_37' title='bbox 912 520 1146 566; x_wconf 51' lang='lat' dir='ltr'>crearetur7</span> <span class='ocrx_word' id='word_1_38' title='bbox 1169 511 1289 573; x_wconf 87' lang='lat' dir='ltr'>quod</span> <span class='ocrx_word' id='word_1_39' title='bbox 1308 513 1350 555; x_wconf 90' lang='lat' dir='ltr'>in</span> <span class='ocrx_word' id='word_1_40' title='bbox 1371 527 1423 557; x_wconf 86' lang='lat' dir='ltr'>co</span> <span class='ocrx_word' id='word_1_41' title='bbox 1445 510 1590 555; x_wconf 86' lang='lat' dir='ltr'>Verbo</span> <span class='ocrx_word' id='word_1_42' title='bbox 1612 509 1792 554; x_wconf 87' lang='lat' dir='ltr'>creaba-</span> 
     </span>
     <span class='ocr_line' id='line_1_6' title="bbox 404 579 1794 644; baseline 0 -21"><span class='ocrx_word' id='word_1_43' title='bbox 404 589 473 623; x_wconf 88' lang='lat' dir='ltr'>tur</span> <span class='ocrx_word' id='word_1_44' title='bbox 491 601 501 637; x_wconf 78' lang='lat'>3</span> <span class='ocrx_word' id='word_1_45' title='bbox 527 579 603 624; x_wconf 87' lang='lat' dir='ltr'>sed</span> <span class='ocrx_word' id='word_1_46' title='bbox 625 579 717 639; x_wconf 77' lang='lat' dir='ltr'>ipsa</span> <span class='ocrx_word' id='word_1_47' title='bbox 738 581 877 640; x_wconf 85' lang='lat' dir='ltr'>prima</span> <span class='ocrx_word' id='word_1_48' title='bbox 900 582 1129 627; x_wconf 78' lang='lat' dir='ltr'>creabatur</span> <span class='ocrx_word' id='word_1_49' title='bbox 1150 582 1224 627; x_wconf 75' lang='lat' dir='ltr'>lux</span> <span class='ocrx_word' id='word_1_50' title='bbox 1240 618 1251 638; x_wconf 71' lang='lat'>,</span> <span class='ocrx_word' id='word_1_51' title='bbox 1281 584 1323 626; x_wconf 93' lang='lat' dir='ltr'>in</span> <span class='ocrx_word' id='word_1_52' title='bbox 1347 598 1434 644; x_wconf 87' lang='lat' dir='ltr'>qua</span> <span class='ocrx_word' id='word_1_53' title='bbox 1458 583 1581 626; x_wconf 75' lang='lat' dir='ltr'>fieret</span> <span class='ocrx_word' id='word_1_54' title='bbox 1601 580 1794 640; x_wconf 77' lang='lat' dir='ltr'>cognitio</span> 
     </span>
     <span class='ocr_line' id='line_1_7' title="bbox 400 650 1794 715; baseline 0 -20"><span class='ocrx_word' id='word_1_55' title='bbox 400 651 535 696; x_wconf 87' lang='lat' dir='ltr'>Verbi</span> <span class='ocrx_word' id='word_1_56' title='bbox 567 651 666 706; x_wconf 71' lang='lat' dir='ltr'>Dei,</span> <span class='ocrx_word' id='word_1_57' title='bbox 700 667 776 711; x_wconf 79' lang='lat' dir='ltr'>per</span> <span class='ocrx_word' id='word_1_58' title='bbox 810 652 930 713; x_wconf 81' lang='lat' dir='ltr'>quod</span> <span class='ocrx_word' id='word_1_59' title='bbox 953 654 1197 710; x_wconf 79' lang='lat' dir='ltr'>creabatur,</span> <span class='ocrx_word' id='word_1_60' title='bbox 1225 664 1356 715; x_wconf 83' lang='lat' dir='ltr'>atque</span> <span class='ocrx_word' id='word_1_61' title='bbox 1388 655 1478 714; x_wconf 83' lang='lat' dir='ltr'>ipsa</span> <span class='ocrx_word' id='word_1_62' title='bbox 1507 653 1698 712; x_wconf 80' lang='lat' dir='ltr'>cognitio</span> <span class='ocrx_word' id='word_1_63' title='bbox 1730 650 1794 695; x_wconf 89' lang='lat' dir='ltr'>illi</span> 
     </span>
     <span class='ocr_line' id='line_1_8' title="bbox 400 722 1794 778; baseline 0.001 -13"><span class='ocrx_word' id='word_1_64' title='bbox 400 734 508 766; x_wconf 83' lang='lat' dir='ltr'>esset</span> <span class='ocrx_word' id='word_1_65' title='bbox 527 723 581 766; x_wconf 88' lang='lat' dir='ltr'>ab</span> <span class='ocrx_word' id='word_1_66' title='bbox 606 722 867 768; x_wconf 69' lang='lat' dir='ltr'>informitate</span> <span class='ocrx_word' id='word_1_67' title='bbox 890 741 965 769; x_wconf 91' lang='lat' dir='ltr'>sua</span> <span class='ocrx_word' id='word_1_68' title='bbox 989 726 1184 770; x_wconf 73' lang='lat' dir='ltr'>converti</span> <span class='ocrx_word' id='word_1_69' title='bbox 1206 726 1261 769; x_wconf 87' lang='lat' dir='ltr'>ad</span> <span class='ocrx_word' id='word_1_70' title='bbox 1286 724 1546 770; x_wconf 73' lang='lat' dir='ltr'>formantem</span> <span class='ocrx_word' id='word_1_71' title='bbox 1561 728 1699 769; x_wconf 88' lang='lat' dir='ltr'>Deum</span> <span class='ocrx_word' id='word_1_72' title='bbox 1716 759 1726 778; x_wconf 84' lang='lat'>,</span> <span class='ocrx_word' id='word_1_73' title='bbox 1752 731 1794 767; x_wconf 87' lang='lat' dir='ltr'>et</span> 
     </span>
     <span class='ocr_line' id='line_1_9' title="bbox 400 793 1794 855; baseline 0.001 -18"><span class='ocrx_word' id='word_1_74' title='bbox 400 794 560 848; x_wconf 78' lang='lat' dir='ltr'>creari7</span> <span class='ocrx_word' id='word_1_75' title='bbox 593 805 724 855; x_wconf 76' lang='lat' dir='ltr'>atquc</span> <span class='ocrx_word' id='word_1_76' title='bbox 760 795 937 839; x_wconf 85' lang='lat' dir='ltr'>formari</span> <span class='ocrx_word' id='word_1_77' title='bbox 965 816 971 840; x_wconf 93' lang='lat'>:</span> <span class='ocrx_word' id='word_1_78' title='bbox 999 806 1147 855; x_wconf 80' lang='lat' dir='ltr'>postea</span> <span class='ocrx_word' id='word_1_79' title='bbox 1180 812 1280 841; x_wconf 68' lang='lat' dir='ltr'>vero</span> <span class='ocrx_word' id='word_1_80' title='bbox 1314 797 1359 840; x_wconf 93' lang='lat' dir='ltr'>in</span> <span class='ocrx_word' id='word_1_81' title='bbox 1392 797 1556 841; x_wconf 75' lang='lat' dir='ltr'>caeteris</span> <span class='ocrx_word' id='word_1_82' title='bbox 1590 793 1794 839; x_wconf 74' lang='lat' dir='ltr'>creaturis</span> 
     </span>
     <span class='ocr_line' id='line_1_10' title="bbox 401 863 1795 927; baseline 0.001 -19"><span class='ocrx_word' id='word_1_83' title='bbox 401 863 562 909; x_wconf 85' lang='lat' dir='ltr'>dicitur</span> <span class='ocrx_word' id='word_1_84' title='bbox 589 885 596 909; x_wconf 88' lang='lat'>:</span> <span class='ocrx_word' id='word_1_85' title='bbox 638 885 657 907; x_wconf 86' lang='lat'>«</span> <span class='ocrx_word' id='word_1_86' title='bbox 684 869 739 910; x_wconf 88' lang='lat' dir='ltr'>Et</span> <span class='ocrx_word' id='word_1_87' title='bbox 770 867 829 911; x_wconf 88' lang='lat' dir='ltr'>sic</span> <span class='ocrx_word' id='word_1_88' title='bbox 858 877 920 910; x_wconf 85' lang='lat' dir='ltr'>est</span> <span class='ocrx_word' id='word_1_89' title='bbox 957 865 1150 925; x_wconf 75' lang='lat' dir='ltr'>faetum3</span> <span class='ocrx_word' id='word_1_90' title='bbox 1177 886 1197 908; x_wconf 87' lang='lat'>»</span> <span class='ocrx_word' id='word_1_91' title='bbox 1236 868 1313 912; x_wconf 89' lang='lat' dir='ltr'>ubi</span> <span class='ocrx_word' id='word_1_92' title='bbox 1342 868 1610 927; x_wconf 87' lang='lat' dir='ltr'>significatur</span> <span class='ocrx_word' id='word_1_93' title='bbox 1642 866 1688 909; x_wconf 89' lang='lat' dir='ltr'>in</span> <span class='ocrx_word' id='word_1_94' title='bbox 1721 864 1795 909; x_wconf 85' lang='lat' dir='ltr'>illa</span> 
     </span>
     <span class='ocr_line' id='line_1_11' title="bbox 399 935 1797 999; baseline 0 -19"><span class='ocrx_word' id='word_1_95' title='bbox 399 935 498 981; x_wconf 91' lang='lat' dir='ltr'>lucc</span> <span class='ocrx_word' id='word_1_96' title='bbox 518 973 528 991; x_wconf 80' lang='lat'>‚</span> <span class='ocrx_word' id='word_1_97' title='bbox 560 938 643 982; x_wconf 88' lang='lat' dir='ltr'>hoc</span> <span class='ocrx_word' id='word_1_98' title='bbox 666 947 750 991; x_wconf 81' lang='lat' dir='ltr'>est,</span> <span class='ocrx_word' id='word_1_99' title='bbox 777 938 820 982; x_wconf 92' lang='lat' dir='ltr'>in</span> <span class='ocrx_word' id='word_1_100' title='bbox 848 937 1134 982; x_wconf 70' lang='lat' dir='ltr'>intellectuali</span> <span class='ocrx_word' id='word_1_101' title='bbox 1158 948 1354 983; x_wconf 86' lang='lat' dir='ltr'>ereatura</span> <span class='ocrx_word' id='word_1_102' title='bbox 1384 939 1503 999; x_wconf 88' lang='lat' dir='ltr'>prius</span> <span class='ocrx_word' id='word_1_103' title='bbox 1525 937 1638 982; x_wconf 82' lang='lat' dir='ltr'>facta</span> <span class='ocrx_word' id='word_1_104' title='bbox 1664 936 1797 980; x_wconf 85' lang='lat' dir='ltr'>Verbi</span> 
     </span>
     <span class='ocr_line' id='line_1_12' title="bbox 400 1007 1796 1067; baseline -0.001 -14"><span class='ocrx_word' id='word_1_105' title='bbox 400 1008 614 1066; x_wconf 82' lang='lat' dir='ltr'>cognitio3</span> <span class='ocrx_word' id='word_1_106' title='bbox 640 1024 688 1052; x_wconf 88' lang='lat' dir='ltr'>ac</span> <span class='ocrx_word' id='word_1_107' title='bbox 712 1007 871 1052; x_wconf 84' lang='lat' dir='ltr'>deinde</span> <span class='ocrx_word' id='word_1_108' title='bbox 894 1025 994 1053; x_wconf 88' lang='lat' dir='ltr'>cum</span> <span class='ocrx_word' id='word_1_109' title='bbox 1013 1009 1198 1053; x_wconf 83' lang='lat' dir='ltr'>dieitur:</span> <span class='ocrx_word' id='word_1_110' title='bbox 1226 1029 1245 1052; x_wconf 86' lang='lat'>«</span> <span class='ocrx_word' id='word_1_111' title='bbox 1272 1012 1327 1054; x_wconf 86' lang='lat' dir='ltr'>Et</span> <span class='ocrx_word' id='word_1_112' title='bbox 1347 1008 1449 1054; x_wconf 84' lang='lat' dir='ltr'>feeit</span> <span class='ocrx_word' id='word_1_113' title='bbox 1471 1013 1601 1063; x_wconf 83' lang='lat' dir='ltr'>Deus,</span> <span class='ocrx_word' id='word_1_114' title='bbox 1623 1027 1642 1050; x_wconf 66' lang='grc' dir='ltr'>η</span> <span class='ocrx_word' id='word_1_115' title='bbox 1665 1007 1796 1067; x_wconf 88' lang='lat' dir='ltr'>ipsius</span> 
     </span>
     <span class='ocr_line' id='line_1_13' title="bbox 400 1079 1797 1142; baseline -0.002 -17"><span class='ocrx_word' id='word_1_116' title='bbox 400 1089 610 1125; x_wconf 75' lang='lat' dir='ltr'>creaturae</span> <span class='ocrx_word' id='word_1_117' title='bbox 641 1095 776 1138; x_wconf 80' lang='lat' dir='ltr'>genus</span> <span class='ocrx_word' id='word_1_118' title='bbox 807 1080 899 1123; x_wconf 85' lang='lat' dir='ltr'>fieri</span> <span class='ocrx_word' id='word_1_119' title='bbox 934 1080 1274 1135; x_wconf 68' lang='lat' dir='ltr'>demonstratur,</span> <span class='ocrx_word' id='word_1_120' title='bbox 1304 1081 1427 1142; x_wconf 84' lang='lat' dir='ltr'>quod</span> <span class='ocrx_word' id='word_1_121' title='bbox 1461 1081 1506 1124; x_wconf 91' lang='lat' dir='ltr'>in</span> <span class='ocrx_word' id='word_1_122' title='bbox 1538 1080 1685 1124; x_wconf 84' lang='lat' dir='ltr'>Verbo</span> <span class='ocrx_word' id='word_1_123' title='bbox 1720 1079 1797 1123; x_wconf 88' lang='lat' dir='ltr'>Dei</span> 
     </span>
     <span class='ocr_line' id='line_1_14' title="bbox 400 1151 1799 1208; baseline -0.001 -13"><span class='ocrx_word' id='word_1_124' title='bbox 400 1152 567 1196; x_wconf 86' lang='lat' dir='ltr'>dictum</span> <span class='ocrx_word' id='word_1_125' title='bbox 590 1160 682 1194; x_wconf 91' lang='lat' dir='ltr'>erat</span> <span class='ocrx_word' id='word_1_126' title='bbox 696 1160 745 1194; x_wconf 86' lang='lat' dir='ltr'>ut</span> <span class='ocrx_word' id='word_1_127' title='bbox 767 1152 913 1208; x_wconf 71' lang='lat' dir='ltr'>fieret3</span> <span class='ocrx_word' id='word_1_128' title='bbox 934 1152 1018 1196; x_wconf 86' lang='lat' dir='ltr'>hoc</span> <span class='ocrx_word' id='word_1_129' title='bbox 1041 1161 1084 1196; x_wconf 86' lang='lat' dir='ltr'>et</span> <span class='ocrx_word' id='word_1_130' title='bbox 1107 1152 1151 1195; x_wconf 91' lang='lat' dir='ltr'>in</span> <span class='ocrx_word' id='word_1_131' title='bbox 1174 1152 1363 1196; x_wconf 88' lang='lat' dir='ltr'>hominis</span> <span class='ocrx_word' id='word_1_132' title='bbox 1383 1151 1635 1197; x_wconf 88' lang='lat' dir='ltr'>conditione</span> <span class='ocrx_word' id='word_1_133' title='bbox 1655 1165 1799 1195; x_wconf 75' lang='lat' dir='ltr'>serva-</span> 
     </span>
     <span class='ocr_line' id='line_1_15' title="bbox 400 1222 1799 1280; baseline -0.001 -13"><span class='ocrx_word' id='word_1_134' title='bbox 400 1233 487 1267; x_wconf 81' lang='lat' dir='ltr'>tur.</span> <span class='ocrx_word' id='word_1_135' title='bbox 515 1223 631 1267; x_wconf 81' lang='lat' dir='ltr'>Dixit</span> <span class='ocrx_word' id='word_1_136' title='bbox 653 1223 768 1266; x_wconf 90' lang='lat' dir='ltr'>enim</span> <span class='ocrx_word' id='word_1_137' title='bbox 794 1226 934 1266; x_wconf 87' lang='lat' dir='ltr'>Deus:</span> <span class='ocrx_word' id='word_1_138' title='bbox 960 1241 980 1264; x_wconf 91' lang='lat'>«</span> <span class='ocrx_word' id='word_1_139' title='bbox 1007 1224 1233 1267; x_wconf 79' lang='lat' dir='ltr'>Faciamus</span> <span class='ocrx_word' id='word_1_140' title='bbox 1249 1224 1474 1268; x_wconf 87' lang='lat' dir='ltr'>hominem</span> <span class='ocrx_word' id='word_1_141' title='bbox 1494 1222 1550 1267; x_wconf 80' lang='lat' dir='ltr'>ad</span> <span class='ocrx_word' id='word_1_142' title='bbox 1568 1222 1799 1280; x_wconf 78' lang='lat' dir='ltr'>imaginem</span> 
     </span>
     <span class='ocr_line' id='line_1_16' title="bbox 404 1292 1796 1349; baseline 0.002 -14"><span class='ocrx_word' id='word_1_143' title='bbox 404 1312 424 1336; x_wconf 82' lang='lat'>»</span> <span class='ocrx_word' id='word_1_144' title='bbox 461 1306 504 1338; x_wconf 85' lang='lat' dir='ltr'>et</span> <span class='ocrx_word' id='word_1_145' title='bbox 521 1292 849 1337; x_wconf 81' lang='lat' dir='ltr'>similitudinem</span> <span class='ocrx_word' id='word_1_146' title='bbox 872 1304 1081 1349; x_wconf 84' lang='lat' dir='ltr'>nostram,</span> <span class='ocrx_word' id='word_1_147' title='bbox 1100 1303 1182 1339; x_wconf 84' lang='lat' dir='ltr'>etc.</span> <span class='ocrx_word' id='word_1_148' title='bbox 1203 1313 1223 1336; x_wconf 85' lang='lat'>»</span> <span class='ocrx_word' id='word_1_149' title='bbox 1245 1298 1307 1339; x_wconf 79' lang='lat' dir='ltr'>Ac</span> <span class='ocrx_word' id='word_1_150' title='bbox 1321 1294 1481 1338; x_wconf 87' lang='lat' dir='ltr'>deinde</span> <span class='ocrx_word' id='word_1_151' title='bbox 1503 1311 1594 1340; x_wconf 87' lang='lat' dir='ltr'>non</span> <span class='ocrx_word' id='word_1_152' title='bbox 1610 1293 1796 1338; x_wconf 86' lang='lat' dir='ltr'>dicitur:</span> 
     </span>
     <span class='ocr_line' id='line_1_17' title="bbox 406 1363 1801 1427; baseline -0.001 -17"><span class='ocrx_word' id='word_1_153' title='bbox 406 1388 427 1410; x_wconf 87' lang='lat'>«</span> <span class='ocrx_word' id='word_1_154' title='bbox 462 1369 519 1410; x_wconf 88' lang='lat' dir='ltr'>Et</span> <span class='ocrx_word' id='word_1_155' title='bbox 547 1367 606 1410; x_wconf 84' lang='lat' dir='ltr'>sie</span> <span class='ocrx_word' id='word_1_156' title='bbox 634 1375 698 1409; x_wconf 85' lang='lat' dir='ltr'>est</span> <span class='ocrx_word' id='word_1_157' title='bbox 729 1365 922 1424; x_wconf 79' lang='lat' dir='ltr'>factum3</span> <span class='ocrx_word' id='word_1_158' title='bbox 950 1384 970 1407; x_wconf 66' lang='lat' dir='ltr'>s&gt;</span> <span class='ocrx_word' id='word_1_159' title='bbox 1003 1366 1079 1410; x_wconf 87' lang='lat' dir='ltr'>sed</span> <span class='ocrx_word' id='word_1_160' title='bbox 1106 1368 1195 1427; x_wconf 85' lang='lat' dir='ltr'>jam</span> <span class='ocrx_word' id='word_1_161' title='bbox 1233 1366 1531 1412; x_wconf 80' lang='lat' dir='ltr'>subinfertur:</span> <span class='ocrx_word' id='word_1_162' title='bbox 1570 1386 1590 1409; x_wconf 70' lang='grc' dir='ltr'>(ι</span> <span class='ocrx_word' id='word_1_163' title='bbox 1616 1369 1675 1410; x_wconf 89' lang='lat' dir='ltr'>Et</span> <span class='ocrx_word' id='word_1_164' title='bbox 1699 1363 1801 1409; x_wconf 86' lang='lat' dir='ltr'>fecit</span> 
     </span>
     <span class='ocr_line' id='line_1_18' title="bbox 404 1437 1802 1498; baseline 0.001 -19"><span class='ocrx_word' id='word_1_165' title='bbox 404 1456 425 1479; x_wconf 89' lang='lat'>»</span> <span class='ocrx_word' id='word_1_166' title='bbox 461 1441 574 1482; x_wconf 90' lang='lat' dir='ltr'>Deus</span> <span class='ocrx_word' id='word_1_167' title='bbox 596 1437 819 1482; x_wconf 88' lang='lat' dir='ltr'>hominem</span> <span class='ocrx_word' id='word_1_168' title='bbox 841 1438 896 1482; x_wconf 88' lang='lat' dir='ltr'>ad</span> <span class='ocrx_word' id='word_1_169' title='bbox 920 1438 1151 1497; x_wconf 79' lang='lat' dir='ltr'>imaginem</span> <span class='ocrx_word' id='word_1_170' title='bbox 1172 1438 1275 1482; x_wconf 89' lang='lat' dir='ltr'>Dei:</span> <span class='ocrx_word' id='word_1_171' title='bbox 1300 1456 1320 1479; x_wconf 88' lang='lat'>»</span> <span class='ocrx_word' id='word_1_172' title='bbox 1346 1438 1449 1498; x_wconf 85' lang='lat' dir='ltr'>quia</span> <span class='ocrx_word' id='word_1_173' title='bbox 1473 1447 1516 1482; x_wconf 90' lang='lat' dir='ltr'>et</span> <span class='ocrx_word' id='word_1_174' title='bbox 1532 1438 1624 1498; x_wconf 86' lang='lat' dir='ltr'>ipsa</span> <span class='ocrx_word' id='word_1_175' title='bbox 1646 1446 1802 1481; x_wconf 85' lang='lat' dir='ltr'>natura</span> 
     </span>
     <span class='ocr_line' id='line_1_19' title="bbox 388 1507 1803 1569; baseline -0.001 -15"><span class='ocrx_word' id='word_1_176' title='bbox 388 1509 566 1554; x_wconf 79' lang='lat' dir='ltr'>&#39;scilicet</span> <span class='ocrx_word' id='word_1_177' title='bbox 588 1508 895 1553; x_wconf 85' lang='lat' dir='ltr'>intellectualis</span> <span class='ocrx_word' id='word_1_178' title='bbox 929 1518 1020 1567; x_wconf 80' lang='lat' dir='ltr'>est3</span> <span class='ocrx_word' id='word_1_179' title='bbox 1050 1509 1162 1553; x_wconf 88' lang='lat' dir='ltr'>sicut</span> <span class='ocrx_word' id='word_1_180' title='bbox 1183 1507 1257 1553; x_wconf 88' lang='lat' dir='ltr'>illa</span> <span class='ocrx_word' id='word_1_181' title='bbox 1285 1508 1360 1552; x_wconf 79' lang='lat' dir='ltr'>lux</span> <span class='ocrx_word' id='word_1_182' title='bbox 1389 1518 1432 1553; x_wconf 88' lang='lat' dir='ltr'>et</span> <span class='ocrx_word' id='word_1_183' title='bbox 1458 1517 1689 1569; x_wconf 79' lang='lat' dir='ltr'>propterea</span> <span class='ocrx_word' id='word_1_184' title='bbox 1718 1508 1803 1552; x_wconf 87' lang='lat' dir='ltr'>hoc</span> 
     </span>
     <span class='ocr_line' id='line_1_20' title="bbox 402 1579 1799 1641; baseline -0.002 -15"><span class='ocrx_word' id='word_1_185' title='bbox 402 1591 466 1626; x_wconf 80' lang='lat' dir='ltr'>est</span> <span class='ocrx_word' id='word_1_186' title='bbox 488 1581 526 1625; x_wconf 87' lang='lat' dir='ltr'>ei</span> <span class='ocrx_word' id='word_1_187' title='bbox 551 1581 667 1635; x_wconf 83' lang='lat' dir='ltr'>fieri,</span> <span class='ocrx_word' id='word_1_188' title='bbox 695 1580 816 1641; x_wconf 86' lang='lat' dir='ltr'>quod</span> <span class='ocrx_word' id='word_1_189' title='bbox 839 1590 903 1624; x_wconf 87' lang='lat' dir='ltr'>est</span> <span class='ocrx_word' id='word_1_190' title='bbox 927 1596 1161 1640; x_wconf 77' lang='lat' dir='ltr'>agnoscere</span> <span class='ocrx_word' id='word_1_191' title='bbox 1184 1580 1380 1625; x_wconf 81' lang='lat' dir='ltr'>Verbum</span> <span class='ocrx_word' id='word_1_192' title='bbox 1405 1581 1482 1625; x_wconf 90' lang='lat' dir='ltr'>Dei</span> <span class='ocrx_word' id='word_1_193' title='bbox 1499 1596 1578 1640; x_wconf 86' lang='lat' dir='ltr'>per</span> <span class='ocrx_word' id='word_1_194' title='bbox 1597 1579 1718 1641; x_wconf 85' lang='lat' dir='ltr'>quod</span> <span class='ocrx_word' id='word_1_195' title='bbox 1735 1580 1799 1623; x_wconf 89' lang='lat' dir='ltr'>fit.</span> 
     </span>
     <span class='ocr_line' id='line_1_21' title="bbox 461 1651 1805 1712; baseline -0.001 -15"><span class='ocrx_word' id='word_1_196' title='bbox 461 1655 651 1697; x_wconf 80' lang='lat' dir='ltr'>XXXII.</span> <span class='ocrx_word' id='word_1_197' title='bbox 670 1655 777 1697; x_wconf 81' lang='lat' dir='ltr'>Nam</span> <span class='ocrx_word' id='word_1_198' title='bbox 797 1652 827 1696; x_wconf 89' lang='lat' dir='ltr'>si</span> <span class='ocrx_word' id='word_1_199' title='bbox 845 1651 1084 1697; x_wconf 86' lang='lat' dir='ltr'>diceretur:</span> <span class='ocrx_word' id='word_1_200' title='bbox 1106 1672 1125 1694; x_wconf 89' lang='lat'>«</span> <span class='ocrx_word' id='word_1_201' title='bbox 1138 1656 1195 1697; x_wconf 87' lang='lat' dir='ltr'>Et</span> <span class='ocrx_word' id='word_1_202' title='bbox 1208 1652 1266 1697; x_wconf 92' lang='lat' dir='ltr'>sic</span> <span class='ocrx_word' id='word_1_203' title='bbox 1281 1662 1344 1697; x_wconf 86' lang='lat' dir='ltr'>est</span> <span class='ocrx_word' id='word_1_204' title='bbox 1363 1651 1546 1707; x_wconf 77' lang='lat' dir='ltr'>factum,</span> <span class='ocrx_word' id='word_1_205' title='bbox 1563 1670 1583 1693; x_wconf 73' lang='lat'>&gt;›</span> <span class='ocrx_word' id='word_1_206' title='bbox 1596 1661 1639 1696; x_wconf 90' lang='lat' dir='ltr'>et</span> <span class='ocrx_word' id='word_1_207' title='bbox 1656 1660 1805 1712; x_wconf 85' lang='lat' dir='ltr'>postea</span> 
     </span>
     <span class='ocr_line' id='line_1_22' title="bbox 404 1722 1806 1786; baseline -0.003 -15"><span class='ocrx_word' id='word_1_208' title='bbox 404 1723 724 1771; x_wconf 85' lang='lat' dir='ltr'>subinferretur</span> <span class='ocrx_word' id='word_1_209' title='bbox 746 1744 754 1769; x_wconf 90' lang='lat'>:</span> <span class='ocrx_word' id='word_1_210' title='bbox 796 1744 816 1766; x_wconf 85' lang='lat'>«</span> <span class='ocrx_word' id='word_1_211' title='bbox 840 1727 898 1768; x_wconf 86' lang='lat' dir='ltr'>Et</span> <span class='ocrx_word' id='word_1_212' title='bbox 919 1722 1023 1768; x_wconf 85' lang='lat' dir='ltr'>fecit</span> <span class='ocrx_word' id='word_1_213' title='bbox 1047 1728 1189 1782; x_wconf 82' lang='lat' dir='ltr'>Deus·⁷</span> <span class='ocrx_word' id='word_1_214' title='bbox 1217 1743 1238 1766; x_wconf 66' lang='lat' dir='ltr'>n</span> <span class='ocrx_word' id='word_1_215' title='bbox 1265 1725 1388 1786; x_wconf 82' lang='lat' dir='ltr'>quasi</span> <span class='ocrx_word' id='word_1_216' title='bbox 1410 1724 1530 1784; x_wconf 87' lang='lat' dir='ltr'>prius</span> <span class='ocrx_word' id='word_1_217' title='bbox 1550 1722 1715 1768; x_wconf 85' lang='lat' dir='ltr'>factum</span> <span class='ocrx_word' id='word_1_218' title='bbox 1737 1724 1806 1767; x_wconf 90' lang='lat' dir='ltr'>in-</span> 
     </span>
     <span class='ocr_line' id='line_1_23' title="bbox 404 1793 1817 1855; baseline -0.002 -14"><span class='ocrx_word' id='word_1_219' title='bbox 404 1796 672 1855; x_wconf 86' lang='lat' dir='ltr'>telligeretur</span> <span class='ocrx_word' id='word_1_220' title='bbox 694 1796 740 1839; x_wconf 91' lang='lat' dir='ltr'>in</span> <span class='ocrx_word' id='word_1_221' title='bbox 762 1795 1014 1854; x_wconf 83' lang='lat' dir='ltr'>cognitione</span> <span class='ocrx_word' id='word_1_222' title='bbox 1037 1794 1260 1840; x_wconf 81' lang='lat' dir='ltr'>rationalis</span> <span class='ocrx_word' id='word_1_223' title='bbox 1298 1805 1511 1840; x_wconf 79' lang='lat' dir='ltr'>creaturae</span> <span class='ocrx_word' id='word_1_224' title='bbox 1529 1831 1540 1847; x_wconf 76' lang='lat'>,</span> <span class='ocrx_word' id='word_1_225' title='bbox 1567 1810 1616 1839; x_wconf 86' lang='lat' dir='ltr'>ac</span> <span class='ocrx_word' id='word_1_226' title='bbox 1646 1793 1817 1839; x_wconf 18' lang='lat' dir='ltr'>deinde*</span> 
     </span>
     <span class='ocr_line' id='line_1_24' title="bbox 404 1866 1832 1928; baseline -0.003 -15"><span class='ocrx_word' id='word_1_227' title='bbox 404 1870 449 1913; x_wconf 91' lang='lat' dir='ltr'>in</span> <span class='ocrx_word' id='word_1_228' title='bbox 472 1868 617 1928; x_wconf 81' lang='lat' dir='ltr'>aliqua</span> <span class='ocrx_word' id='word_1_229' title='bbox 639 1877 836 1912; x_wconf 85' lang='lat' dir='ltr'>ereatura</span> <span class='ocrx_word' id='word_1_230' title='bbox 853 1903 863 1922; x_wconf 79' lang='lat'>‚</span> <span class='ocrx_word' id='word_1_231' title='bbox 884 1883 984 1928; x_wconf 81' lang='lat' dir='ltr'>quae</span> <span class='ocrx_word' id='word_1_232' title='bbox 1007 1866 1229 1912; x_wconf 80' lang='lat' dir='ltr'>rationalis</span> <span class='ocrx_word' id='word_1_233' title='bbox 1252 1883 1342 1911; x_wconf 90' lang='lat' dir='ltr'>non</span> <span class='ocrx_word' id='word_1_234' title='bbox 1360 1876 1468 1910; x_wconf 88' lang='lat' dir='ltr'>esset</span> <span class='ocrx_word' id='word_1_235' title='bbox 1489 1886 1497 1911; x_wconf 90' lang='lat'><strong>:</strong></span> <span class='ocrx_word' id='word_1_236' title='bbox 1519 1866 1622 1927; x_wconf 84' lang='lat' dir='ltr'>quia</span> <span class='ocrx_word' id='word_1_237' title='bbox 1639 1880 1742 1910; x_wconf 87' lang='lat' dir='ltr'>vero</span> <span class='ocrx_word' id='word_1_238' title='bbox 1763 1874 1807 1909; x_wconf 86' lang='lat' dir='ltr'>et</span> <span class='ocrx_word' id='word_1_239' title='bbox 1829 1892 1832 1896; x_wconf 89' lang='lat'><em>-</em></span> 
     </span>
     <span class='ocr_line' id='line_1_25' title="bbox 404 1938 1806 2001; baseline -0.004 -15"><span class='ocrx_word' id='word_1_240' title='bbox 404 1943 494 2001; x_wconf 83' lang='lat' dir='ltr'>ipsa</span> <span class='ocrx_word' id='word_1_241' title='bbox 514 1939 734 1985; x_wconf 84' lang='lat' dir='ltr'>rationalis</span> <span class='ocrx_word' id='word_1_242' title='bbox 749 1948 946 1984; x_wconf 85' lang='lat' dir='ltr'>creatura</span> <span class='ocrx_word' id='word_1_243' title='bbox 971 1948 1054 1991; x_wconf 64' lang='lat' dir='ltr'>est„</span> <span class='ocrx_word' id='word_1_244' title='bbox 1077 1949 1120 1983; x_wconf 89' lang='lat' dir='ltr'>et</span> <span class='ocrx_word' id='word_1_245' title='bbox 1140 1939 1234 1999; x_wconf 85' lang='lat' dir='ltr'>ipsa</span> <span class='ocrx_word' id='word_1_246' title='bbox 1259 1938 1412 1983; x_wconf 83' lang='lat' dir='ltr'>eadem</span> <span class='ocrx_word' id='word_1_247' title='bbox 1434 1938 1683 1997; x_wconf 83' lang='lat' dir='ltr'>cognitione</span> <span class='ocrx_word' id='word_1_248' title='bbox 1704 1952 1806 1998; x_wconf 88' lang='lat' dir='ltr'>per-</span> 
     </span>
     <span class='ocr_line' id='line_1_26' title="bbox 403 2008 1806 2070; baseline -0.004 -13"><span class='ocrx_word' id='word_1_249' title='bbox 403 2012 518 2057; x_wconf 83' lang='lat' dir='ltr'>fecta</span> <span class='ocrx_word' id='word_1_250' title='bbox 538 2021 616 2056; x_wconf 83' lang='lat' dir='ltr'>est.</span> <span class='ocrx_word' id='word_1_251' title='bbox 642 2011 761 2056; x_wconf 86' lang='lat' dir='ltr'>Sicut</span> <span class='ocrx_word' id='word_1_252' title='bbox 783 2010 900 2054; x_wconf 89' lang='lat' dir='ltr'>enim</span> <span class='ocrx_word' id='word_1_253' title='bbox 919 2018 1018 2070; x_wconf 86' lang='lat' dir='ltr'>post</span> <span class='ocrx_word' id='word_1_254' title='bbox 1044 2009 1215 2070; x_wconf 86' lang='lat' dir='ltr'>lapsum</span> <span class='ocrx_word' id='word_1_255' title='bbox 1243 2009 1412 2070; x_wconf 87' lang='lat' dir='ltr'>peccati</span> <span class='ocrx_word' id='word_1_256' title='bbox 1439 2010 1574 2054; x_wconf 90' lang='lat' dir='ltr'>homo</span> <span class='ocrx_word' id='word_1_257' title='bbox 1601 2009 1648 2052; x_wconf 91' lang='lat' dir='ltr'>in</span> <span class='ocrx_word' id='word_1_258' title='bbox 1679 2008 1806 2067; x_wconf 87' lang='lat' dir='ltr'>agni-</span> 
     </span>
     <span class='ocr_line' id='line_1_27' title="bbox 404 2079 1807 2141; baseline -0.003 -13"><span class='ocrx_word' id='word_1_259' title='bbox 404 2084 523 2128; x_wconf 83' lang='lat' dir='ltr'>tione</span> <span class='ocrx_word' id='word_1_260' title='bbox 537 2083 613 2126; x_wconf 90' lang='lat' dir='ltr'>Dei</span> <span class='ocrx_word' id='word_1_261' title='bbox 637 2091 888 2136; x_wconf 81' lang='lat' dir='ltr'>renovatur,</span> <span class='ocrx_word' id='word_1_262' title='bbox 909 2080 1153 2125; x_wconf 87' lang='lat' dir='ltr'>secundum</span> <span class='ocrx_word' id='word_1_263' title='bbox 1167 2080 1404 2140; x_wconf 82' lang='lat' dir='ltr'>imaginem</span> <span class='ocrx_word' id='word_1_264' title='bbox 1421 2081 1529 2141; x_wconf 80' lang='lat' dir='ltr'>ejus,</span> <span class='ocrx_word' id='word_1_265' title='bbox 1551 2079 1627 2140; x_wconf 89' lang='lat' dir='ltr'>qui</span> <span class='ocrx_word' id='word_1_266' title='bbox 1644 2079 1807 2125; x_wconf 84' lang='lat' dir='ltr'>creavit</span> 
     </span>
     <span class='ocr_line' id='line_1_28' title="bbox 406 2150 1806 2214; baseline -0.002 -15"><span class='ocrx_word' id='word_1_267' title='bbox 406 2170 533 2199; x_wconf 87' lang='lat' dir='ltr'>cum:</span> <span class='ocrx_word' id='word_1_268' title='bbox 559 2155 617 2198; x_wconf 85' lang='lat' dir='ltr'>ita</span> <span class='ocrx_word' id='word_1_269' title='bbox 640 2154 686 2198; x_wconf 89' lang='lat' dir='ltr'>in</span> <span class='ocrx_word' id='word_1_270' title='bbox 711 2154 802 2214; x_wconf 84' lang='lat' dir='ltr'>ipsa</span> <span class='ocrx_word' id='word_1_271' title='bbox 826 2152 1048 2212; x_wconf 84' lang='lat' dir='ltr'>agnitione</span> <span class='ocrx_word' id='word_1_272' title='bbox 1074 2162 1244 2198; x_wconf 85' lang='lat' dir='ltr'>creatus</span> <span class='ocrx_word' id='word_1_273' title='bbox 1266 2161 1357 2207; x_wconf 84' lang='lat' dir='ltr'>est,</span> <span class='ocrx_word' id='word_1_274' title='bbox 1388 2161 1623 2212; x_wconf 85' lang='lat' dir='ltr'>antequam</span> <span class='ocrx_word' id='word_1_275' title='bbox 1646 2150 1806 2196; x_wconf 87' lang='lat' dir='ltr'>delicto</span> 
     </span>
     <span class='ocr_line' id='line_1_29' title="bbox 406 2223 1805 2283; baseline -0.003 -13"><span class='ocrx_word' id='word_1_276' title='bbox 406 2235 720 2283; x_wconf 75' lang='lat' dir='ltr'>veterasceret3</span> <span class='ocrx_word' id='word_1_277' title='bbox 745 2225 864 2269; x_wconf 88' lang='lat' dir='ltr'>unde</span> <span class='ocrx_word' id='word_1_278' title='bbox 888 2240 1059 2269; x_wconf 85' lang='lat' dir='ltr'>rursum</span> <span class='ocrx_word' id='word_1_279' title='bbox 1082 2225 1128 2268; x_wconf 88' lang='lat' dir='ltr'>in</span> <span class='ocrx_word' id='word_1_280' title='bbox 1152 2224 1307 2268; x_wconf 87' lang='lat' dir='ltr'>eadem</span> <span class='ocrx_word' id='word_1_281' title='bbox 1328 2223 1550 2282; x_wconf 79' lang='lat' dir='ltr'>agnitione</span> <span class='ocrx_word' id='word_1_282' title='bbox 1572 2238 1805 2268; x_wconf 86' lang='lat' dir='ltr'>renovare-</span> 
     </span>
     <span class='ocr_line' id='line_1_30' title="bbox 407 2295 1806 2356; baseline -0.004 -13"><span class='ocrx_word' id='word_1_283' title='bbox 407 2309 494 2343; x_wconf 85' lang='lat' dir='ltr'>tur.</span> <span class='ocrx_word' id='word_1_284' title='bbox 529 2301 638 2351; x_wconf 57' lang='lat' dir='ltr'>Quae</span> <span class='ocrx_word' id='word_1_285' title='bbox 661 2307 807 2342; x_wconf 88' lang='lat' dir='ltr'>autem</span> <span class='ocrx_word' id='word_1_286' title='bbox 842 2313 931 2341; x_wconf 91' lang='lat' dir='ltr'>non</span> <span class='ocrx_word' id='word_1_287' title='bbox 958 2298 1000 2340; x_wconf 90' lang='lat' dir='ltr'>in</span> <span class='ocrx_word' id='word_1_288' title='bbox 1025 2312 1072 2341; x_wconf 90' lang='lat' dir='ltr'>ea</span> <span class='ocrx_word' id='word_1_289' title='bbox 1105 2296 1353 2355; x_wconf 85' lang='lat' dir='ltr'>cognitione</span> <span class='ocrx_word' id='word_1_290' title='bbox 1378 2304 1521 2339; x_wconf 85' lang='lat' dir='ltr'>creata</span> <span class='ocrx_word' id='word_1_291' title='bbox 1555 2304 1678 2350; x_wconf 85' lang='lat' dir='ltr'>sunt,</span> <span class='ocrx_word' id='word_1_292' title='bbox 1703 2295 1806 2356; x_wconf 87' lang='lat' dir='ltr'>quia</span> 
     </span>
     <span class='ocr_line' id='line_1_31' title="bbox 408 2366 1805 2429; baseline -0.001 -16"><span class='ocrx_word' id='word_1_293' title='bbox 408 2369 496 2414; x_wconf 84' lang='lat' dir='ltr'>sive</span> <span class='ocrx_word' id='word_1_294' title='bbox 527 2384 734 2429; x_wconf 82' lang='lat' dir='ltr'>corpora,</span> <span class='ocrx_word' id='word_1_295' title='bbox 766 2368 854 2412; x_wconf 88' lang='lat' dir='ltr'>sive</span> <span class='ocrx_word' id='word_1_296' title='bbox 883 2367 1153 2411; x_wconf 84' lang='lat' dir='ltr'>irrationales</span> <span class='ocrx_word' id='word_1_297' title='bbox 1177 2367 1333 2411; x_wconf 80' lang='lat' dir='ltr'>animae</span> <span class='ocrx_word' id='word_1_298' title='bbox 1355 2366 1632 2421; x_wconf 76' lang='lat' dir='ltr'>creabantur,</span> <span class='ocrx_word' id='word_1_299' title='bbox 1664 2366 1805 2425; x_wconf 88' lang='lat' dir='ltr'>primo</span> 
     </span>
     <span class='ocr_line' id='line_1_32' title="bbox 407 2438 1801 2497; baseline -0.003 -12"><span class='ocrx_word' id='word_1_300' title='bbox 407 2440 522 2486; x_wconf 84' lang='lat' dir='ltr'>sacta</span> <span class='ocrx_word' id='word_1_301' title='bbox 543 2450 607 2484; x_wconf 88' lang='lat' dir='ltr'>est</span> <span class='ocrx_word' id='word_1_302' title='bbox 630 2441 675 2485; x_wconf 90' lang='lat' dir='ltr'>in</span> <span class='ocrx_word' id='word_1_303' title='bbox 692 2449 889 2484; x_wconf 84' lang='lat' dir='ltr'>creatura</span> <span class='ocrx_word' id='word_1_304' title='bbox 908 2438 1197 2484; x_wconf 88' lang='lat' dir='ltr'>intellectuali</span> <span class='ocrx_word' id='word_1_305' title='bbox 1214 2438 1406 2497; x_wconf 84' lang='lat' dir='ltr'>cognitio</span> <span class='ocrx_word' id='word_1_306' title='bbox 1430 2453 1581 2482; x_wconf 89' lang='lat' dir='ltr'>eorum</span> <span class='ocrx_word' id='word_1_307' title='bbox 1600 2453 1622 2481; x_wconf 86' lang='lat' dir='ltr'>a</span> <span class='ocrx_word' id='word_1_308' title='bbox 1641 2438 1801 2493; x_wconf 88' lang='lat' dir='ltr'>Verbo,</span> 
     </span>
     <span class='ocr_line' id='line_1_33' title="bbox 409 2508 1804 2572; baseline -0.002 -18"><span class='ocrx_word' id='word_1_309' title='bbox 409 2528 499 2572; x_wconf 82' lang='lat' dir='ltr'>quo</span> <span class='ocrx_word' id='word_1_310' title='bbox 526 2511 695 2556; x_wconf 86' lang='lat' dir='ltr'>dictum</span> <span class='ocrx_word' id='word_1_311' title='bbox 726 2520 789 2555; x_wconf 84' lang='lat' dir='ltr'>est</span> <span class='ocrx_word' id='word_1_312' title='bbox 817 2519 867 2555; x_wconf 90' lang='lat' dir='ltr'>ut</span> <span class='ocrx_word' id='word_1_313' title='bbox 905 2510 1091 2555; x_wconf 81' lang='lat' dir='ltr'>fierent:</span> <span class='ocrx_word' id='word_1_314' title='bbox 1128 2517 1307 2570; x_wconf 86' lang='lat' dir='ltr'>propter</span> <span class='ocrx_word' id='word_1_315' title='bbox 1345 2523 1479 2570; x_wconf 86' lang='lat' dir='ltr'>quam</span> <span class='ocrx_word' id='word_1_316' title='bbox 1510 2508 1804 2566; x_wconf 87' lang='lat' dir='ltr'>cognitionem</span> 
     </span>
     <span class='ocr_line' id='line_1_34' title="bbox 410 2578 1804 2642; baseline -0.002 -17"><span class='ocrx_word' id='word_1_317' title='bbox 410 2583 551 2642; x_wconf 81' lang='lat' dir='ltr'>primo</span> <span class='ocrx_word' id='word_1_318' title='bbox 580 2582 836 2628; x_wconf 86' lang='lat' dir='ltr'>dicebatur:</span> <span class='ocrx_word' id='word_1_319' title='bbox 868 2601 887 2624; x_wconf 87' lang='lat'>«</span> <span class='ocrx_word' id='word_1_320' title='bbox 912 2584 967 2625; x_wconf 89' lang='lat' dir='ltr'>Et</span> <span class='ocrx_word' id='word_1_321' title='bbox 989 2581 1048 2625; x_wconf 91' lang='lat' dir='ltr'>sic</span> <span class='ocrx_word' id='word_1_322' title='bbox 1073 2590 1136 2626; x_wconf 80' lang='lat' dir='ltr'>est</span> <span class='ocrx_word' id='word_1_323' title='bbox 1159 2580 1324 2626; x_wconf 82' lang='lat' dir='ltr'>sactum</span> <span class='ocrx_word' id='word_1_324' title='bbox 1342 2616 1353 2635; x_wconf 83' lang='lat'>‚</span> <span class='ocrx_word' id='word_1_325' title='bbox 1377 2599 1397 2622; x_wconf 74' lang='lat' dir='ltr'>n</span> <span class='ocrx_word' id='word_1_326' title='bbox 1424 2590 1473 2624; x_wconf 82' lang='lat' dir='ltr'>ut·</span> <span class='ocrx_word' id='word_1_327' title='bbox 1503 2578 1804 2625; x_wconf 83' lang='lat' dir='ltr'>ostenderetur</span> 
     </span>
    </p>
   </div>
  </div>
 </body>
</html>
