1854 3219
0 3135 20 3219 'HE-..fl
11 3028 19 3129 aab—f
10 2992 17 3018 ,ὁ
13 2951 17 2978 e-

373 228 428 256 m:
458 227 610 256 omum
642 225 696 253 An
729 224 971 265 ΜΤΤΕΜΜ,
1008 228 1089 254 mn.
1125 228 1186 254 xx.
1378 214 1455 252 521

83 311 104 335 »
138 308 214 337 sua
239 292 480 337 abstractus
502 300 546 335 et
567 289 737 334 illectus
766 310 773 334 ε
800 290 958 335 deinde
991 290 1338 351 concupiscentia
1360 305 1460 334 eum

82 383 103 407 »
138 364 406 425 conceperit,
426 362 540 423 parit
555 369 781 422 peecatum
799 381 809 418 3
831 371 1060 421 peccatum
1082 372 1226 406 autem
1243 376 1344 407 cum
1361 376 1462 406 con-

82 454 102 477 »
137 444 401 480 summatum
415 432 563 489 fuerit,
585 441 763 492 generat
778 435 1004 477 mortem1.
1027 452 1046 474 »
1073 434 1198 477 Unde
1220 442 1369 477 sanato
1387 447 1461 476 su-

78 506 241 566 perbiae
262 514 434 549 tumore
455 503 695 562 resurgitur
710 538 720 558 ,
753 503 787 546 si
808 502 1010 547 voluntas
1037 519 1136 563 quae
1165 512 1263 547 ante
1293 502 1461 562 experi-

78 585 276 620 mentum
299 574 461 630 defuit,
488 583 539 618 ut
566 582 896 634 permaneretur
918 589 1018 617 cum
1041 577 1130 618 Deo
1145 608 1156 628 ,
1188 571 1339 618 saltem
1365 581 1463 633 post

78 647 421 708 experimentum
443 645 568 701 adsit,
593 653 644 690 ut
665 643 868 689 redeatur
891 645 945 689 ad
966 648 1119 690 Deum.

76 777 1389 798 WWWWWMNWWVWVWWWWWWWWMVWWMNWWWWWWWWW
1393 778 1462 795 WW

607 877 824 927 CAPUT
867 878 956 926 VI.

260 999 361 1046 Car
378 996 513 1044 Deus
529 999 805 1059 permiserit
826 995 1067 1043 hominem
1091 998 1283 1043 tentari.

137 1128 263 1171 VIII.
290 1128 358 1172 S1c
381 1135 528 1172 autem
550 1125 732 1187 quidam
749 1134 981 1171 moventur
1003 1123 1058 1170 de
1079 1126 1162 1170 hac
1179 1124 1308 1186 primi
1324 1123 1467 1169 homi-

78 1196 144 1241 nis
166 1197 423 1253 tentatione,
443 1195 566 1258 quod
582 1212 676 1242 eam
693 1197 787 1242 fieri
803 1195 1046 1257 permiserit
1060 1198 1191 1251 Deus,
1208 1195 1332 1256 quasi
1349 1210 1467 1239 nunc

78 1281 168 1310 non
196 1266 373 1311 videant
398 1266 651 1311 universum
677 1281 813 1325 genus
842 1267 1085 1311 humanum
1114 1263 1276 1310 diaboli
1303 1264 1469 1309 insidiis

78 1336 170 1380 sine
197 1336 434 1381 cessatione
466 1337 640 1382 tentari.
678 1339 769 1382 Cur
800 1346 843 1380 et
871 1337 956 1381 hoc
985 1336 1199 1397 permittit
1230 1337 1370 1380 Deus?
1399 1339 1467 1379 An

78 1405 180 1467 quia
200 1406 414 1466 probatur
435 1415 479 1451 et
500 1414 724 1451 exercetur
744 1406 904 1461 virtus,
931 1416 974 1450 et
992 1416 1055 1450 est
1071 1405 1218 1464 palma
1241 1405 1468 1464 gloriosior

78 1491 170 1520 non
191 1476 455 1521 consensisse
476 1485 694 1521 tentatum
711 1511 722 1531 ,
762 1492 893 1534 quam
926 1491 1016 1520 non
1050 1475 1240 1536 potuisse
1272 1477 1430 1520 tentari
1455 1496 1464 1521 ε

79 1563 180 1592 cum
195 1549 324 1593 etiam
336 1548 417 1608 ipsi
432 1549 524 1609 qui,
537 1547 708 1593 deserto
720 1549 941 1602 Creatore,
953 1556 1060 1591 eunt
1075 1556 1174 1607 post
1187 1556 1445 1592 tentatorem
1454 1584 1464 1604 ‚

78 1618 214 1677 magis
230 1619 454 1679 magisque
474 1627 647 1663 tentent
664 1634 752 1674 eos,
779 1618 855 1679 qui
878 1618 924 1662 in
945 1618 1077 1662 verbo
1096 1618 1174 1662 Dei
1190 1628 1465 1677 permanent,

77 1689 392 1750 praebeantque
412 1689 497 1734 illis
523 1699 674 1734 contra
702 1689 989 1749 cupiditatem
1021 1688 1297 1734 devitationis
1320 1705 1467 1734 exem-

79 1761 219 1821 plum,
235 1769 278 1805 et
293 1761 510 1806 incutiant
526 1770 678 1806 contra
693 1761 942 1820 superbiam
960 1760 1160 1804 timorem
1173 1761 1325 1820 pium?
1343 1760 1469 1805 Unde

23 1854 34 1859 -
79 1831 186 1876 dicit
202 1831 462 1891 Apostolus,
492 1851 511 1874 «
528 1830 766 1875 Intendens
783 1840 826 1875 te
843 1831 986 1890 ipsum
1004 1845 1059 1874 ne
1080 1839 1122 1874 et
1140 1840 1188 1874 tu
1205 1831 1424 1875 tenteris‘2.
1445 1850 1465 1873 »

79 1901 241 1946 Mirum
257 1910 322 1945 est
343 1901 461 1945 enim
482 1910 698 1961 quantum
729 1900 810 1945 ista
832 1899 1078 1955 humilitas,
1114 1916 1201 1961 qua
1239 1900 1470 1945 subdimur

79 1970 298 2026 Creatori,
320 1986 376 2014 ne
397 1980 608 2031 tanquam
628 1971 718 2031 ejus
742 1969 955 2031 adjutorio
972 1986 1062 2014 non
1080 1980 1269 2028 egentes,
1295 1970 1349 2015 de
1369 1987 1471 2016 nos-

81 2042 156 2086 tris
180 2042 347 2086 viribus
379 2057 716 2102 praesumamus,
752 2057 830 2102 per
855 2041 1096 2102 Scripturas
1125 2057 1275 2086 omnes
1304 2042 1470 2088 divinas

81 2127 186 2157 cura
207 2113 415 2157 continua
434 2112 779 2157 commendatur.
798 2115 910 2157 Cum
927 2128 1030 2171 ergo
1048 2113 1176 2156 etiam
1195 2127 1272 2173 per
1289 2113 1471 2174 injustos

76 2183 204 2242 justi,
230 2198 279 2227 ac
313 2198 390 2242 per
410 2183 566 2242 impios
593 2183 653 2242 pii
681 2183 933 2243 proficiant,
963 2183 1121 2227 frustra
1153 2184 1312 2228 dicitur
1338 2205 1345 2229 :
1371 2187 1470 2230 Non

83 2262 247 2299 crearet
268 2255 407 2309 Deus,
438 2269 548 2314 quos
575 2254 831 2313 praesciebat
857 2253 994 2298 malos
1016 2252 1202 2299 futuros.
1229 2257 1320 2299 Cur
1352 2256 1469 2299 enim

82 2340 172 2370 non
203 2325 418 2380 crearet³‚
459 2340 569 2385 quos
590 2324 846 2384 praesciebat
878 2325 1003 2369 bonis
1032 2324 1312 2385 profuturos,
1343 2336 1395 2371 ut
1427 2336 1470 2371 ct

82 2395 209 2440 utiles
231 2410 381 2439 eorum
404 2395 529 2440 bonis
554 2395 854 2440 voluntatibus
877 2395 1125 2440 exercendis
1157 2396 1468 2441 admonendis-

83 2481 170 2527 que
186 2474 435 2521 nascantur,
450 2474 492 2509 et
512 2466 628 2526 juste
642 2481 722 2526 pro
735 2481 811 2510 sua
829 2465 941 2510 mala
956 2465 1182 2512 voluntate
1198 2468 1467 2527 puniantur?

132 2568 142 2585 ¹
161 2561 272 2596 Jacob.
293 2573 316 2604 i,
338 2561 515 2604 14,15.—·
535 2569 548 2586 ²
567 2561 623 2595 Gal
638 2573 684 2605 vr,
703 2573 731 2597 1.
748 2580 789 2585 —
807 2561 820 2586 3
838 2572 857 2596 2
876 2564 963 2596 sent.
985 2563 1060 2596 dist.
1082 2575 1176 2605 xxm,
1191 2574 1263 2607 cap.
1289 2575 1317 2597 ι.
