1854 3219
373 179 425 204 m:
460 176 668 204 noemma
700 175 951 203 cums‘rrANA
986 177 1067 202 Lm.
1096 176 1160 202 111.
1405 162 1459 200 33

77 241 182 286 latet
206 242 315 302 quid
335 241 516 286 senserit
540 240 634 296 ille,
661 241 737 301 qui
764 240 956 299 scripsit,
983 239 1092 284 nihil
1113 237 1293 298 periculi
1317 247 1402 293 est,
1428 238 1463 282 si

77 311 308 373 quodlibet
337 326 490 356 eorum
522 326 763 370 congruere
798 309 969 355 veritati
1004 326 1054 354 ex
1086 309 1177 354 aliis
1199 308 1304 354 locis
1339 324 1464 352 sanc-

41 437 46 440 ·
77 392 221 427 tarum
241 380 562 442 Scripturarum
579 380 725 425 doceri
746 389 888 440 potest
911 400 920 425 ε
945 379 991 424 id
1008 390 1154 425 tamen
1176 395 1227 424 eo
1250 388 1459 433 conante,

76 454 153 514 qui
179 453 325 499 divina.
356 461 576 498 scrutatur
604 451 816 513 Eloquia,
839 459 889 495 ut
923 452 977 495 ad
1004 451 1278 497 voluntatem
1306 465 1462 510 perve-

77 525 224 569 niatur
245 524 453 580 auctoris,
480 539 558 584 per
581 538 714 584 quem
736 522 1003 582 Scripturam
1020 522 1140 567 illam
1161 532 1335 567 sanctus
1358 537 1462 581 ope-

76 604 194 640 ratus
225 604 291 640 est
314 595 528 655 Spiritus,
561 595 649 639 sive
681 593 766 638 hoc
795 603 1064 655 assequatur,
1098 594 1186 639 sive
1214 593 1341 637 aliam
1363 608 1462 637 sen-

77 666 257 711 tentiam
279 665 334 710 de
362 665 446 710 illis
467 665 636 722 verbis,
672 681 772 726 quae
800 664 904 710 fidei
931 675 1060 710 rectae
1083 681 1171 710 non
1204 663 1461 723 refragatur,

76 737 297 798 exculpat,
317 737 616 782 testimonium
637 737 804 782 habens
826 753 850 781 a
871 752 1153 798 quocumque
1175 736 1259 782 alio
1280 735 1377 781 loco
1394 735 1463 779 di-

75 808 277 853 vinorum
289 807 590 869 Eloquiorum.
614 806 693 851 Ille
710 807 873 868 quippe
891 817 1044 852 auctor
1059 808 1106 851 in
1123 807 1285 852 eisdem
1301 806 1462 860 verbis,

78 894 177 939 quae
196 878 439 938 intelligere
460 878 661 923 volumus
678 913 688 933 ,
710 887 753 923 et
765 878 900 938 ipsam
923 878 1183 923 sententiam
1206 877 1388 923 forsitan
1399 877 1465 922 vi-

79 949 170 1008 dit,
195 959 239 994 et
261 958 377 995 certe
393 949 472 995 Dei
491 949 674 1009 Spiritus
690 985 701 1005 ,
721 949 799 1011 qui
815 965 894 1009 per
910 965 1011 994 eum
1030 950 1125 994 haec
1144 959 1348 1010 operatus
1371 958 1434 993 cst
1451 985 1462 1004 ,

78 1021 209 1066 etiam
230 1021 369 1082 ipsam
386 1036 663 1068 occursuram
682 1021 833 1066 lectori
849 1021 919 1067 vel
937 1021 1147 1078 auditori,
1178 1022 1269 1067 sine
1291 1021 1465 1065 dubita-

78 1093 197 1139 tione
218 1092 541 1154 praevidit3imo
559 1103 610 1139 ut
628 1103 898 1150 occurreret,
918 1094 1021 1155 quia
1035 1103 1079 1138 et
1095 1094 1186 1154 ipsa
1204 1103 1268 1138 est
1286 1094 1465 1138 veritate

77 1165 282 1221 subnixa,
297 1164 502 1225 providit.
526 1168 635 1211 Nam
657 1165 765 1226 quid
781 1166 826 1209 in
844 1164 1000 1210 divinis
1022 1165 1220 1227 Eloquiis
1238 1165 1400 1225 largius
1423 1174 1467 1209 et

76 1235 255 1280 uberius
272 1236 418 1295 potuit
439 1234 646 1280 divinitus
667 1235 908 1296 provideri,
931 1252 1064 1296 quam
1086 1246 1136 1281 ut
1157 1237 1310 1281 eadem
1332 1236 1467 1280 verba

75 1307 272 1367 pluribus
293 1307 595 1366 intelligantur
610 1308 751 1353 modis
764 1343 774 1363 ,
800 1324 909 1369 quos
930 1308 1012 1353 alia
1035 1325 1125 1354 non
1154 1309 1298 1353 minus
1318 1308 1465 1353 divina

74 1379 362 1440 contestantia
379 1377 542 1424 faciant
563 1378 827 1440 approbari?

73 1537 252 1556 mmm
257 1538 1036 1556 mmmmmmmwmmmmmmmnmn
1040 1538 1394 1556 mmmmm
1398 1540 1464 1556 δἉΊ

522 1659 740 1710 CAPUT
776 1662 1015 1710 XXVIII.

72 1805 229 1851 Locus
250 1805 458 1850 incertus
473 1806 616 1850 tutius
625 1820 716 1865 per
734 1803 858 1850 alios
879 1805 1142 1865 Scrz'ptaroe
1165 1805 1292 1852 locos
1314 1822 1462 1865 quam

396 1891 488 1935 per
508 1876 744 1921 rationem
766 1875 1126 1939 manffestatur.

129 2003 337 2056 xxxlxss
357 2013 436 2057 Um
454 2020 599 2056 autem
617 2011 714 2058 talis
733 2027 882 2058 sensus
899 2014 1081 2070 eruitur,
1101 2016 1226 2076 cujus
1242 2015 1459 2060 incertum

71 2083 198 2128 certis
218 2091 467 2128 sanctarum
485 2082 806 2143 Scripturarum
827 2084 1083 2129 testimoniis
1104 2101 1194 2130 non
1211 2086 1344 2145 possit
1362 2102 1457 2147 ape-

70 2154 166 2210 riri,
191 2163 323 2199 restat
343 2162 394 2199 ut
406 2154 574 2199 ratione
594 2153 761 2200 reddita
778 2156 1033 2201 manifestus
1048 2167 1269 2217 appareat,
1289 2158 1457 2203 etiamsi

69 2224 164 2281 ille,
199 2226 323 2286 cujus
357 2225 487 2270 verba
515 2224 759 2285 intelligere
788 2227 1023 2288 quaerimus
1036 2263 1046 2283 ,
1082 2244 1182 2274 eum
1217 2227 1330 2274 forte
1365 2246 1455 2275 non

70 2299 215 2343 sensit.
242 2297 327 2344 Sed
339 2298 433 2343 haec
451 2298 723 2343 consuetudo
743 2299 984 2358 periculosa
1004 2310 1068 2345 est
1086 2316 1189 2361 :per
1213 2302 1454 2362 Scripturas

70 2369 185 2414 enim
208 2369 375 2414 divinas
396 2369 536 2415 multo
561 2370 696 2415 tutius
727 2370 993 2427 ambulatur,
1019 2388 1126 2433 quas
1148 2372 1289 2417 verbis
1311 2383 1453 2418 trans-

69 2439 166 2485 latis
187 2450 387 2501 opacatas
409 2456 510 2486 cum
531 2441 713 2486 scrutari
735 2441 958 2498 volumus,
985 2453 1060 2488 aut
1080 2445 1164 2489 hoc
1181 2444 1285 2490 inde
1307 2457 1450 2500 exeat,

69 2511 189 2572 quod
213 2527 304 2558 non
323 2512 482 2558 habeat
502 2513 864 2571 controversiam,
887 2523 963 2559 aut
985 2515 1020 2559 si
1047 2515 1181 2561 habet
1197 2552 1207 2572 ,
1234 2532 1284 2561 ex
1301 2518 1453 2564 eadem

334 2593 440 2624 exn.
1240 2590 1264 2623 2
