1854 3219
378 198 459 235 288
810 203 844 230 s.
881 203 1110 232 Accosum
1143 206 1323 232 EPlscol’t

374 272 525 316 titione
547 277 847 314 consummata
866 279 929 314 est
955 273 1154 315 universa
1177 280 1394 316 creatura:
1420 271 1677 333 factumque
1699 285 1762 319 est

373 357 498 386 mane
512 376 522 395 ,
546 356 634 401 quo
664 340 862 386 finiretur
884 349 1026 385 sextus
1048 341 1138 386 dies
1157 363 1168 400 3
1194 351 1237 386 et
1259 340 1378 386 unde
1399 341 1610 403 inciperet
1631 345 1762 404 septi-

373 428 467 456 mus
498 426 718 469 vesperam
752 427 842 455 non
873 411 1126 467 habiturus,
1159 413 1260 473 quia
1296 411 1373 456 Dei
1397 415 1564 473 requies
1588 431 1677 459 non
1699 424 1764 460 est

371 493 594 541 creatura,
620 499 719 544 quae
743 498 843 526 cum
866 498 943 542 per
964 481 1054 527 dies
1077 492 1256 527 caeteros
1278 481 1555 540 conderetur,
1582 484 1702 529 aliter
1718 487 1763 530 in

370 572 414 600 se
432 555 521 616 ipsa
544 554 655 599 sacta
673 554 1017 612 cognoscebatur
1033 590 1043 610 ,
1064 570 1195 615 quam
1219 555 1264 598 111
1287 553 1361 598 1110
1379 556 1502 615 cujus
1519 556 1566 599 in
1582 557 1763 602 veritate

370 626 568 672 facienda
586 625 833 680 videbatur,
853 630 975 682 qu‘us
992 625 1252 685 cognitionis
1270 626 1394 686 quasi
1410 625 1586 671 decolor
1601 630 1763 687 species

367 713 591 759 vesperam
624 697 825 741 faciebat.
863 699 961 741 Non
996 697 1144 757 itaque
1166 697 1257 756 jam
1286 695 1426 741 forma
1460 698 1590 757 ipsius
1623 698 1764 758 operis

368 770 480 825 dies,
506 778 550 813 et
573 768 781 812 terminus
803 782 1002 827 vespera,
1019 776 1062 811 ct
1075 766 1250 811 alterius
1262 769 1403 828 operis
1425 768 1599 812 initium
1617 785 1760 825 mane,

368 841 411 885 in
443 842 522 885 hac
551 856 697 885 rerum
725 838 1001 885 conditarum
1029 839 1277 883 narratione
1304 839 1437 883 debet
1462 839 1673 899 intelligi,
1708 855 1763 885 ne

367 927 576 972 cogamur
598 920 749 956 contra
773 910 1041 970 Scripturam
1063 908 1231 965 dicere,
1260 919 1419 969 praeter
1440 925 1513 955 sex
1536 909 1626 955 dies
1654 927 1763 957 con-

369 983 505 1027 ditam
528 982 614 1027 diei
635 981 807 1042 septimi
828 989 1070 1025 creaturam
1088 1015 1099 1035 ,
1130 989 1206 1024 aut
1226 981 1369 1040 ipsum
1391 979 1507 1025 diem
1529 982 1764 1043 septimum

368 1053 535 1098 nullam
554 1069 644 1098 esse
660 1061 904 1097 creaturam
922 1071 931 1097 :
958 1050 1032 1096 sed
1051 1049 1142 1096 dies
1167 1050 1240 1095 ille
1257 1067 1390 1112 quem
1407 1050 1511 1097 fecit
1528 1056 1643 1098 Deus
1655 1089 1666 1109 ,
1686 1068 1764 1114 per

368 1141 499 1185 opera
522 1126 614 1185 ejus
635 1125 725 1185 ipse
744 1123 971 1184 repetitur,
991 1138 1082 1167 non
1103 1122 1291 1167 circuitu
1308 1123 1548 1183 corporali,
1575 1123 1652 1168 sed
1665 1139 1766 1184 cog-

368 1197 534 1241 nitione
566 1193 776 1255 spiritali,
813 1209 915 1239 cum
948 1193 1077 1237 beata
1103 1192 1177 1237 illa
1204 1194 1385 1238 societas
1418 1194 1689 1254 Angelorum
1722 1204 1766 1240 et

367 1267 569 1326 primitus
601 1264 926 1325 contemplatur
957 1263 1004 1307 in
1032 1263 1178 1308 Verbo
1208 1264 1315 1320 Dei,
1351 1280 1441 1326 quo
1478 1265 1585 1310 dicit
1614 1269 1728 1311 Deus
1753 1285 1762 1310 ε

371 1358 392 1381 ((
428 1342 460 1383 F
466 1339 548 1397 iat,
577 1357 596 1379 η
623 1347 754 1398 atque
775 1335 875 1380 ideo
892 1335 1012 1395 prius
1035 1334 1080 1379 in
1100 1336 1191 1396 ejus
1207 1335 1458 1395 cognitione
1475 1336 1546 1392 fit,
1571 1352 1673 1382 cum
1695 1336 1765 1381 di-

369 1411 481 1455 eitur
500 1431 509 1456 2
539 1430 559 1453 «
579 1413 637 1455 Et
660 1410 719 1454 sic
742 1418 806 1453 est
828 1407 993 1453 sactum
1010 1428 1020 1464 3
1040 1425 1060 1448 »
1087 1416 1130 1451 et
1144 1417 1294 1467 postea
1316 1424 1407 1453 rem
1424 1409 1563 1467 ipsam
1577 1407 1762 1464 factam,

368 1481 413 1524 in
434 1497 483 1525 ea
504 1483 593 1542 ipsa
619 1482 868 1541 cognoscit,
900 1479 1022 1541 quod
1043 1479 1313 1538 significatur
1336 1478 1449 1524 facta
1484 1496 1690 1540 vespera3
1722 1490 1766 1526 et

368 1568 462 1596 eam
484 1553 643 1597 deinde
665 1554 962 1613 cognitionem
986 1551 1046 1595 rei
1069 1551 1195 1595 factae
1217 1551 1273 1595 ad
1294 1550 1410 1596 illius
1438 1552 1632 1597 veritatis
1666 1552 1765 1597 lau-

369 1623 470 1667 dem
495 1624 653 1679 refert,
678 1624 755 1666 ubi
778 1623 990 1667 rationem
1015 1620 1182 1666 viderat
1202 1620 1433 1679 faciendae,
1456 1622 1577 1683 quod
1598 1623 1765 1682 signifi-

369 1703 493 1738 catur
517 1692 633 1737 sacto
666 1708 808 1736 mane.
848 1697 911 1737 Ac
933 1693 991 1737 sic
1014 1708 1090 1752 per
1125 1707 1274 1737 omnes
1306 1692 1402 1738 illos
1436 1693 1526 1738 dies
1560 1710 1674 1738 unus
1703 1704 1768 1739 est

371 1765 487 1821 dies,
525 1780 615 1809 non
643 1765 825 1808 istorum
860 1763 1030 1808 dierum
1063 1763 1382 1808 consuetudine
1420 1764 1731 1824 intelligendus
1751 1801 1763 1822 ,

369 1854 478 1899 quos
506 1837 705 1881 videmus
728 1835 827 1881 solis
850 1836 1037 1881 circuitu
1061 1836 1343 1880 determinari
1366 1846 1497 1897 atque
1520 1838 1764 1895 numerari,

369 1908 446 1952 sed
469 1907 553 1952 alio
589 1906 783 1968 quodam
804 1906 936 1950 modo
952 1942 963 1961 ,
988 1923 1010 1950 a
1033 1922 1122 1966 quo
1145 1916 1189 1950 et
1208 1906 1271 1950 1111
1300 1916 1386 1952 tres
1418 1907 1530 1963 dies,
1556 1908 1633 1969 qui
1666 1917 1767 1953 ante

369 1979 671 2024 conditionem
714 1978 897 2022 istorum
932 1976 1216 2021 luminarium
1257 1978 1587 2023 commemorati
1629 1988 1732 2023 sunt
1752 2015 1763 2035 ,

370 2050 498 2094 alieni
517 2066 606 2094 esse
624 2065 713 2094 non
731 2057 927 2108 possunt.
950 2051 989 2092 Is
1003 2048 1118 2091 enim
1137 2046 1293 2092 modus
1311 2064 1401 2093 non
1418 2064 1556 2110 usque
1574 2049 1629 2094 ad
1651 2049 1767 2094 diem

323 2146 327 2149 ⁴
369 2131 605 2182 quartum,
647 2130 697 2165 ut
732 2120 836 2163 inde
867 2120 958 2179 jam
990 2118 1092 2162 istos
1129 2119 1311 2164 usitatos
1342 2121 1654 2179 cogitaremus,
1691 2119 1767 2163 sed

368 2208 507 2252 usque
530 2192 585 2236 ad
618 2200 790 2235 sextum
821 2190 1144 2250 septimumque
1174 2189 1410 2250 perductus
1434 2199 1526 2247 est,
1556 2199 1606 2233 ut
1636 2189 1767 2249 longe

369 2262 493 2306 aliter
514 2261 792 2322 accipiendus
821 2260 876 2304 sit
903 2260 993 2304 dies
1017 2269 1060 2303 et
1094 2276 1205 2315 nox,
1237 2260 1350 2304 inter
1381 2274 1480 2318 quae
1510 2257 1601 2303 duo
1623 2258 1768 2304 divisit

370 2337 483 2378 Deus
502 2368 511 2386 ,
549 2342 594 2375 et
616 2331 740 2374 aliter
769 2331 844 2373 iste
872 2330 962 2371 dies
986 2340 1029 2371 ct
1054 2343 1161 2382 nOX,
1189 2327 1301 2372 inter
1324 2344 1423 2389 quac
1455 2328 1563 2374 dixit·
1584 2338 1634 2374 ut
1655 2329 1767 2375 divi-

371 2404 478 2448 dant
500 2400 732 2446 luminaria
749 2416 849 2460 quac
865 2398 1049 2453 creavit,
1071 2413 1172 2442 cum
1195 2398 1255 2442 ait
1273 2417 1282 2443 :
1307 2418 1327 2440 «
1353 2402 1409 2443 Et
1431 2399 1632 2445 dividant
1653 2403 1767 2445 inter

373 2495 392 2518 η
429 2475 545 2519 diem
574 2481 618 2517 et
649 2472 866 2516 nocten11.
899 2487 918 2511 n
948 2472 1069 2514 Tunc
1101 2469 1216 2514 enim
1243 2469 1362 2514 hunc
1389 2468 1507 2515 diem
1536 2469 1762 2528 condidit,

422 2568 429 2583 ¹
449 2563 528 2593 Gen.
550 2571 574 2601 1,
600 2557 648 2600 14.
