<?xml version="1.0" encoding="UTF-8"?>
<!DOCTYPE html PUBLIC "-//W3C//DTD XHTML 1.0 Transitional//EN"
    "http://www.w3.org/TR/xhtml1/DTD/xhtml1-transitional.dtd">
<html xmlns="http://www.w3.org/1999/xhtml" xml:lang="en" lang="en">
 <head>
  <title>
</title>
<meta http-equiv="Content-Type" content="text/html;charset=utf-8" />
  <meta name='ocr-system' content='tesseract 3.04.00' />
  <meta name='ocr-capabilities' content='ocr_page ocr_carea ocr_par ocr_line ocrx_word'/>
</head>
<body>
  <div class='ocr_page' id='page_1' title='image "./operaomniaaccura05auguuoft_0368.png"; bbox 0 0 1854 3219; ppageno 0'>
   <div class='ocr_carea' id='block_1_1' title="bbox 340 160 1282 204">
    <p class='ocr_par' dir='ltr' id='par_1_1' title="bbox 340 160 1282 204">
     <span class='ocr_line' id='line_1_1' title="bbox 340 160 1282 204; baseline 0.003 -3"><span class='ocrx_word' id='word_1_1' title='bbox 340 160 425 201; x_wconf 71' lang='lat'>342</span> <span class='ocrx_word' id='word_1_2' title='bbox 766 171 799 200; x_wconf 79' lang='lat' dir='ltr'>S·</span> <span class='ocrx_word' id='word_1_3' title='bbox 837 172 1068 204; x_wconf 68' lang='lat' dir='ltr'>Accus&#39;nm</span> <span class='ocrx_word' id='word_1_4' title='bbox 1100 178 1282 204; x_wconf 68' lang='lat' dir='ltr'>131&gt;1sco1³1</span> 
     </span>
    </p>
   </div>
   <div class='ocr_carea' id='block_1_2' title="bbox 331 238 1732 2510">
    <p class='ocr_par' dir='ltr' id='par_1_2' title="bbox 331 238 1732 2069">
     <span class='ocr_line' id='line_1_2' title="bbox 343 238 1726 303; baseline 0.006 -21"><span class='ocrx_word' id='word_1_5' title='bbox 343 259 364 282; x_wconf 89' lang='lat'>»</span> <span class='ocrx_word' id='word_1_6' title='bbox 400 250 442 285; x_wconf 81' lang='lat' dir='ltr'>et</span> <span class='ocrx_word' id='word_1_7' title='bbox 460 238 742 294; x_wconf 74' lang='lat' dir='ltr'>obdormivit,</span> <span class='ocrx_word' id='word_1_8' title='bbox 765 249 808 284; x_wconf 88' lang='lat' dir='ltr'>et</span> <span class='ocrx_word' id='word_1_9' title='bbox 823 243 1007 301; x_wconf 82' lang='lat' dir='ltr'>sumpsit</span> <span class='ocrx_word' id='word_1_10' title='bbox 1029 259 1162 288; x_wconf 85' lang='lat' dir='ltr'>unam</span> <span class='ocrx_word' id='word_1_11' title='bbox 1180 244 1235 288; x_wconf 86' lang='lat' dir='ltr'>de</span> <span class='ocrx_word' id='word_1_12' title='bbox 1252 244 1380 288; x_wconf 87' lang='lat' dir='ltr'>costis</span> <span class='ocrx_word' id='word_1_13' title='bbox 1401 245 1510 303; x_wconf 79' lang='lat' dir='ltr'>ejus,</span> <span class='ocrx_word' id='word_1_14' title='bbox 1527 252 1570 289; x_wconf 85' lang='lat' dir='ltr'>et</span> <span class='ocrx_word' id='word_1_15' title='bbox 1585 245 1726 290; x_wconf 85' lang='lat' dir='ltr'>adim-</span> 
     </span>
     <span class='ocr_line' id='line_1_3' title="bbox 343 311 1726 374; baseline 0.007 -21"><span class='ocrx_word' id='word_1_16' title='bbox 343 330 363 353; x_wconf 83' lang='lat'>»</span> <span class='ocrx_word' id='word_1_17' title='bbox 400 311 535 370; x_wconf 65' lang='lat' dir='ltr'>pluvit</span> <span class='ocrx_word' id='word_1_18' title='bbox 572 326 746 354; x_wconf 84' lang='lat' dir='ltr'>carnem</span> <span class='ocrx_word' id='word_1_19' title='bbox 773 311 819 355; x_wconf 88' lang='lat' dir='ltr'>in</span> <span class='ocrx_word' id='word_1_20' title='bbox 848 311 995 357; x_wconf 89' lang='lat' dir='ltr'>locum</span> <span class='ocrx_word' id='word_1_21' title='bbox 1028 316 1143 374; x_wconf 77' lang='lat' dir='ltr'>ejus,</span> <span class='ocrx_word' id='word_1_22' title='bbox 1177 323 1221 359; x_wconf 73' lang='lat' dir='ltr'>ct</span> <span class='ocrx_word' id='word_1_23' title='bbox 1252 315 1483 360; x_wconf 76' lang='lat' dir='ltr'>aedificavit</span> <span class='ocrx_word' id='word_1_24' title='bbox 1517 317 1726 363; x_wconf 86' lang='lat' dir='ltr'>Dominus</span> 
     </span>
     <span class='ocr_line' id='line_1_4' title="bbox 341 384 1723 444; baseline 0.007 -20"><span class='ocrx_word' id='word_1_25' title='bbox 341 400 362 424; x_wconf 85' lang='lat'>»</span> <span class='ocrx_word' id='word_1_26' title='bbox 399 384 513 425; x_wconf 83' lang='lat' dir='ltr'>Deus</span> <span class='ocrx_word' id='word_1_27' title='bbox 531 390 718 437; x_wconf 76' lang='lat' dir='ltr'>costam,</span> <span class='ocrx_word' id='word_1_28' title='bbox 738 397 869 442; x_wconf 86' lang='lat' dir='ltr'>quam</span> <span class='ocrx_word' id='word_1_29' title='bbox 886 385 1069 444; x_wconf 86' lang='lat' dir='ltr'>sumpsit</span> <span class='ocrx_word' id='word_1_30' title='bbox 1086 385 1141 429; x_wconf 84' lang='lat' dir='ltr'>de</span> <span class='ocrx_word' id='word_1_31' title='bbox 1158 385 1298 430; x_wconf 83' lang='lat' dir='ltr'>Adam</span> <span class='ocrx_word' id='word_1_32' title='bbox 1312 421 1323 441; x_wconf 82' lang='grc'>,</span> <span class='ocrx_word' id='word_1_33' title='bbox 1342 386 1389 430; x_wconf 87' lang='lat' dir='ltr'>in</span> <span class='ocrx_word' id='word_1_34' title='bbox 1408 385 1679 433; x_wconf 78' lang='lat' dir='ltr'>mulierem1.</span> <span class='ocrx_word' id='word_1_35' title='bbox 1702 405 1723 433; x_wconf 65' lang='grc' dir='ltr'><strong>η</strong></span> 
     </span>
     <span class='ocr_line' id='line_1_5' title="bbox 339 453 1728 516; baseline 0.005 -19"><span class='ocrx_word' id='word_1_36' title='bbox 339 453 384 498; x_wconf 92' lang='lat' dir='ltr'>Si</span> <span class='ocrx_word' id='word_1_37' title='bbox 405 468 509 511; x_wconf 82' lang='lat' dir='ltr'>ergo</span> <span class='ocrx_word' id='word_1_38' title='bbox 536 463 871 513; x_wconf 81' lang='lat' dir='ltr'>consequenter,</span> <span class='ocrx_word' id='word_1_39' title='bbox 896 471 998 499; x_wconf 89' lang='lat' dir='ltr'>cum</span> <span class='ocrx_word' id='word_1_40' title='bbox 1020 457 1066 500; x_wconf 87' lang='lat' dir='ltr'>in</span> <span class='ocrx_word' id='word_1_41' title='bbox 1084 456 1315 516; x_wconf 84' lang='lat' dir='ltr'>pecoribus</span> <span class='ocrx_word' id='word_1_42' title='bbox 1336 466 1380 501; x_wconf 89' lang='lat' dir='ltr'>et</span> <span class='ocrx_word' id='word_1_43' title='bbox 1401 457 1548 502; x_wconf 83' lang='lat' dir='ltr'>bestiis</span> <span class='ocrx_word' id='word_1_44' title='bbox 1572 458 1661 516; x_wconf 79' lang='lat' dir='ltr'>agri</span> <span class='ocrx_word' id='word_1_45' title='bbox 1684 467 1728 504; x_wconf 85' lang='lat' dir='ltr'>et</span> 
     </span>
     <span class='ocr_line' id='line_1_6' title="bbox 334 523 1727 588; baseline 0.005 -20"><span class='ocrx_word' id='word_1_46' title='bbox 334 523 587 568; x_wconf 83' lang='lat' dir='ltr'>volatilibus</span> <span class='ocrx_word' id='word_1_47' title='bbox 618 523 720 568; x_wconf 89' lang='lat' dir='ltr'>coeli</span> <span class='ocrx_word' id='word_1_48' title='bbox 758 540 847 569; x_wconf 90' lang='lat' dir='ltr'>non</span> <span class='ocrx_word' id='word_1_49' title='bbox 883 536 993 571; x_wconf 86' lang='lat' dir='ltr'>esset</span> <span class='ocrx_word' id='word_1_50' title='bbox 1028 527 1256 571; x_wconf 85' lang='lat' dir='ltr'>inventum</span> <span class='ocrx_word' id='word_1_51' title='bbox 1289 528 1555 588; x_wconf 84' lang='lat' dir='ltr'>adjutorium</span> <span class='ocrx_word' id='word_1_52' title='bbox 1587 528 1727 576; x_wconf 84' lang='lat' dir='ltr'>simile</span> 
     </span>
     <span class='ocr_line' id='line_1_7' title="bbox 334 593 1726 658; baseline 0.004 -20"><span class='ocrx_word' id='word_1_53' title='bbox 334 594 529 650; x_wconf 87' lang='lat' dir='ltr'>homini,</span> <span class='ocrx_word' id='word_1_54' title='bbox 554 593 656 639; x_wconf 79' lang='lat' dir='ltr'>fecit</span> <span class='ocrx_word' id='word_1_55' title='bbox 688 595 727 639; x_wconf 85' lang='lat' dir='ltr'>ei</span> <span class='ocrx_word' id='word_1_56' title='bbox 757 598 871 641; x_wconf 87' lang='lat' dir='ltr'>Deus</span> <span class='ocrx_word' id='word_1_57' title='bbox 893 596 1158 658; x_wconf 80' lang='lat' dir='ltr'>adjutorium</span> <span class='ocrx_word' id='word_1_58' title='bbox 1186 597 1325 642; x_wconf 85' lang='lat' dir='ltr'>simile</span> <span class='ocrx_word' id='word_1_59' title='bbox 1354 597 1409 645; x_wconf 88' lang='lat' dir='ltr'>de</span> <span class='ocrx_word' id='word_1_60' title='bbox 1435 609 1553 644; x_wconf 85' lang='lat' dir='ltr'>costa</span> <span class='ocrx_word' id='word_1_61' title='bbox 1582 599 1726 644; x_wconf 85' lang='lat' dir='ltr'>lateris</span> 
     </span>
     <span class='ocr_line' id='line_1_8' title="bbox 336 666 1728 729; baseline 0.003 -18"><span class='ocrx_word' id='word_1_62' title='bbox 336 668 427 726; x_wconf 82' lang='lat' dir='ltr'>ejus</span> <span class='ocrx_word' id='word_1_63' title='bbox 448 686 459 723; x_wconf 67' lang='grc' dir='ltr'><strong>ς</strong></span> <span class='ocrx_word' id='word_1_64' title='bbox 481 666 565 711; x_wconf 85' lang='lat' dir='ltr'>hoc</span> <span class='ocrx_word' id='word_1_65' title='bbox 598 675 745 711; x_wconf 84' lang='lat' dir='ltr'>autem</span> <span class='ocrx_word' id='word_1_66' title='bbox 779 666 946 713; x_wconf 82' lang='lat' dir='ltr'>factum</span> <span class='ocrx_word' id='word_1_67' title='bbox 975 679 1038 713; x_wconf 89' lang='lat' dir='ltr'>est</span> <span class='ocrx_word' id='word_1_68' title='bbox 1065 685 1166 714; x_wconf 87' lang='lat' dir='ltr'>cum</span> <span class='ocrx_word' id='word_1_69' title='bbox 1188 668 1362 713; x_wconf 80' lang='lat' dir='ltr'>easdem</span> <span class='ocrx_word' id='word_1_70' title='bbox 1383 669 1540 715; x_wconf 81' lang='lat' dir='ltr'><strong>bestias</strong></span> <span class='ocrx_word' id='word_1_71' title='bbox 1571 671 1662 729; x_wconf 81' lang='lat' dir='ltr'>agri</span> <span class='ocrx_word' id='word_1_72' title='bbox 1683 679 1728 715; x_wconf 90' lang='lat' dir='ltr'>et</span> 
     </span>
     <span class='ocr_line' id='line_1_9' title="bbox 332 737 1727 796; baseline 0.002 -13"><span class='ocrx_word' id='word_1_73' title='bbox 332 737 526 783; x_wconf 81' lang='lat' dir='ltr'>volatilia</span> <span class='ocrx_word' id='word_1_74' title='bbox 561 737 660 782; x_wconf 89' lang='lat' dir='ltr'>coeli</span> <span class='ocrx_word' id='word_1_75' title='bbox 687 737 831 784; x_wconf 83' lang='lat' dir='ltr'>adhuc</span> <span class='ocrx_word' id='word_1_76' title='bbox 865 739 920 784; x_wconf 86' lang='lat' dir='ltr'>de</span> <span class='ocrx_word' id='word_1_77' title='bbox 950 750 1063 785; x_wconf 81' lang='lat' dir='ltr'>terra</span> <span class='ocrx_word' id='word_1_78' title='bbox 1100 740 1314 796; x_wconf 81' lang='lat' dir='ltr'>finxisset,</span> <span class='ocrx_word' id='word_1_79' title='bbox 1347 750 1391 785; x_wconf 88' lang='lat' dir='ltr'>et</span> <span class='ocrx_word' id='word_1_80' title='bbox 1421 741 1477 787; x_wconf 84' lang='lat' dir='ltr'>ad</span> <span class='ocrx_word' id='word_1_81' title='bbox 1499 740 1625 786; x_wconf 88' lang='lat' dir='ltr'>illum</span> <span class='ocrx_word' id='word_1_82' title='bbox 1646 741 1727 786; x_wconf 84' lang='lat' dir='ltr'>ad-</span> 
     </span>
     <span class='ocr_line' id='line_1_10' title="bbox 336 808 1724 872; baseline 0.002 -19"><span class='ocrx_word' id='word_1_83' title='bbox 336 808 554 867; x_wconf 78' lang='lat' dir='ltr'>duxisset3</span> <span class='ocrx_word' id='word_1_84' title='bbox 578 809 802 869; x_wconf 89' lang='lat' dir='ltr'>quomodo</span> <span class='ocrx_word' id='word_1_85' title='bbox 826 821 944 855; x_wconf 80' lang='lat' dir='ltr'>sexto</span> <span class='ocrx_word' id='word_1_86' title='bbox 963 811 1033 855; x_wconf 86' lang='lat' dir='ltr'>(lie</span> <span class='ocrx_word' id='word_1_87' title='bbox 1056 811 1223 856; x_wconf 83' lang='lat' dir='ltr'>factum</span> <span class='ocrx_word' id='word_1_88' title='bbox 1245 812 1330 857; x_wconf 86' lang='lat' dir='ltr'>hoc</span> <span class='ocrx_word' id='word_1_89' title='bbox 1352 821 1496 872; x_wconf 88' lang='lat' dir='ltr'>potest</span> <span class='ocrx_word' id='word_1_90' title='bbox 1516 812 1724 871; x_wconf 80' lang='lat' dir='ltr'>intelligi,</span> 
     </span>
     <span class='ocr_line' id='line_1_11' title="bbox 334 880 1728 943; baseline 0.004 -19"><span class='ocrx_word' id='word_1_91' title='bbox 334 880 697 942; x_wconf 82' lang='lat' dir='ltr'>quandoquidem</span> <span class='ocrx_word' id='word_1_92' title='bbox 718 882 794 927; x_wconf 89' lang='lat' dir='ltr'>illo</span> <span class='ocrx_word' id='word_1_93' title='bbox 823 882 894 928; x_wconf 86' lang='lat' dir='ltr'>die</span> <span class='ocrx_word' id='word_1_94' title='bbox 919 883 1125 943; x_wconf 81' lang='lat' dir='ltr'>produxit</span> <span class='ocrx_word' id='word_1_95' title='bbox 1145 892 1259 928; x_wconf 86' lang='lat' dir='ltr'>terra</span> <span class='ocrx_word' id='word_1_96' title='bbox 1281 885 1474 928; x_wconf 85' lang='lat' dir='ltr'>animam</span> <span class='ocrx_word' id='word_1_97' title='bbox 1495 885 1639 930; x_wconf 81' lang='lat' dir='ltr'>vivam</span> <span class='ocrx_word' id='word_1_98' title='bbox 1661 900 1728 930; x_wconf 88' lang='lat' dir='ltr'>se-</span> 
     </span>
     <span class='ocr_line' id='line_1_12' title="bbox 332 952 1728 1016; baseline 0.002 -20"><span class='ocrx_word' id='word_1_99' title='bbox 332 952 530 996; x_wconf 87' lang='lat' dir='ltr'>cundum</span> <span class='ocrx_word' id='word_1_100' title='bbox 558 953 744 997; x_wconf 84' lang='lat' dir='ltr'>verbum</span> <span class='ocrx_word' id='word_1_101' title='bbox 768 954 865 1010; x_wconf 80' lang='lat' dir='ltr'>Dei,</span> <span class='ocrx_word' id='word_1_102' title='bbox 886 954 1080 999; x_wconf 84' lang='lat' dir='ltr'>volatilia</span> <span class='ocrx_word' id='word_1_103' title='bbox 1108 970 1212 999; x_wconf 85' lang='lat' dir='ltr'>vero</span> <span class='ocrx_word' id='word_1_104' title='bbox 1235 956 1390 1016; x_wconf 87' lang='lat' dir='ltr'>quinto</span> <span class='ocrx_word' id='word_1_105' title='bbox 1413 956 1485 1000; x_wconf 87' lang='lat' dir='ltr'>die</span> <span class='ocrx_word' id='word_1_106' title='bbox 1507 955 1728 1015; x_wconf 84' lang='lat' dir='ltr'>produxe-</span> 
     </span>
     <span class='ocr_line' id='line_1_13' title="bbox 333 1025 1728 1087; baseline 0.003 -19"><span class='ocrx_word' id='word_1_107' title='bbox 333 1033 438 1068; x_wconf 85' lang='lat' dir='ltr'>runt</span> <span class='ocrx_word' id='word_1_108' title='bbox 460 1040 585 1085; x_wconf 80' lang='lat' dir='ltr'>aquae</span> <span class='ocrx_word' id='word_1_109' title='bbox 616 1025 812 1069; x_wconf 84' lang='lat' dir='ltr'>similiter</span> <span class='ocrx_word' id='word_1_110' title='bbox 843 1025 1085 1070; x_wconf 86' lang='lat' dir='ltr'>secundum</span> <span class='ocrx_word' id='word_1_111' title='bbox 1108 1026 1295 1071; x_wconf 84' lang='lat' dir='ltr'>verbum</span> <span class='ocrx_word' id='word_1_112' title='bbox 1330 1027 1437 1070; x_wconf 76' lang='lat' dir='ltr'>Dei?</span> <span class='ocrx_word' id='word_1_113' title='bbox 1458 1029 1558 1072; x_wconf 88' lang='lat' dir='ltr'>Non</span> <span class='ocrx_word' id='word_1_114' title='bbox 1580 1027 1728 1087; x_wconf 81' lang='lat' dir='ltr'>itaque</span> 
     </span>
     <span class='ocr_line' id='line_1_14' title="bbox 332 1094 1728 1142; baseline 0.001 -2"><span class='ocrx_word' id='word_1_115' title='bbox 332 1095 403 1140; x_wconf 85' lang='lat' dir='ltr'>hic</span> <span class='ocrx_word' id='word_1_116' title='bbox 425 1094 644 1140; x_wconf 83' lang='lat' dir='ltr'>diceretur</span> <span class='ocrx_word' id='word_1_117' title='bbox 662 1116 670 1141; x_wconf 78' lang='lat' dir='ltr'>z</span> <span class='ocrx_word' id='word_1_118' title='bbox 693 1116 713 1138; x_wconf 87' lang='lat'>«</span> <span class='ocrx_word' id='word_1_119' title='bbox 731 1100 787 1140; x_wconf 84' lang='lat' dir='ltr'>Et</span> <span class='ocrx_word' id='word_1_120' title='bbox 808 1097 931 1141; x_wconf 75' lang='lat' dir='ltr'>fiuxit</span> <span class='ocrx_word' id='word_1_121' title='bbox 948 1100 1060 1141; x_wconf 87' lang='lat' dir='ltr'>Deus</span> <span class='ocrx_word' id='word_1_122' title='bbox 1078 1097 1222 1141; x_wconf 85' lang='lat' dir='ltr'>adhuc</span> <span class='ocrx_word' id='word_1_123' title='bbox 1245 1096 1299 1140; x_wconf 86' lang='lat' dir='ltr'>de</span> <span class='ocrx_word' id='word_1_124' title='bbox 1317 1106 1430 1141; x_wconf 82' lang='lat' dir='ltr'>terra</span> <span class='ocrx_word' id='word_1_125' title='bbox 1453 1113 1603 1141; x_wconf 85' lang='lat' dir='ltr'>omnes</span> <span class='ocrx_word' id='word_1_126' title='bbox 1627 1098 1728 1142; x_wconf 90' lang='lat' dir='ltr'>bes-</span> 
     </span>
     <span class='ocr_line' id='line_1_15' title="bbox 337 1168 1730 1229; baseline 0.005 -22"><span class='ocrx_word' id='word_1_127' title='bbox 337 1186 357 1208; x_wconf 81' lang='lat'>»</span> <span class='ocrx_word' id='word_1_128' title='bbox 394 1168 472 1211; x_wconf 81' lang='lat' dir='ltr'>tias</span> <span class='ocrx_word' id='word_1_129' title='bbox 494 1168 612 1226; x_wconf 78' lang='lat' dir='ltr'>agri,</span> <span class='ocrx_word' id='word_1_130' title='bbox 640 1178 683 1211; x_wconf 89' lang='lat' dir='ltr'>et</span> <span class='ocrx_word' id='word_1_131' title='bbox 706 1169 849 1212; x_wconf 83' lang='lat' dir='ltr'>onmia</span> <span class='ocrx_word' id='word_1_132' title='bbox 871 1169 1063 1212; x_wconf 77' lang='lat' dir='ltr'>volatilia</span> <span class='ocrx_word' id='word_1_133' title='bbox 1091 1168 1214 1223; x_wconf 79' lang='lat' dir='ltr'>coeli,</span> <span class='ocrx_word' id='word_1_134' title='bbox 1244 1187 1263 1209; x_wconf 83' lang='lat'>&gt;›</span> <span class='ocrx_word' id='word_1_135' title='bbox 1286 1168 1366 1212; x_wconf 88' lang='lat' dir='ltr'>nisi</span> <span class='ocrx_word' id='word_1_136' title='bbox 1388 1169 1491 1229; x_wconf 82' lang='lat' dir='ltr'>quia</span> <span class='ocrx_word' id='word_1_137' title='bbox 1507 1170 1598 1229; x_wconf 76' lang='lat' dir='ltr'>jam</span> <span class='ocrx_word' id='word_1_138' title='bbox 1616 1178 1730 1214; x_wconf 84' lang='lat' dir='ltr'>terra</span> 
     </span>
     <span class='ocr_line' id='line_1_16' title="bbox 331 1238 1729 1301; baseline 0.004 -20"><span class='ocrx_word' id='word_1_139' title='bbox 331 1238 600 1300; x_wconf 77' lang='lat' dir='ltr'>produxerat</span> <span class='ocrx_word' id='word_1_140' title='bbox 623 1255 774 1283; x_wconf 87' lang='lat' dir='ltr'>omncs</span> <span class='ocrx_word' id='word_1_141' title='bbox 805 1240 962 1284; x_wconf 77' lang='lat' dir='ltr'>bestias</span> <span class='ocrx_word' id='word_1_142' title='bbox 987 1240 1077 1299; x_wconf 78' lang='lat' dir='ltr'>agri</span> <span class='ocrx_word' id='word_1_143' title='bbox 1107 1250 1225 1285; x_wconf 80' lang='lat' dir='ltr'>sexto</span> <span class='ocrx_word' id='word_1_144' title='bbox 1259 1240 1329 1284; x_wconf 87' lang='lat' dir='ltr'>die</span> <span class='ocrx_word' id='word_1_145' title='bbox 1345 1276 1355 1296; x_wconf 81' lang='lat'>‚</span> <span class='ocrx_word' id='word_1_146' title='bbox 1382 1250 1426 1285; x_wconf 91' lang='lat' dir='ltr'>et</span> <span class='ocrx_word' id='word_1_147' title='bbox 1448 1257 1561 1301; x_wconf 78' lang='lat' dir='ltr'>aqua</span> <span class='ocrx_word' id='word_1_148' title='bbox 1583 1242 1729 1286; x_wconf 85' lang='lat' dir='ltr'>omnia</span> 
     </span>
     <span class='ocr_line' id='line_1_17' title="bbox 331 1308 1728 1372; baseline 0.002 -18"><span class='ocrx_word' id='word_1_149' title='bbox 331 1308 523 1354; x_wconf 80' lang='lat' dir='ltr'>volatilia</span> <span class='ocrx_word' id='word_1_150' title='bbox 546 1309 646 1354; x_wconf 91' lang='lat' dir='ltr'>coeli</span> <span class='ocrx_word' id='word_1_151' title='bbox 669 1310 824 1371; x_wconf 83' lang='lat' dir='ltr'>quinto</span> <span class='ocrx_word' id='word_1_152' title='bbox 848 1309 933 1354; x_wconf 88' lang='lat' dir='ltr'>die.</span> <span class='ocrx_word' id='word_1_153' title='bbox 960 1310 1098 1355; x_wconf 79' lang='lat' dir='ltr'>Aliter</span> <span class='ocrx_word' id='word_1_154' title='bbox 1116 1327 1219 1370; x_wconf 81' lang='lat' dir='ltr'>ergo</span> <span class='ocrx_word' id='word_1_155' title='bbox 1239 1320 1367 1367; x_wconf 79' lang='lat' dir='ltr'>tunc,</span> <span class='ocrx_word' id='word_1_156' title='bbox 1393 1310 1439 1355; x_wconf 84' lang='lat' dir='ltr'>id</span> <span class='ocrx_word' id='word_1_157' title='bbox 1457 1321 1543 1366; x_wconf 84' lang='lat' dir='ltr'>est,</span> <span class='ocrx_word' id='word_1_158' title='bbox 1570 1322 1728 1372; x_wconf 88' lang='lat' dir='ltr'>poten-</span> 
     </span>
     <span class='ocr_line' id='line_1_18' title="bbox 333 1380 1731 1444; baseline 0.003 -20"><span class='ocrx_word' id='word_1_159' title='bbox 333 1380 492 1425; x_wconf 79' lang='lat' dir='ltr'>tialiter</span> <span class='ocrx_word' id='word_1_160' title='bbox 520 1390 651 1441; x_wconf 83' lang='lat' dir='ltr'>atque</span> <span class='ocrx_word' id='word_1_161' title='bbox 674 1381 917 1437; x_wconf 78' lang='lat' dir='ltr'>causaliter,</span> <span class='ocrx_word' id='word_1_162' title='bbox 944 1382 1055 1426; x_wconf 88' lang='lat' dir='ltr'>sicut</span> <span class='ocrx_word' id='word_1_163' title='bbox 1076 1381 1139 1426; x_wconf 91' lang='lat' dir='ltr'>illi</span> <span class='ocrx_word' id='word_1_164' title='bbox 1169 1383 1289 1442; x_wconf 86' lang='lat' dir='ltr'>operi</span> <span class='ocrx_word' id='word_1_165' title='bbox 1312 1383 1588 1442; x_wconf 83' lang='lat' dir='ltr'>competebat</span> <span class='ocrx_word' id='word_1_166' title='bbox 1605 1419 1615 1438; x_wconf 83' lang='lat'><strong>‚</strong></span> <span class='ocrx_word' id='word_1_167' title='bbox 1641 1399 1731 1444; x_wconf 87' lang='lat' dir='ltr'>quo</span> 
     </span>
     <span class='ocr_line' id='line_1_19' title="bbox 333 1452 1727 1514; baseline 0.003 -18"><span class='ocrx_word' id='word_1_168' title='bbox 333 1453 494 1497; x_wconf 84' lang='lat' dir='ltr'>creavit</span> <span class='ocrx_word' id='word_1_169' title='bbox 517 1452 663 1497; x_wconf 79' lang='lat' dir='ltr'>omnia</span> <span class='ocrx_word' id='word_1_170' title='bbox 693 1453 848 1508; x_wconf 72' lang='lat' dir='ltr'>simul,</span> <span class='ocrx_word' id='word_1_171' title='bbox 876 1469 899 1497; x_wconf 83' lang='lat' dir='ltr'>a</span> <span class='ocrx_word' id='word_1_172' title='bbox 924 1453 1087 1513; x_wconf 84' lang='lat' dir='ltr'>quibus</span> <span class='ocrx_word' id='word_1_173' title='bbox 1115 1454 1162 1498; x_wconf 91' lang='lat' dir='ltr'>in</span> <span class='ocrx_word' id='word_1_174' title='bbox 1183 1453 1254 1497; x_wconf 90' lang='lat' dir='ltr'>die</span> <span class='ocrx_word' id='word_1_175' title='bbox 1277 1454 1459 1514; x_wconf 90' lang='lat' dir='ltr'>septimo</span> <span class='ocrx_word' id='word_1_176' title='bbox 1484 1454 1727 1514; x_wconf 84' lang='lat' dir='ltr'>requievit:</span> 
     </span>
     <span class='ocr_line' id='line_1_20' title="bbox 333 1524 1732 1590; baseline 0.001 -21"><span class='ocrx_word' id='word_1_177' title='bbox 333 1524 459 1569; x_wconf 78' lang='lat' dir='ltr'>aliter</span> <span class='ocrx_word' id='word_1_178' title='bbox 476 1534 622 1568; x_wconf 84' lang='lat' dir='ltr'>autem</span> <span class='ocrx_word' id='word_1_179' title='bbox 642 1541 761 1590; x_wconf 70' lang='lat' dir='ltr'>punc</span> <span class='ocrx_word' id='word_1_180' title='bbox 777 1560 788 1580; x_wconf 81' lang='grc'>,</span> <span class='ocrx_word' id='word_1_181' title='bbox 812 1525 924 1569; x_wconf 89' lang='lat' dir='ltr'>sieut</span> <span class='ocrx_word' id='word_1_182' title='bbox 946 1541 995 1568; x_wconf 84' lang='lat' dir='ltr'>ca</span> <span class='ocrx_word' id='word_1_183' title='bbox 1010 1524 1208 1569; x_wconf 86' lang='lat' dir='ltr'>videmus</span> <span class='ocrx_word' id='word_1_184' title='bbox 1226 1560 1236 1580; x_wconf 80' lang='lat'><strong>‚</strong></span> <span class='ocrx_word' id='word_1_185' title='bbox 1257 1541 1356 1586; x_wconf 83' lang='lat' dir='ltr'>quae</span> <span class='ocrx_word' id='word_1_186' title='bbox 1378 1540 1456 1585; x_wconf 86' lang='lat' dir='ltr'>per</span> <span class='ocrx_word' id='word_1_187' title='bbox 1474 1525 1732 1585; x_wconf 80' lang='lat' dir='ltr'>temporalia</span> 
     </span>
     <span class='ocr_line' id='line_1_21' title="bbox 333 1596 1732 1656; baseline 0.001 -16"><span class='ocrx_word' id='word_1_188' title='bbox 333 1596 469 1656; x_wconf 83' lang='lat' dir='ltr'>spatia</span> <span class='ocrx_word' id='word_1_189' title='bbox 493 1604 632 1651; x_wconf 79' lang='lat' dir='ltr'>creat,</span> <span class='ocrx_word' id='word_1_190' title='bbox 656 1596 768 1640; x_wconf 83' lang='lat' dir='ltr'>sicut</span> <span class='ocrx_word' id='word_1_191' title='bbox 789 1611 928 1656; x_wconf 85' lang='lat' dir='ltr'>usque</span> <span class='ocrx_word' id='word_1_192' title='bbox 951 1611 1070 1640; x_wconf 87' lang='lat' dir='ltr'>nunc</span> <span class='ocrx_word' id='word_1_193' title='bbox 1097 1605 1317 1655; x_wconf 84' lang='lat' dir='ltr'>operatur.</span> <span class='ocrx_word' id='word_1_194' title='bbox 1343 1598 1407 1640; x_wconf 87' lang='lat' dir='ltr'>Ac</span> <span class='ocrx_word' id='word_1_195' title='bbox 1428 1611 1505 1656; x_wconf 92' lang='lat' dir='ltr'>per</span> <span class='ocrx_word' id='word_1_196' title='bbox 1534 1596 1618 1641; x_wconf 90' lang='lat' dir='ltr'>hoc</span> <span class='ocrx_word' id='word_1_197' title='bbox 1639 1598 1732 1656; x_wconf 84' lang='lat' dir='ltr'>jam</span> 
     </span>
     <span class='ocr_line' id='line_1_22' title="bbox 333 1665 1731 1728; baseline 0 -17"><span class='ocrx_word' id='word_1_198' title='bbox 333 1683 412 1728; x_wconf 88' lang='lat' dir='ltr'>per</span> <span class='ocrx_word' id='word_1_199' title='bbox 429 1668 531 1712; x_wconf 83' lang='lat' dir='ltr'>istos</span> <span class='ocrx_word' id='word_1_200' title='bbox 550 1667 797 1711; x_wconf 87' lang='lat' dir='ltr'>notissimos</span> <span class='ocrx_word' id='word_1_201' title='bbox 814 1666 923 1710; x_wconf 90' lang='lat' dir='ltr'>lucis</span> <span class='ocrx_word' id='word_1_202' title='bbox 945 1665 1184 1726; x_wconf 83' lang='lat' dir='ltr'>corporalis</span> <span class='ocrx_word' id='word_1_203' title='bbox 1202 1665 1315 1722; x_wconf 81' lang='lat' dir='ltr'>dies,</span> <span class='ocrx_word' id='word_1_204' title='bbox 1337 1667 1414 1726; x_wconf 87' lang='lat' dir='ltr'>qui</span> <span class='ocrx_word' id='word_1_205' title='bbox 1434 1667 1618 1711; x_wconf 89' lang='lat' dir='ltr'>circuitu</span> <span class='ocrx_word' id='word_1_206' title='bbox 1632 1666 1731 1712; x_wconf 88' lang='lat' dir='ltr'>solis</span> 
     </span>
     <span class='ocr_line' id='line_1_23' title="bbox 333 1735 1731 1793; baseline 0 -11"><span class='ocrx_word' id='word_1_207' title='bbox 333 1741 469 1793; x_wconf 80' lang='lat' dir='ltr'>fiunt,</span> <span class='ocrx_word' id='word_1_208' title='bbox 506 1741 599 1782; x_wconf 84' lang='lat' dir='ltr'>Eva</span> <span class='ocrx_word' id='word_1_209' title='bbox 622 1736 734 1781; x_wconf 84' lang='lat' dir='ltr'>facta</span> <span class='ocrx_word' id='word_1_210' title='bbox 760 1747 824 1781; x_wconf 86' lang='lat' dir='ltr'>est</span> <span class='ocrx_word' id='word_1_211' title='bbox 847 1736 901 1781; x_wconf 88' lang='lat' dir='ltr'>de</span> <span class='ocrx_word' id='word_1_212' title='bbox 928 1735 1064 1781; x_wconf 80' lang='lat' dir='ltr'>latere</span> <span class='ocrx_word' id='word_1_213' title='bbox 1084 1737 1166 1781; x_wconf 87' lang='lat' dir='ltr'>viri</span> <span class='ocrx_word' id='word_1_214' title='bbox 1195 1736 1276 1781; x_wconf 88' lang='lat' dir='ltr'>sui.</span> <span class='ocrx_word' id='word_1_215' title='bbox 1320 1740 1444 1781; x_wconf 87' lang='lat' dir='ltr'>Tunc</span> <span class='ocrx_word' id='word_1_216' title='bbox 1474 1738 1593 1782; x_wconf 87' lang='lat' dir='ltr'>enim</span> <span class='ocrx_word' id='word_1_217' title='bbox 1617 1741 1731 1782; x_wconf 90' lang='lat' dir='ltr'>Deus</span> 
     </span>
     <span class='ocr_line' id='line_1_24' title="bbox 336 1807 1731 1870; baseline -0.001 -15"><span class='ocrx_word' id='word_1_218' title='bbox 336 1810 482 1855; x_wconf 84' lang='lat' dir='ltr'>adhuc</span> <span class='ocrx_word' id='word_1_219' title='bbox 505 1809 630 1852; x_wconf 73' lang='lat' dir='ltr'>finxit</span> <span class='ocrx_word' id='word_1_220' title='bbox 657 1808 711 1852; x_wconf 86' lang='lat' dir='ltr'>de</span> <span class='ocrx_word' id='word_1_221' title='bbox 740 1817 853 1852; x_wconf 84' lang='lat' dir='ltr'>terra</span> <span class='ocrx_word' id='word_1_222' title='bbox 878 1808 1034 1852; x_wconf 78' lang='lat' dir='ltr'>bestias</span> <span class='ocrx_word' id='word_1_223' title='bbox 1057 1817 1101 1852; x_wconf 92' lang='lat' dir='ltr'>et</span> <span class='ocrx_word' id='word_1_224' title='bbox 1123 1807 1315 1853; x_wconf 84' lang='lat' dir='ltr'>volatilia</span> <span class='ocrx_word' id='word_1_225' title='bbox 1333 1844 1344 1864; x_wconf 82' lang='lat'>,</span> <span class='ocrx_word' id='word_1_226' title='bbox 1379 1809 1426 1853; x_wconf 90' lang='lat' dir='ltr'>in</span> <span class='ocrx_word' id='word_1_227' title='bbox 1447 1809 1608 1870; x_wconf 87' lang='lat' dir='ltr'>quibus</span> <span class='ocrx_word' id='word_1_228' title='bbox 1630 1825 1731 1854; x_wconf 90' lang='lat' dir='ltr'>cum</span> 
     </span>
     <span class='ocr_line' id='line_1_25' title="bbox 335 1879 1731 1942; baseline -0.001 -16"><span class='ocrx_word' id='word_1_229' title='bbox 335 1881 603 1942; x_wconf 82' lang='lat' dir='ltr'>adjutorium</span> <span class='ocrx_word' id='word_1_230' title='bbox 628 1880 765 1924; x_wconf 88' lang='lat' dir='ltr'>simile</span> <span class='ocrx_word' id='word_1_231' title='bbox 787 1880 866 1939; x_wconf 88' lang='lat' dir='ltr'>ipsi</span> <span class='ocrx_word' id='word_1_232' title='bbox 881 1879 1022 1924; x_wconf 81' lang='lat' dir='ltr'>Adam</span> <span class='ocrx_word' id='word_1_233' title='bbox 1035 1895 1126 1924; x_wconf 87' lang='lat' dir='ltr'>non</span> <span class='ocrx_word' id='word_1_234' title='bbox 1148 1889 1258 1924; x_wconf 87' lang='lat' dir='ltr'>esset</span> <span class='ocrx_word' id='word_1_235' title='bbox 1274 1880 1526 1937; x_wconf 81' lang='lat' dir='ltr'>inventum,</span> <span class='ocrx_word' id='word_1_236' title='bbox 1549 1880 1623 1926; x_wconf 85' lang='lat' dir='ltr'>illa</span> <span class='ocrx_word' id='word_1_237' title='bbox 1642 1879 1731 1926; x_wconf 85' lang='lat' dir='ltr'>for·</span> 
     </span>
     <span class='ocr_line' id='line_1_26' title="bbox 335 1951 1731 2012; baseline 0 -15"><span class='ocrx_word' id='word_1_238' title='bbox 335 1963 453 1997; x_wconf 81' lang='lat' dir='ltr'>mata</span> <span class='ocrx_word' id='word_1_239' title='bbox 489 1962 567 1996; x_wconf 87' lang='lat' dir='ltr'>est.</span> <span class='ocrx_word' id='word_1_240' title='bbox 607 1955 659 1996; x_wconf 91' lang='lat' dir='ltr'>In</span> <span class='ocrx_word' id='word_1_241' title='bbox 686 1951 846 1996; x_wconf 82' lang='lat' dir='ltr'>talibus</span> <span class='ocrx_word' id='word_1_242' title='bbox 878 1966 980 2010; x_wconf 87' lang='lat' dir='ltr'>ergo</span> <span class='ocrx_word' id='word_1_243' title='bbox 1012 1951 1167 1997; x_wconf 87' lang='lat' dir='ltr'>diebus</span> <span class='ocrx_word' id='word_1_244' title='bbox 1200 1951 1331 1996; x_wconf 83' lang='lat' dir='ltr'>etiam</span> <span class='ocrx_word' id='word_1_245' title='bbox 1363 1952 1506 2012; x_wconf 86' lang='lat' dir='ltr'>ipsum</span> <span class='ocrx_word' id='word_1_246' title='bbox 1538 1953 1593 1997; x_wconf 90' lang='lat' dir='ltr'>de</span> <span class='ocrx_word' id='word_1_247' title='bbox 1624 1951 1731 1998; x_wconf 85' lang='lat' dir='ltr'>limo</span> 
     </span>
     <span class='ocr_line' id='line_1_27' title="bbox 336 2025 613 2069; baseline -0.004 0"><span class='ocrx_word' id='word_1_248' title='bbox 336 2025 463 2069; x_wconf 84' lang='lat' dir='ltr'>finxit</span> <span class='ocrx_word' id='word_1_249' title='bbox 485 2028 613 2069; x_wconf 80' lang='lat' dir='ltr'>Deus.</span> 
     </span>
    </p>

    <p class='ocr_par' dir='ltr' id='par_1_3' title="bbox 337 2092 1732 2510">
     <span class='ocr_line' id='line_1_28' title="bbox 397 2092 1732 2155; baseline 0 -15"><span class='ocrx_word' id='word_1_250' title='bbox 397 2099 521 2140; x_wconf 90' lang='lat' dir='ltr'><strong>VIII.</strong></span> <span class='ocrx_word' id='word_1_251' title='bbox 568 2098 720 2155; x_wconf 84' lang='lat' dir='ltr'>Neque</span> <span class='ocrx_word' id='word_1_252' title='bbox 757 2095 873 2138; x_wconf 88' lang='lat' dir='ltr'>enim</span> <span class='ocrx_word' id='word_1_253' title='bbox 909 2092 1145 2138; x_wconf 86' lang='lat' dir='ltr'>dicendum</span> <span class='ocrx_word' id='word_1_254' title='bbox 1177 2103 1241 2139; x_wconf 81' lang='lat' dir='ltr'>est</span> <span class='ocrx_word' id='word_1_255' title='bbox 1273 2095 1516 2139; x_wconf 83' lang='lat' dir='ltr'>masculum</span> <span class='ocrx_word' id='word_1_256' title='bbox 1551 2092 1732 2155; x_wconf 88' lang='lat' dir='ltr'>quidem</span> 
     </span>
     <span class='ocr_line' id='line_1_29' title="bbox 337 2165 1729 2226; baseline -0.001 -15"><span class='ocrx_word' id='word_1_257' title='bbox 337 2177 455 2211; x_wconf 76' lang='lat' dir='ltr'>sexto</span> <span class='ocrx_word' id='word_1_258' title='bbox 479 2167 549 2211; x_wconf 87' lang='lat' dir='ltr'>die</span> <span class='ocrx_word' id='word_1_259' title='bbox 572 2166 765 2221; x_wconf 80' lang='lat' dir='ltr'>factum,</span> <span class='ocrx_word' id='word_1_260' title='bbox 802 2165 1030 2210; x_wconf 80' lang='lat' dir='ltr'>foeminam</span> <span class='ocrx_word' id='word_1_261' title='bbox 1066 2182 1169 2211; x_wconf 86' lang='lat' dir='ltr'>vero</span> <span class='ocrx_word' id='word_1_262' title='bbox 1201 2165 1515 2226; x_wconf 83' lang='lat' dir='ltr'>posterioribus</span> <span class='ocrx_word' id='word_1_263' title='bbox 1547 2165 1729 2224; x_wconf 79' lang='lat' dir='ltr'>diebus3</span> 
     </span>
     <span class='ocr_line' id='line_1_30' title="bbox 337 2236 1730 2298; baseline -0.001 -15"><span class='ocrx_word' id='word_1_264' title='bbox 337 2254 439 2283; x_wconf 87' lang='lat' dir='ltr'>cum</span> <span class='ocrx_word' id='word_1_265' title='bbox 470 2239 563 2298; x_wconf 86' lang='lat' dir='ltr'>ipso</span> <span class='ocrx_word' id='word_1_266' title='bbox 591 2248 710 2282; x_wconf 78' lang='lat' dir='ltr'>sexto</span> <span class='ocrx_word' id='word_1_267' title='bbox 745 2237 814 2281; x_wconf 88' lang='lat' dir='ltr'>die</span> <span class='ocrx_word' id='word_1_268' title='bbox 847 2237 1112 2297; x_wconf 77' lang='lat' dir='ltr'>apertissime</span> <span class='ocrx_word' id='word_1_269' title='bbox 1134 2236 1301 2281; x_wconf 89' lang='lat' dir='ltr'>dictum</span> <span class='ocrx_word' id='word_1_270' title='bbox 1323 2237 1377 2280; x_wconf 85' lang='lat' dir='ltr'>sit</span> <span class='ocrx_word' id='word_1_271' title='bbox 1401 2256 1409 2281; x_wconf 75' lang='grc' dir='ltr'>ς</span> <span class='ocrx_word' id='word_1_272' title='bbox 1440 2256 1460 2279; x_wconf 90' lang='lat'>«</span> <span class='ocrx_word' id='word_1_273' title='bbox 1485 2237 1730 2281; x_wconf 82' lang='lat' dir='ltr'>Masculum</span> 
     </span>
     <span class='ocr_line' id='line_1_31' title="bbox 340 2308 1731 2369; baseline 0.001 -18"><span class='ocrx_word' id='word_1_274' title='bbox 340 2328 362 2351; x_wconf 78' lang='lat'>&gt;›</span> <span class='ocrx_word' id='word_1_275' title='bbox 397 2319 440 2353; x_wconf 89' lang='lat' dir='ltr'>et</span> <span class='ocrx_word' id='word_1_276' title='bbox 459 2309 680 2353; x_wconf 78' lang='lat' dir='ltr'>soeminam</span> <span class='ocrx_word' id='word_1_277' title='bbox 698 2308 800 2352; x_wconf 83' lang='lat' dir='ltr'>fecit</span> <span class='ocrx_word' id='word_1_278' title='bbox 822 2324 915 2363; x_wconf 82' lang='lat' dir='ltr'>eos,</span> <span class='ocrx_word' id='word_1_279' title='bbox 934 2318 977 2352; x_wconf 85' lang='lat' dir='ltr'>et</span> <span class='ocrx_word' id='word_1_280' title='bbox 995 2308 1214 2352; x_wconf 79' lang='lat' dir='ltr'>benedixit</span> <span class='ocrx_word' id='word_1_281' title='bbox 1230 2324 1302 2352; x_wconf 84' lang='lat' dir='ltr'>cos</span> <span class='ocrx_word' id='word_1_282' title='bbox 1318 2343 1328 2363; x_wconf 72' lang='grc'>,</span> <span class='ocrx_word' id='word_1_283' title='bbox 1353 2326 1372 2349; x_wconf 86' lang='lat'>»</span> <span class='ocrx_word' id='word_1_284' title='bbox 1393 2317 1435 2352; x_wconf 90' lang='lat' dir='ltr'>et</span> <span class='ocrx_word' id='word_1_285' title='bbox 1457 2318 1611 2353; x_wconf 81' lang='lat' dir='ltr'>eaetera</span> <span class='ocrx_word' id='word_1_286' title='bbox 1630 2325 1731 2369; x_wconf 76' lang='lat' dir='ltr'>quae</span> 
     </span>
     <span class='ocr_line' id='line_1_32' title="bbox 337 2378 1726 2438; baseline 0 -14"><span class='ocrx_word' id='word_1_287' title='bbox 337 2381 393 2424; x_wconf 89' lang='grc' dir='ltr'>(Ιο</span> <span class='ocrx_word' id='word_1_288' title='bbox 410 2380 624 2424; x_wconf 83' lang='lat' dir='ltr'>ambobus</span> <span class='ocrx_word' id='word_1_289' title='bbox 642 2389 683 2424; x_wconf 84' lang='lat' dir='ltr'>ct</span> <span class='ocrx_word' id='word_1_290' title='bbox 701 2381 756 2423; x_wconf 79' lang='lat' dir='ltr'>ad</span> <span class='ocrx_word' id='word_1_291' title='bbox 773 2380 922 2424; x_wconf 80' lang='lat' dir='ltr'>ambos</span> <span class='ocrx_word' id='word_1_292' title='bbox 939 2378 1162 2423; x_wconf 81' lang='lat' dir='ltr'>dicuntur.</span> <span class='ocrx_word' id='word_1_293' title='bbox 1180 2379 1317 2424; x_wconf 82' lang='lat' dir='ltr'>Aliter</span> <span class='ocrx_word' id='word_1_294' title='bbox 1335 2396 1438 2438; x_wconf 78' lang='lat' dir='ltr'>ergo</span> <span class='ocrx_word' id='word_1_295' title='bbox 1459 2390 1561 2424; x_wconf 87' lang='lat' dir='ltr'>tunc</span> <span class='ocrx_word' id='word_1_296' title='bbox 1580 2381 1726 2434; x_wconf 76' lang='lat' dir='ltr'>ambo,</span> 
     </span>
     <span class='ocr_line' id='line_1_33' title="bbox 337 2451 1725 2510; baseline -0.001 -15"><span class='ocrx_word' id='word_1_297' title='bbox 337 2462 381 2496; x_wconf 66' lang='lat' dir='ltr'>‹2t</span> <span class='ocrx_word' id='word_1_298' title='bbox 402 2468 519 2496; x_wconf 85' lang='lat' dir='ltr'>nunc</span> <span class='ocrx_word' id='word_1_299' title='bbox 544 2452 668 2495; x_wconf 78' lang='lat' dir='ltr'>aliter</span> <span class='ocrx_word' id='word_1_300' title='bbox 691 2451 820 2495; x_wconf 74' lang='lat' dir='ltr'>ambo</span> <span class='ocrx_word' id='word_1_301' title='bbox 849 2471 855 2494; x_wconf 74' lang='grc' dir='ltr'>ε</span> <span class='ocrx_word' id='word_1_302' title='bbox 889 2461 994 2494; x_wconf 80' lang='lat' dir='ltr'>tuuc</span> <span class='ocrx_word' id='word_1_303' title='bbox 1026 2451 1189 2495; x_wconf 79' lang='lat' dir='ltr'>scilicet</span> <span class='ocrx_word' id='word_1_304' title='bbox 1217 2451 1461 2495; x_wconf 71' lang='lat' dir='ltr'>secuudum</span> <span class='ocrx_word' id='word_1_305' title='bbox 1488 2452 1725 2510; x_wconf 73' lang='lat' dir='ltr'>potentiam</span> 
     </span>
    </p>
   </div>
   <div class='ocr_carea' id='block_1_3' title="bbox 390 2542 696 2569">
    <p class='ocr_par' dir='ltr' id='par_1_4' title="bbox 390 2542 696 2569">
     <span class='ocr_line' id='line_1_34' title="bbox 390 2542 696 2569; baseline 0.003 -1"><span class='ocrx_word' id='word_1_306' title='bbox 390 2546 396 2560; x_wconf 91' lang='lat'>¹</span> <span class='ocrx_word' id='word_1_307' title='bbox 421 2542 498 2569; x_wconf 63' lang='lat' dir='ltr'>(ivn.</span> <span class='ocrx_word' id='word_1_308' title='bbox 525 2551 556 2569; x_wconf 78' lang='grc' dir='ltr'>ιι.</span> <span class='ocrx_word' id='word_1_309' title='bbox 583 2542 696 2569; x_wconf 71' lang='grc' dir='ltr'>τ8·’)·).</span> 
     </span>
    </p>
   </div>
  </div>
 </body>
</html>
