1854 3219
331 136 384 161 DE
417 133 625 161 DocTntNA
657 134 908 160 CHltlSTlANA
944 135 1025 160 Llu.
1064 136 1121 160 lv.
1364 124 1418 161 62⁵)

33 198 189 242 dixisse
207 232 219 254 ‚
266 207 317 242 ut
359 198 415 243 ad
453 197 690 257 spiritalem
733 213 907 242 sensum
950 196 1236 242 scrutandum
1281 199 1419 257 magis

33 267 340 315 admoneretur
375 268 548 312 lectoris
586 268 793 326 intentio3
834 268 954 312 unde
998 269 1127 312 etiam
1168 268 1422 314 obscuriora

30 339 246 385 nonnulla
261 375 272 396 ‚
298 340 402 401 quia
431 340 567 399 magis
588 339 774 399 tropica,
801 349 903 384 sunt
925 355 1076 384 corum
1099 359 1107 384 :
1133 339 1208 384 sed
1227 341 1341 385 sicut
1372 356 1424 384 ex

32 411 209 457 hebraeo
221 411 267 455 in
278 410 466 456 latinum
476 410 701 472 eloquium
715 411 972 471 presbytero
984 412 1253 470 Hieronymo
1267 413 1424 457 utrius-

30 497 118 542 que
138 481 299 540 linguae
319 483 458 542 perito
480 481 793 542 interpretante
815 481 1021 527 translata
1038 492 1154 527 sunt.

88 554 209 596 XVI.
235 554 349 598 Cum
382 552 516 612 igitur
538 561 740 611 argueret
760 552 940 612 impios,
966 553 1197 613 superbos⁷
1220 551 1423 597 luxurio-

30 638 120 679 sos,
145 632 189 668 et
206 623 411 670 fratcrnae
434 623 534 668 ideo
563 623 956 688 negligentissimos
978 625 1213 680 charitatis,
1237 624 1424 669 rusticus

16 695 99 764 'vel
112 710 165 740 ex
186 696 348 742 rustico
369 697 450 741 iste
472 696 690 756 Propheta
707 695 986 751 exclamavit,
1007 695 1155 742 dicens
1173 717 1182 742 ε
1210 716 1230 739 «
1248 699 1325 741 Vae
1344 698 1421 758 qui

32 783 54 807 »
89 766 285 826 opulenti
307 767 407 811 estis
428 767 474 810 in
501 766 627 821 Sion,
653 774 697 810 et
718 764 934 811 confiditis
952 766 999 809 in
1023 776 1173 811 monte
1193 767 1395 812 Samaria}
1410 802 1421 822 ‚

33 855 53 878 »
88 836 318 896 optimates
353 837 496 897 capita
528 835 817 896 populorum,
858 836 1147 895 ingredientes
1179 838 1424 897 pompatice

32 924 53 948 »
88 904 270 951 domum
292 905 424 951 Israel
440 942 451 963 ,
483 907 662 951 transite
684 907 730 953 in
754 905 980 952 Chalanne
995 943 1005 963 ‚
1032 917 1075 952 ct
1096 907 1264 963 videte,
1297 917 1340 952 et
1365 908 1423 952 ite

32 996 53 1020 »
87 977 191 1023 inde
212 979 258 1023 in
278 979 439 1024 Emath
452 993 655 1037 magnam
669 1014 680 1034 ,
701 987 745 1022 et
761 977 1012 1023 descendite
1028 979 1074 1022 in
1092 979 1205 1023 Geth
1229 978 1424 1023 Palaesti—

32 1067 53 1091 »
87 1064 268 1104 norum,
305 1058 350 1094 et
380 1049 437 1093 ad
469 1049 634 1110 optima
667 1064 855 1109 quaeque
877 1064 1011 1108 regna
1032 1050 1214 1105 horum,
1238 1050 1272 1093 si
1293 1048 1421 1094 latior

31 1139 52 1162 »
87 1121 298 1166 terminus
321 1137 475 1167 eorum
499 1121 687 1166 termino
708 1130 851 1166 vestro
884 1130 962 1165 est.
988 1122 1075 1175 Qui
1103 1122 1289 1182 separati
1320 1122 1420 1166 estis

33 1211 51 1234 »
87 1191 133 1235 in
146 1191 262 1236 diem
279 1191 466 1248 malum,
484 1201 528 1236 et
549 1192 909 1253 appropinquatis
926 1191 1033 1237 solio
1050 1192 1306 1252 iniquitatis.
1334 1194 1421 1246 Qui

31 1279 52 1302 »
87 1260 284 1305 dormitis
312 1259 357 1303 in
384 1261 506 1304 lectis
538 1259 742 1303 eburneis
758 1295 768 1314 ‚
796 1271 840 1303 et
866 1261 1069 1304 lascivitis
1092 1263 1136 1303 in
1158 1264 1301 1306 stratis
1321 1278 1419 1307 ves-

30 1351 51 1373 »
86 1332 162 1377 tris
183 1351 192 1376 ;
217 1331 292 1392 qui
315 1329 539 1375 comeditis
562 1346 724 1389 agnum
747 1329 802 1374 de
820 1345 948 1389 grege
965 1366 975 1385 ‚
1001 1340 1044 1374 et
1064 1331 1224 1376 vitulos
1248 1331 1303 1376 de
1325 1349 1419 1378 mc-

30 1421 51 1445 »
85 1402 158 1446 dio
175 1401 359 1446 armenti
379 1420 388 1445 :
409 1401 485 1461 qui
502 1400 654 1445 canitis
671 1399 728 1444 ad
743 1415 895 1445 vocem
912 1399 1118 1460 psalterii.
1143 1402 1263 1446 Sicut
1280 1404 1418 1450 David

32 1494 51 1516 »
84 1481 353 1533 putaverunt
373 1487 416 1516 se
437 1471 600 1516 habere
626 1487 724 1516 vasa
751 1471 942 1526 cantici⁷>
966 1471 1164 1517 bibentes
1189 1474 1233 1516 in
1263 1474 1419 1533 phialis

30 1562 52 1586 »
85 1544 264 1600 vinum,
296 1552 340 1587 et
371 1543 536 1602 optimo
564 1550 792 1601 unguento
822 1541 1010 1585 delibuti
1037 1561 1046 1586 ι
1072 1551 1115 1585 ct
1138 1542 1245 1587 nihil
1277 1545 1418 1604 patic-

30 1634 51 1657 »
85 1615 248 1660 bantur
264 1630 396 1675 super
415 1613 676 1658 contritione
693 1613 855 1673 ,Ioseph
870 1615 899 1656 ¹.
925 1631 945 1653 >›
974 1613 1304 1674 Numquidnam
1324 1616 1414 1672 isti,

28 1685 106 1747 qui
127 1685 366 1745 Prophetas
391 1693 560 1729 nostros
589 1692 802 1744 tanquam
829 1682 1071 1728 ineruditos
1094 1693 1137 1728 et
1159 1684 1418 1731 elocutionis

27 1756 200 1815 ignaros
220 1753 357 1799 veluti
378 1754 497 1798 docti
518 1754 753 1813 disertique
776 1763 1067 1798 contemnunt
1083 1789 1094 1809 ,
1117 1755 1151 1798 si
1173 1755 1337 1816 aliquid
1360 1758 1419 1801 eis

27 1825 113 1872 tale
131 1824 201 1870 vel
221 1825 267 1870 in
288 1824 395 1869 tales
421 1823 658 1869 dicendum
681 1822 852 1878 fuisset,
879 1824 1003 1868 aliter
1023 1840 1067 1869 se
1087 1824 1327 1871 voluissent
1347 1828 1417 1872 ‹li-

27 1912 125 1942 cere
139 1932 150 1952 ,
173 1896 251 1957 qui
271 1905 419 1941 tamen
441 1910 594 1940 eorum
616 1894 805 1939 insanire
828 1894 1098 1939 noluissent?

84 1970 230 2012 XVII.
261 1966 378 2021 Quid
397 1967 517 2012 enim
550 1976 614 2011 est
643 1966 765 2027 quod
796 1966 878 2011 isto
906 1965 1081 2027 eloquio
1104 1983 1229 2012 aures
1261 1969 1416 2014 sobriae

24 2039 124 2100 plus
144 2037 415 2083 desiderent?
438 2038 584 2082 Primo
606 2037 697 2098 ipsa
719 2037 907 2082 invectio
923 2073 933 2093 ‚
963 2038 1086 2099 quasi
1110 2040 1258 2099 sopitis
1280 2042 1416 2085 sensi-
1478 2076 1479 2079 ,

25 2110 134 2165 bus,
168 2118 220 2154 ut
251 2108 527 2167 evigilarent,
561 2123 651 2168 quo
680 2106 857 2152 fremitu
891 2107 1000 2152 illisa
1033 2110 1126 2153 est?
1156 2129 1176 2152 «
1201 2113 1300 2166 Vre,
1339 2113 1417 2172 qui

29 2199 50 2224 »
87 2179 284 2242 opulenti
306 2180 405 2225 estis
428 2179 474 2223 in
498 2179 600 2224 Sion
615 2214 625 2233 ,
651 2188 695 2223 et
710 2178 927 2224 confiditis
950 2179 996 2223 in
1015 2190 1162 2225 monte
1188 2184 1412 2238 Samariae⁷

28 2270 50 2294 »
85 2252 314 2312 optimates
345 2250 488 2311 capita
519 2249 807 2310 populorum,
846 2249 1139 2308 ingredientes
1169 2254 1416 2313 pompatice

29 2342 50 2366 »
84 2323 265 2369 domum
288 2321 435 2367 Israel.
453 2340 473 2363 >›
494 2319 661 2366 Deinde
677 2330 726 2365 ut
742 2321 963 2366 beneficiis
980 2322 1073 2378 Dei,
1095 2325 1170 2384 qui
1193 2325 1251 2368 eis
1272 2326 1416 2386 ampla

26 2395 161 2456 spatia
182 2394 306 2454 regni
330 2393 453 2438 dedit
468 2428 479 2450 ‚
504 2393 707 2438 ostendat
731 2392 945 2452 ingratos,
978 2395 1186 2454 quoniam
1217 2397 1413 2442 confide-

75 2489 84 2506 ¹
106 2484 201 2515 Amos
213 2492 261 2530 vi,-
282 2480 354 2513 1-6.

241 2545 348 2575 cxii.
1204 2539 1227 2577 5
