1854 3219
384 206 468 245 236
812 217 844 244 s.
881 215 1112 246 AncusTmt
1145 219 1326 246 muscom

383 284 509 342 lignis
532 297 620 326 non
649 280 788 326 solum
826 281 1001 338 dicitur,
1031 303 1051 326 «
1075 284 1328 329 Secundum
1362 298 1524 342 genus,
1554 301 1574 324 »
1594 298 1771 328 verum-

382 355 512 399 etiam
542 373 560 395 α
584 352 832 397 Secundum
855 354 1202 411 similitudinem,
1232 375 1252 398 »
1277 371 1378 400 cum
1400 363 1442 397 et
1462 353 1662 398 animalia
1687 355 1776 400 sive

383 439 596 485 aquarum
633 425 720 468 sive
755 434 969 469 terrarum
1007 426 1249 471 secundum
1287 425 1616 471 similitudmem
1654 441 1776 470 suam

384 498 624 555 generent?
648 500 715 540 An
735 497 836 557 quia
857 514 991 557 genus
1012 500 1207 559 sequitur
1231 497 1468 543 similitudo
1486 533 1496 553 ,
1522 497 1663 542 noluit
1682 514 1776 542 eam

383 569 548 629 ubique
578 570 802 628 repetere?
829 571 938 613 Nam
976 579 1018 613 et
1051 586 1194 614 semen
1227 586 1315 614 uon
1350 570 1516 629 ubique
1550 569 1775 628 repetivit3

383 656 483 685 cum
504 649 593 683 tam
616 639 759 682 herbis
780 650 818 682 ct
836 639 961 698 lignis
983 641 1109 697 insit,
1136 657 1269 701 quam
1295 640 1570 695 animalibus,
1594 641 1670 684 etsi
1689 656 1778 684 non

384 711 601 756 omnibus.
629 711 917 755 Observatum
936 721 998 756 cst
1016 713 1130 755 enim
1148 712 1350 772 qusedam
1372 712 1429 755 ita
1452 712 1635 755 nascicx
1657 712 1778 771 aquis

385 782 454 827 vel
487 791 597 825 terra
615 817 625 836 ,
653 791 703 826 ut
739 797 863 826 sexus
893 782 952 825 eis
983 781 1128 827 nullus
1160 784 1239 841 sit3
1266 792 1308 826 et
1330 781 1429 826 ideo
1451 798 1599 826 semen
1628 798 1778 826 eorum

383 869 474 898 non
494 853 547 897 sit
575 853 621 896 in
651 852 709 897 eis
727 888 738 908 ,
764 852 839 897 sed
862 853 907 897 in
929 852 1152 898 elementis
1175 869 1226 897 ex
1250 852 1411 914 quibus
1435 853 1650 897 oriuntur.
1686 855 1779 896 Hoc

384 934 448 969 cst
469 939 571 983 ergo
594 922 835 968 secundum
857 939 991 983 genus
1008 960 1018 979 ,
1052 924 1128 968 ubi
1151 934 1194 968 et
1213 925 1429 968 seminum
1459 923 1522 968 vis
1555 932 1598 967 et
1626 923 1778 967 simili—

386 993 494 1040 tudo
528 993 787 1053 intelligitur
809 994 1140 1039 succedentium
1168 994 1482 1039 decedentibus
1506 1014 1514 1039 :
1540 993 1641 1054 quia
1671 993 1776 1037 nihil

385 1082 537 1112 eorum
558 1066 618 1110 ita
640 1075 835 1110 creatum
859 1075 943 1122 est,
969 1076 1019 1111 ut
1040 1066 1172 1111 semel
1207 1067 1436 1121 existeret,
1473 1065 1544 1110 vel
1581 1080 1781 1125 perman-

385 1152 536 1182 surum
553 1172 563 1192 ,
590 1135 659 1181 vel
681 1136 805 1181 nullo
827 1136 1087 1182 succedente
1109 1136 1404 1182 decessurum.

443 1211 546 1253 XX.
570 1210 660 1254 Cur
682 1223 785 1267 ergo
808 1218 852 1253 et
873 1207 928 1253 de
949 1209 1128 1254 homine
1144 1224 1236 1254 non
1257 1208 1318 1253 ita
1340 1208 1508 1253 dictum
1531 1217 1620 1253 est:
1649 1227 1669 1251 «
1695 1211 1780 1253 Fa-

386 1280 549 1325 ciamus
569 1279 793 1324 hominem
815 1279 871 1323 ad
893 1278 1127 1339 imaginem
1147 1289 1191 1325 et
1208 1278 1539 1324 similitudinem
1561 1288 1752 1324 nostram
1765 1315 1777 1336 ,

388 1350 631 1396 secundum
649 1365 807 1410 genus,
825 1369 846 1393 »
865 1366 966 1396 cum
977 1360 1021 1396 et
1035 1351 1224 1397 hominis
1242 1367 1437 1412 propago
1459 1350 1688 1396 manifesta
1702 1351 1782 1396 sit?

388 1427 459 1469 An
479 1423 582 1484 quia
603 1438 694 1468 non
727 1423 787 1468 ita
814 1426 929 1468 Deus
950 1423 1115 1469 fecerat
1135 1423 1359 1468 hominem
1386 1432 1438 1468 ut
1465 1432 1722 1479 moreretur,
1747 1423 1783 1468 si

387 1504 658 1556 pracceptum
680 1510 849 1539 servare
865 1495 1073 1540 voluisset
1088 1531 1098 1551 ,
1116 1504 1159 1539 et
1180 1494 1279 1540 ideo
1301 1511 1391 1540 non
1409 1504 1501 1540 erat
1518 1496 1782 1540 necessarius

390 1566 604 1611 decessori
621 1579 841 1610 successor
861 1585 870 1611 :
894 1565 970 1610 sed
990 1575 1089 1626 post
1109 1575 1338 1626 peccatum
1365 1585 1385 1608 ι(
1410 1568 1698 1626 Comparatus
1721 1574 1785 1610 est

393 1656 413 1679 »
448 1636 679 1697 pecoribus
701 1636 942 1692 insensatis,
963 1645 1007 1681 et
1029 1636 1178 1682 similis
1203 1636 1342 1683 faetus
1365 1646 1428 1682 est
1445 1637 1554 1696 eis¹3
1582 1656 1602 1679 »
1628 1645 1679 1682 ut
1693 1637 1785 1698 jam

389 1709 467 1753 filii
501 1707 648 1753 saeculi
684 1708 813 1768 hujus
849 1718 1057 1766 generent
1075 1744 1085 1764 ,
1124 1718 1168 1753 et
1211 1718 1490 1768 generentur,
1530 1725 1619 1769 quo
1650 1709 1786 1769 possit

390 1779 642 1825 mortalium
665 1796 800 1839 genus
814 1790 979 1824 servata
1003 1781 1272 1825 successione
1289 1781 1552 1825 subsistere?
1570 1781 1687 1834 Quid
1704 1781 1787 1826 sibi
1814 1839 1815 1842 Ἴ

390 1867 491 1910 ergo
507 1851 602 1896 vult
624 1852 958 1911 posthominem
978 1851 1233 1896 factumilla
1254 1851 1502 1896 benedictio
1524 1871 1532 1896 z
1557 1871 1577 1894 «
1597 1852 1786 1897 Crescite

395 1942 414 1964 »
451 1932 494 1967 et
516 1921 895 1981 multiplicamini,
927 1931 969 1966 et
997 1921 1175 1982 implete
1199 1932 1357 1967 terram
1373 1927 1415 1966 ¹2:
1446 1941 1465 1963 »
1493 1922 1614 1983 quod
1636 1923 1787 1984 utique

390 1995 483 2039 fieri
510 2005 654 2056 posset
679 1993 955 2053 generando?
977 1997 1044 2038 An
1068 1994 1177 2037 nihil
1199 1995 1301 2038 hinc
1324 2003 1486 2038 temere
1515 1993 1753 2038 dicendum
1773 2030 1783 2050 ,

392 2067 531 2111 donec
561 2054 739 2111 adeum
765 2066 999 2125 Scripturzc
1032 2065 1178 2110 locum
1210 2066 1539 2125 perveniamus,
1572 2067 1649 2110 ubi
1685 2065 1786 2111 dili-

393 2138 563 2197 gentius
588 2138 667 2181 ista
691 2137 950 2197 requirenda
967 2146 1097 2197 atque
1116 2137 1339 2181 tractanda
1360 2139 1489 2182 sunt?
1508 2141 1657 2181 Potest
1672 2137 1788 2181 euim

392 2224 509 2253 nunc
534 2208 711 2253 fortasse
733 2209 952 2263 sufficere,
980 2218 1209 2268 propterea
1227 2207 1282 2251 de
1304 2208 1483 2251 homine
1505 2224 1595 2252 non
1619 2208 1788 2252 dictum

392 2296 480 2324 esse
516 2279 758 2324 secundum
790 2295 951 2338 genus,
988 2280 1090 2340 quia
1124 2295 1238 2324 unus
1273 2279 1432 2334 fiebat,
1459 2279 1513 2323 de
1543 2295 1633 2339 quo
1656 2280 1789 2324 etiam

390 2351 570 2395 foemina
593 2350 704 2396 facta
721 2360 798 2395 est.
815 2354 913 2396 Non
931 2351 1047 2395 enim
1065 2350 1204 2395 multa
1223 2367 1379 2410 genera
1397 2351 1648 2406 hominum,
1673 2351 1788 2396 sicut

389 2422 622 2466 herbarum
637 2457 647 2476 ,
673 2420 890 2479 lignorum
904 2457 914 2477 ,
947 2422 1132 2481 piscium
1150 2457 1160 2477 ,
1185 2421 1457 2478 volatilium,
1483 2422 1757 2482 serpentium
1773 2457 1784 2477 ,

389 2509 613 2554 pecorum,
633 2493 889 2548 bestiarum,
907 2501 957 2537 ut
978 2494 1038 2538 sic
1057 2493 1225 2539 dictum
1243 2493 1520 2553 accipiamus,
1542 2494 1786 2539 secundum

442 2586 450 2601 ¹
472 2578 687 2621 Psal.xtv1n,
712 2580 763 2612 13.
785 2596 826 2602 —
845 2586 858 2602 ²
878 2581 1003 2621 Gen-1,
1023 2579 1078 2612 23.
