1854 3219
392 188 443 226 48
825 194 859 222 S.
898 194 1128 222 Accus'rim
1162 193 1343 220 nriscom

391 262 626 320 Evangelio
665 261 876 305 Dominus
907 260 1039 313 dicit,
1071 279 1090 302 (ι
1116 260 1193 304 Die
1215 273 1304 319 quo
1326 258 1428 302 exiit
1450 257 1562 302 Loth
1586 273 1609 300 a
1642 256 1781 301 Sodo-

392 354 412 375 »
449 334 528 377 mis
544 368 554 388 ,
580 331 694 392 pluit
717 332 863 390 ignem
887 330 941 375 de
963 329 1099 383 coelo,
1127 339 1171 374 et
1191 329 1382 389 perdidit
1404 344 1554 374 omnes
1579 347 1588 372 :
1623 343 1782 372 secun-

392 423 412 447 »
449 404 557 448 dum
579 403 673 447 haec
697 402 779 446 erit
816 400 907 446 dies
929 400 1007 445 filii
1028 400 1216 446 hominis
1233 435 1244 455 ,
1269 415 1358 460 quo
1391 398 1670 444 revelabitur.
1705 397 1784 442 Illa

393 494 413 516 »
449 475 581 529 hora,
620 473 697 534 qui
737 474 820 517 erit
854 473 898 517 in
932 481 1076 527 tecto,
1112 481 1155 515 et
1187 486 1285 515 vasa
1313 471 1404 531 ejus
1426 471 1471 514 in
1509 468 1668 524 domo,
1693 484 1784 514 non

392 564 412 586 n
449 544 688 589 descendat
725 543 878 588 tollere
910 542 1012 601 illa,
1048 551 1090 587 et
1128 542 1202 603 qui
1223 542 1270 586 in
1302 556 1426 599 agro,
1462 539 1658 586 similiter
1695 555 1785 584 non

392 635 412 657 »
451 624 692 660 revertatur
714 624 830 659 retro
851 634 858 658 :
884 613 1130 658 meminerit
1152 612 1295 657 uxoris
1320 612 1478 656 Loth1.
1509 630 1529 653 »
1554 609 1786 671 Numquid

389 702 492 732 cum
516 687 729 731 Dominus
753 684 886 729 fuerit
907 683 1120 729 revelatus
1137 719 1148 739 ,
1186 693 1290 727 tunc
1324 691 1427 727 sunt
1449 682 1529 726 ista
1551 680 1783 736 sewanda,

389 775 445 803 ne
467 759 654 819 quisque
686 766 802 802 retro
837 757 1060 816 respiciat,
1086 755 1133 800 id
1155 765 1235 810 est,
1270 755 1405 799 vitam
1428 754 1694 814 prseteritam
1717 752 1788 797 cui

393 828 683 883 renuntiavit,
707 828 900 889 inquirat
918 848 928 885 3
949 836 992 871 et
1009 842 1099 871 non
1122 826 1266 886 potius
1286 825 1368 870 isto
1386 834 1600 885 tempore,
1616 832 1667 868 ut
1687 837 1789 867 cum

391 900 602 945 Dominus
636 898 769 944 fuerit
803 898 1039 953 revelatus,
1079 897 1415 941 retributionem
1448 911 1527 956 pro
1563 895 1649 950 eis,
1691 910 1790 955 quae

393 971 583 1031 quisque
606 970 793 1015 servavit
817 969 887 1013 vel
909 968 1187 1028 contempsit,
1206 967 1431 1011 inveniat?
1452 969 1510 1011 Et
1524 975 1671 1010 tamen
1687 965 1791 1026 quia

391 1041 556 1086 dictum
581 1051 666 1097 est,
694 1061 713 1083 «
741 1044 792 1085 In
809 1039 880 1084 illa
898 1040 1003 1085 hora
1019 1074 1029 1094 ,
1058 1057 1078 1079 »
1105 1048 1212 1083 tunc
1230 1047 1441 1098 putantur
1463 1037 1541 1082 ista
1559 1035 1787 1091 servanda,

390 1128 492 1157 cum
517 1112 651 1156 fuerit
682 1111 893 1157 Dominus
917 1108 1134 1155 revelatus
1150 1145 1160 1165 ,
1187 1109 1268 1152 nisi
1292 1109 1348 1153 ad
1370 1107 1700 1167 intelligendam
1723 1122 1790 1151 re·-

390 1184 772 1244 capitulationem,
811 1198 959 1227 sensus
992 1181 1174 1240 legentis
1204 1180 1420 1239 invigilet,
1452 1179 1685 1240 adjuvante
1708 1178 1791 1223 alia

392 1255 630 1313 Scriptura,
653 1270 752 1314 quac
768 1253 963 1312 ipsorum
985 1250 1296 1312 Apostolorum
1317 1251 1461 1295 adhuc
1485 1259 1681 1310 tempore
1698 1248 1789 1294 cla·
1853 1303 1854 1311 ἵ

391 1324 540 1379 mavit,
567 1344 587 1365 «
614 1324 735 1378 Filii,
758 1323 992 1368 novissima
1007 1323 1114 1366 hora
1131 1325 1236 1366 est‘2.
1268 1340 1288 1362 »
1314 1324 1502 1380 Tempus
1523 1335 1624 1379 ergo
1647 1320 1791 1381 ipsum
1853 1330 1854 1351 ἢ

389 1411 478 1456 quo
501 1395 791 1454 Evangelium
819 1393 1101 1453 praedicatur,
1128 1408 1357 1454 quousque
1380 1392 1590 1437 Dominus
1623 1391 1789 1436 revele-
1853 1412 1854 1415 ¹

392 1468 505 1521 turss,
522 1467 629 1511 hora
653 1474 718 1510 est
739 1466 785 1508 in
808 1480 893 1526 qua
913 1473 1087 1524 oportet
1108 1464 1189 1508 ista
1207 1464 1389 1521 servari,
1415 1463 1518 1524 quia
1540 1473 1583 1508 ct
1605 1463 1697 1523 ipsa
1718 1479 1789 1507 re—

390 1537 552 1582 velatio
576 1537 747 1582 Domini
765 1536 819 1581 ad
841 1536 1041 1582 eamdem
1058 1537 1212 1583 horam
1230 1536 1441 1596 pertinet,
1462 1551 1563 1597 quae
1585 1535 1655 1580 die
1666 1535 1790 1595 judi-

391 1610 447 1654 cii
471 1608 795 1654 terminabitur.

398 1764 1790 1784 ἋΨἋΊΜΜΜΝΜΜΜΜΜΜΝΜΜἜΦἊΜΝἏἋΜΝΜΜΛὮΜΜΜΜΜΝΜ

839 1887 1056 1938 CAPUT
1094 1888 1356 1936 XXXVII.

746 2032 936 2096 Regula
954 2034 1161 2093 septima
1191 2030 1428 2078 Ticlzonz'z'.

454 2184 544 2226 LV.
583 2184 774 2226 SEPTIMA
795 2180 993 2226 Tichonii
1012 2180 1158 2239 regula
1182 2189 1267 2237 est,
1284 2179 1526 2260 eademque
1547 2191 1783 2261 postrema,

393 2251 454 2297 (le
480 2251 675 2297 daubolo
698 2262 743 2297 et
765 2268 866 2312 esus
894 2266 1109 2312 corpore.
1136 2255 1214 2296 Est
1231 2253 1347 2296 enim
1369 2261 1412 2297 et
1434 2253 1525 2313 ipse
1546 2263 1680 2313 eaput
1700 2255 1785 2298 im-

391 2324 588 2383 piorum,
615 2324 691 2384 qui
713 2332 816 2368 sunt
837 2324 927 2383 ejus
950 2322 1143 2382 quodam
1173 2323 1304 2368 modo
1335 2339 1409 2368 eoi
1412 2339 1519 2383 pus
1557 2325 1659 2369 ituri
1683 2341 1785 2370 cum

391 2395 497 2441 illo
488 2412 533 2439 in
560 2395 886 2456 suppliciiuu'010
884 2395 958 2439 nis
989 2395 1169 2440 aeterni¹
1184 2395 1329 2440 :sicut
1350 2395 1546 2441 Chlistus
1568 2407 1703 2456 caput
1722 2407 1787 2443 est

443 2498 551 2528 ¹.Luc
570 2493 1089 2537 x⁸¹¹209‘323CU1011³¹122-6
1107 2501 1179 2518 ——2
1203 2497 1323 2528 tJoan
1341 2495 1516 2538 11‚18.—·
1541 2494 1555 2520 3
1574 2499 1667 2530 Rom.
1694 2509 1729 2539 11,
1749 2497 1784 2539 5,

393 2559 423 2586 et
444 2565 509 2595 xm,
536 2564 587 2585 11.
610 2567 650 2575 —-
668 2551 683 2581 4
698 2550 815 2584 Matth.
835 2562 912 2592 xxv,
932 2550 987 2593 4¹·
