1854 3219
373 158 456 197 :244
805 168 839 195 s.
878 168 1107 197 Aue-‚nsum
1141 169 1321 196 EP15COP1

372 233 579 294 copulati.
603 233 671 278 Ad
695 234 805 278 hanc
827 234 941 278 enim
965 249 1085 293 spem
1109 233 1310 288 vivimus,
1337 241 1381 276 et
1401 233 1494 292 ejus
1516 232 1763 291 promissio-

373 309 437 351 nis
462 306 598 366 gratia
633 321 892 350 recreamur.
932 304 1158 365 Quidquid
1192 314 1337 349 autem
1360 304 1489 348 etiam
1512 302 1566 348 de
1588 302 1763 348 diabolo

373 377 459 422 dici
482 386 640 437 potest,
659 393 736 421 cur
759 392 859 421 eum
882 380 995 421 Deus
1014 376 1248 430 creaverit,
1275 390 1376 420 cum
1398 374 1529 419 talem
1547 373 1766 434 praesciret

374 446 592 502 futurum,
608 457 651 492 et
672 463 750 492 cur
770 447 1045 507 omnipotens
1067 449 1159 507 ejus
1181 445 1452 491 voluntatem
1472 460 1562 490 non
1583 460 1765 490 conver-

376 528 437 563 tat
464 519 508 563 in
531 520 723 574 bonum,
749 518 993 564 secundum
1027 534 1075 563 ea
1106 534 1205 579 quie
1238 517 1535 572 disseruimus,
1577 532 1679 561 cum
1711 516 1766 560 de

376 590 496 635 malis
520 591 772 636 hominibus
800 589 998 636 similiter
1022 604 1338 651 quaereremus‚
1371 589 1459 634 sive
1481 587 1764 647 intelligatur,

374 661 463 706 sive
481 662 700 717 credatur,
717 661 803 707 sive
817 660 926 723 quid
947 660 1101 706 melius
1124 660 1309 705 inveniri
1331 668 1489 720 potest,
1503 659 1764 704 inveniatur.

379 819 494 835 mumm-
498 819 564 835 §mm
569 819 635 836 xm
641 819 1052 837 ῑἋΊὶΜὶΜὶἱὶἱνὶἱὶ
1059 819 1124 835 xvv!
1129 819 1267 835 SVWWV!
1272 819 1410 835 WWU
1415 817 1767 835 mmmmm

843 940 1057 990 CAPUT
1097 941 1303 989 XXVII.

576 1074 653 1120 De
677 1076 940 1120 tentatione
964 1072 1151 1120 diaboli
1166 1090 1259 1134 per
1278 1082 1561 1133 serpentem.

436 1212 642 1254 XXXIV.
679 1214 740 1254 AB
758 1210 833 1255 illo
856 1225 958 1269 ergo
982 1212 1104 1271 cujus
1122 1226 1250 1270 super
1273 1210 1414 1254 omnia
1429 1245 1439 1264 7
1465 1225 1564 1269 quse
1587 1208 1771 1264 creavit,

379 1297 548 1326 summa
580 1290 769 1341 potestas
802 1291 866 1325 est
878 1317 894 1337 ,
930 1297 1007 1341 per
1039 1280 1226 1338 Angelos
1249 1290 1418 1325 sanctos
1441 1297 1463 1324 a
1486 1279 1646 1340 quibus
1669 1278 1773 1323 illu-

378 1353 498 1395 ditur
516 1352 719 1397 diabolus
737 1388 747 1407 ‚
774 1368 875 1397 cum
907 1361 950 1396 ct
971 1351 1025 1395 de
1048 1351 1179 1410 ipsius
1202 1350 1507 1394 malevolentia
1535 1349 1776 1394 consulitur

355 1463 357 1482 N
378 1422 583 1467 'Ecclesiae
602 1424 694 1478 Dei,
716 1439 805 1467 non
821 1432 883 1467 est
906 1423 1137 1483 permissus
1160 1432 1327 1467 tentare
1350 1421 1582 1466 foeminam
1600 1422 1681 1466 nisi
1699 1437 1776 1482 per

356 1483 359 1502 ¹
379 1502 642 1553 serpentem,
659 1509 740 1538 nec
761 1493 905 1538 virum
927 1493 1007 1537 nisi
1031 1510 1108 1553 per
1132 1492 1360 1538 foeminam
1381 1513 1389 1538 :
1415 1492 1491 1538 sed
1512 1494 1556 1537 in
1578 1502 1777 1553 serpente

380 1565 469 1624 ipse
491 1565 665 1609 locutus
689 1574 778 1619 est,
806 1573 933 1608 utens
957 1581 1007 1609 eo
1030 1565 1152 1609 velut
1174 1581 1340 1624 organo
1356 1600 1367 1620 ‚
1397 1579 1664 1625 movensque
1687 1566 1778 1625 ejus

383 1645 583 1679 naturam
601 1651 652 1679 co
675 1634 809 1679 niodo
831 1651 919 1695 quo
943 1651 1118 1680 movere
1137 1634 1233 1690 ille,
1258 1645 1302 1679 et
1324 1635 1491 1679 moveri
1514 1634 1587 1679 illa
1606 1636 1774 1695 potuit,

382 1705 438 1750 ad
459 1705 761 1765 exprimendos
791 1706 1028 1758 verborum
1051 1721 1178 1750 sonos
1201 1714 1245 1749 et
1267 1705 1389 1764 signa
1412 1704 1680 1765 corporalia,
1702 1721 1779 1766 per

381 1793 481 1837 quae
498 1776 656 1820 mulier
678 1775 901 1821 suadentis
920 1775 1181 1834 intelligeret
1202 1775 1490 1820 voluntatem.
1505 1779 1557 1820 In
1574 1775 1664 1836 ipsa
1677 1792 1779 1822 vero

381 1846 566 1892 muliere
582 1883 592 1902 ‚
625 1848 727 1908 quia
746 1846 819 1891 illa
838 1847 1058 1892 rationalis
1081 1856 1281 1891 creatura
1304 1855 1421 1902 erat,
1442 1862 1540 1906 quae
1557 1856 1680 1891 motu
1701 1863 1780 1893 suo

382 1927 527 1978 posset
548 1918 613 1962 uti
650 1917 706 1962 ad
743 1918 876 1962 verba
909 1917 1104 1961 facienda
1120 1953 1130 1973 ⁷
1157 1933 1248 1962 non
1271 1917 1360 1976 ipse
1383 1916 1558 1961 locutus
1595 1927 1680 1973 est,
1705 1916 1782 1962 sed

383 1991 476 2049 ejus
499 1989 695 2048 operatio
720 1997 851 2049 atquc
871 1988 1118 2048 pcrsnasio3
1144 1988 1344 2048 quamvis
1377 1987 1550 2033 occulto
1571 1988 1781 2033 instinctu

384 2060 608 2121 adjuvaret
638 2060 846 2115 interius,
873 2059 993 2121 quod
1025 2060 1212 2104 exterius
1238 2069 1385 2118 egerat
1405 2075 1483 2119 per
1516 2070 1777 2120 serpentem.

384 2130 514 2184 Quod
536 2129 718 2191 quidem
740 2131 774 2175 si
795 2129 886 2175 solo
909 2130 1119 2174 instinctu
1141 2129 1355 2175 occultius
1374 2138 1542 2187 ageret,
1564 2131 1676 2174 sicut
1693 2130 1783 2190 egit

385 2201 429 2244 in
462 2200 577 2245 Juda
609 2210 658 2245 ut
690 2200 880 2245 traderet
919 2200 1186 2255 Cln'istum¹‚
1211 2209 1356 2260 posset
1378 2200 1550 2244 efficere
1571 2200 1617 2244 in
1638 2201 1782 2246 anima

385 2272 574 2331 superbo
596 2287 743 2315 amore
767 2287 856 2316 suae
874 2271 1098 2331 potestatis
1116 2271 1296 2315 inducta
1314 2290 1322 2314 :
1344 2268 1419 2314 sed
1437 2270 1548 2315 sicut
1562 2271 1654 2331 jam
1676 2271 1779 2328 dixi,

387 2341 583 2386 tentandi
618 2341 891 2386 voluntatem
913 2341 1048 2385 habet
1070 2340 1272 2386 diabolus
1290 2375 1301 2395 ,
1333 2340 1380 2384 in
1401 2349 1613 2400 potestate
1635 2350 1782 2385 autem

386 2427 466 2456 nec
487 2420 538 2456 ut
560 2410 688 2456 faciat
708 2411 866 2467 habet,
892 2427 971 2456 nec
994 2411 1219 2471 quomodo
1244 2410 1390 2456 faciat.
1417 2411 1527 2465 Quia
1550 2412 1782 2472 permissus

437 2516 445 2532 ¹
467 2511 557 2542 Joan.
578 2520 645 2551 xm)
669 2519 701 2542 Ω.
