1854 3219
398 170 480 209 422
826 181 859 209 s.
896 181 1128 212 Acousnm
1161 186 1342 213 EPISCOPI

398 334 467 351 W*
472 333 609 350 mm
614 333 1107 352 mmmmmmu
1111 336 1177 352 ΊΛΑΊ
1183 336 1248 352 tm
1254 335 1782 355 xwwnmwu·mmmmumu

907 458 1126 511 CAPUT
1157 463 1247 510 XI.

404 602 506 648 Cur·
529 600 606 648 hie
631 601 805 650 addita
827 603 995 664 dictio,
1023 606 1275 654 Dominus.
1295 632 1355 642 -—
1372 603 1610 653 Dominus
1629 618 1791 655 verum

457 742 623 786 XXIV.
653 745 848 788 Pirous-m:
871 745 994 790 nullo
1020 745 1153 789 modo
1181 759 1333 790 vacare
1361 743 1565 799 arbitror,
1603 744 1679 788 sed
1712 757 1790 788 nos

398 811 590 873 aliquid,
619 823 662 858 et
683 831 892 875 magnum
917 816 1081 878 aliquid
1103 815 1360 871 admonere,
1385 814 1507 876 quod
1530 815 1583 860 ab
1606 816 1698 875 ipso
1718 814 1789 859 di-

396 883 486 927 vini
513 883 614 928 libri
642 886 771 946 hujus
806 887 1008 942 exordio,
1044 903 1095 931 ex
1133 903 1223 948 quo
1254 887 1312 931 ita
1349 895 1520 946 coeptus
1550 896 1645 931 est:
1681 905 1701 928 <c
1738 888 1791 930 Iu

398 971 421 996 »
455 956 670 1016 principio
692 956 797 1002 fecit
815 962 927 1003 Deus
949 958 1112 1003 coelum
1130 968 1174 1003 et
1195 968 1353 1002 terram
1370 979 1381 1015 3
1399 977 1418 999 »
1440 973 1578 1018 usque
1596 956 1652 1001 ad
1672 957 1792 1001 hunc

394 1025 543 1072 locum
559 1064 569 1083 ‚
596 1045 813 1090 nusquam
831 1031 1022 1091 positum
1045 1041 1123 1085 est,
1142 1031 1353 1076 Dominus
1368 1033 1506 1087 1)(3115-7
1526 1028 1602 1074 sed
1619 1037 1794 1073 tantum

398 1098 546 1154 modo,
564 1102 701 1144 Deus:
719 1117 838 1146 nunc
855 1117 958 1146 vero
971 1102 1050 1145 ubi
1067 1101 1185 1145 adid
1200 1110 1380 1146 ventum
1400 1109 1478 1155 est,
1501 1109 1551 1143 ut
1569 1099 1791 1144 hominem

397 1169 443 1213 in
465 1170 665 1229 paradiso
692 1173 976 1216 constitueret
991 1208 1001 1227 ‚
1027 1188 1218 1232 eumque
1241 1187 1318 1231 per
1338 1180 1608 1231 praeceptum
1637 1184 1794 1230 opera-

397 1249 516 1284 retur
539 1251 582 1285 et
599 1241 864 1297 custodiret,
890 1243 949 1286 ita
975 1243 1196 1302 Scriptura
1214 1241 1360 1287 locuta
1381 1252 1444 1286 est
1462 1262 1471 1287 z
1496 1262 1516 1284 «
1537 1244 1594 1285 Et
1610 1240 1794 1300 sumpsit

399 1329 420 1351 »
456 1312 668 1357 Dominus
690 1316 805 1358 Deus
826 1314 1072 1368 hominem,
1099 1329 1230 1374 quem
1252 1312 1378 1368 fecit³
1398 1322 1441 1356 et
1458 1313 1602 1373 posuit
1625 1327 1726 1355 eum
1747 1311 1794 1354 in

401 1401 421 1424 »
456 1383 656 1443 paradiso
679 1386 848 1445 operari
872 1401 975 1429 eum
997 1395 1041 1429 et
1057 1384 1323 1430 custodire¹z
1350 1403 1369 1425 »
1392 1400 1482 1429 non
1504 1383 1625 1444 quod
1646 1398 1795 1442 supra-

397 1454 615 1499 dictarum
636 1466 935 1501 creaturarum
953 1457 1165 1501 Dominus
1188 1471 1278 1501 non
1301 1466 1410 1500 esset
1429 1459 1565 1510 Deus,
1592 1453 1666 1499 sed
1691 1453 1794 1514 quia

398 1526 483 1571 1100
516 1543 596 1571 1100
623 1538 802 1587 propter
833 1528 1044 1587 Angelos,
1082 1543 1163 1571 nec
1196 1536 1375 1586 propter
1405 1526 1487 1571 alia
1520 1542 1619 1586 quae
1651 1534 1794 1570 creata

396 1606 524 1652 sunt,
556 1598 632 1641 sed
667 1608 845 1658 propter
867 1599 1091 1642 hominem
1116 1597 1408 1652 scribebatur,
1435 1596 1490 1641 ad
1518 1613 1619 1641 eum
1641 1596 1795 1640 admo-

397 1668 593 1712 nendum
625 1679 843 1729 quantum
876 1670 914 1713 ei
943 1668 1143 1728 expediat
1170 1669 1332 1712 habere
1360 1668 1598 1712 Dominum
1626 1671 1790 1723 Deum,

395 1740 480 1784 1100
508 1750 593 1794 est,
629 1741 711 1784 sub
740 1743 833 1802 ejus
861 1741 1160 1785 dominatione
1181 1738 1439 1784 obedienter
1468 1739 1634 1794 vivere,
1660 1753 1793 1799 quam

398 1810 622 1856 licentiose
655 1813 775 1857 abuti
812 1813 989 1872 propria
1029 1821 1270 1872 potestate,
1306 1827 1524 1872 nusquam
1557 1812 1642 1855 hoc
1675 1811 1795 1870 prius

400 1899 561 1942 ponere
577 1883 739 1939 voluit,
766 1884 847 1928 nisi
869 1885 947 1928 ubi
969 1893 1228 1943 perventum
1252 1892 1315 1927 est
1337 1883 1392 1927 ad
1410 1883 1572 1926 eumin
1594 1882 1795 1942 paradiso

395 1953 703 2000 collocandum
718 1991 728 2010 ‚
749 1954 1021 2015 operandum
1043 1964 1086 1999 et
1107 1954 1446 1999 custodiendum
1464 1974 1472 1999 z
1498 1963 1549 1998 ut
1565 1970 1656 1998 non
1674 1953 1795 1998 dice-

396 2036 462 2070 ret
490 2027 602 2071 sicut
634 2036 678 2071 et
709 2036 862 2072 caetera
896 2027 1038 2071 omnia
1080 2027 1305 2086 superius:
1334 2045 1354 2068 »
1381 2029 1439 2071 Et
1465 2025 1649 2086 sumpsit
1681 2029 1795 2070 Deus

400 2114 422 2137 »
456 2097 681 2142 hominem
705 2133 716 2151 .,
743 2113 875 2158 quem
896 2096 1020 2153 fecit,
1042 2097 1155 2141 »sed
1175 2096 1366 2142 diceret:
1390 2116 1409 2138 »
1432 2100 1490 2141 Et
1505 2097 1689 2156 sumpsit
1712 2100 1795 2142 Do-

402 2188 422 2211 »
458 2171 602 2214 minus
634 2174 748 2215 Deus
777 2171 1002 2216 hominem
1019 2206 1029 2226 ,
1055 2185 1189 2231 quem
1215 2168 1342 2224 fecit,
1369 2178 1413 2213 et
1443 2169 1589 2228 posuit
1622 2184 1724 2212 cum
1747 2168 1794 2212 111

401 2259 421 2282 »
456 2241 656 2300 paradiso
670 2242 838 2301 operari
857 2257 973 2295 eum,
994 2260 1013 2281 )›
1036 2251 1086 2285 ut
1094 2243 1237 2301 justus
1256 2249 1379 2295 esset,
1405 2259 1425 2281 «
1442 2243 1499 2284 Et
1516 2238 1750 2296 custodire⁷
1769 2258 1790 2280 »

396 2322 448 2357 ut
464 2322 585 2357 tutus
608 2323 717 2357 esset
733 2349 743 2368 ,
770 2314 862 2373 ipsa
879 2313 1032 2373 utique
1055 2312 1354 2357 dominatione
1377 2327 1453 2356 sua
1470 2348 1480 2367 ‚
1504 2327 1603 2373 quae
1620 2327 1709 2355 non
1728 2321 1793 2355 est

396 2383 475 2439 illi,
494 2384 570 2428 sed
592 2384 717 2428 nobis
735 2384 868 2428 utilis.
896 2383 975 2428 Ille
991 2385 1155 2445 quippe
1174 2393 1320 2428 nostra
1338 2384 1545 2428 servitute
1563 2398 1653 2427 non
1672 2381 1791 2426 indi-

399 2465 471 2515 get
485 2492 496 2511 7
528 2471 606 2501 nos
626 2472 730 2501 vero
756 2455 1055 2501 dominatione
1077 2455 1191 2501 illius
1216 2456 1465 2515 indigemus
1480 2491 1492 2513 ⁷
1516 2465 1567 2500 ut
1589 2463 1793 2516 operetur

451 2560 461 2576 ¹
482 2556 561 2587 Gen.
582 2565 616 2596 11,
645 2555 696 2588 15.
