1854 3219
376 215 459 255 250
819 227 852 252 s.
891 223 1121 253 AUGUSTINI
1154 226 1337 253 EPISCOPI

376 293 586 354 pabulum
611 291 699 349 agri
722 300 765 334 ct
790 290 954 335 si'uctus
974 291 1094 349 ligni.
1127 290 1196 336 Ad
1225 292 1306 335 hoe
1330 290 1444 334 enini
1468 290 1632 347 intulit,
1661 311 1680 333 >›
1708 296 1765 338 Et

379 385 397 406 »
434 364 492 408 5ἰο
515 372 577 407 est
597 363 773 416 factum,
800 380 817 402 »
834 362 955 422 quod
972 362 1026 406 ab
1055 362 1129 407 iiio
1151 362 1247 407 loeo
1270 363 1564 417 inchoaverat,
1585 364 1660 407 ubi
1679 365 1738 409 ait
1757 385 1764 408 :

379 457 398 478 «
433 438 487 479 Et
503 434 612 478 dixit
626 437 761 478 Deus:
780 436 891 477 Ecce
911 432 1010 477 dedi
1030 435 1151 478 vobis
1172 433 1384 493 pabulum
1402 433 1622 489 seminale,
1640 444 1723 478 etc.
1746 453 1765 476 >›

373 510 481 552 Nam
505 506 538 549 si
562 504 616 549 ad
637 505 784 549 omnia
807 521 906 565 quae
929 520 1059 565 supra
1083 505 1197 550 dicta
1223 514 1323 549 sunt
1351 504 1627 549 retulerimus
1649 506 1770 566 quod

373 578 453 622 ait:
472 596 491 617 »
518 580 574 621 Et
591 576 649 621 sic
672 585 736 620 cst
751 576 946 634 factum3
974 594 993 618 »
1020 592 1291 637 consequens
1313 577 1395 620 crit
1411 585 1460 620 ut
1478 577 1770 622 confiteamur

372 649 501 694 etiam
523 648 704 693 crevisse
727 646 822 692 illos
850 649 962 709 jani,
989 658 1033 693 et
1061 647 1373 708 multiplicatos
1402 647 1648 708 implevisse
1680 658 1770 693 ter-

372 737 465 765 ram
490 721 534 764 in
556 720 711 765 eodem
739 729 859 765 sexto
883 719 977 778 die,
1004 719 1126 781 quod
1150 720 1302 763 eadem
1335 719 1559 780 Scriptura
1584 729 1772 764 testante

370 802 468 852 post
495 791 656 837 multos
690 807 825 836 annos
858 791 1024 836 factum
1060 790 1320 836 invenimus.
1353 793 1632 852 Quapropter
1667 807 1772 836 cum

371 862 470 908 data
501 873 612 908 esset
636 865 730 908 haec
753 862 936 908 facultas
957 861 1132 917 edendi,
1160 872 1203 906 et
1224 863 1309 907 hoc
1329 866 1419 907 Deo
1443 861 1621 908 dicente
1636 863 1772 908 homo

371 936 663 996 cognovisset,
689 935 871 991 dieitur,
899 955 918 976 »
946 939 1002 980 Et
1024 935 1082 980 sic
1101 945 1165 980 est
1188 934 1372 990 factum,
1402 953 1422 976 »
1444 935 1489 979 in
1511 936 1599 980 hoc
1614 936 1771 996 utique

370 1006 491 1068 quod
518 1012 602 1052 Deo
628 1007 801 1052 dicente
830 1008 963 1052 homo
986 1007 1206 1066 cognovit.
1241 1009 1352 1052 Nam
1381 1007 1413 1051 si
1435 1005 1483 1051 id
1504 1006 1635 1051 etiam
1664 1016 1772 1051 tunc

370 1079 538 1139 egisset,
559 1079 606 1124 id
627 1089 707 1135 est,
728 1079 773 1123 in
790 1095 932 1124 escam
955 1078 1029 1123 illa
1046 1094 1147 1139 quae
1165 1077 1267 1123 data
1289 1087 1392 1122 sunt
1406 1078 1538 1123 etiam
1554 1078 1770 1123 vescendo

371 1151 687 1211 assumpsisset,
720 1159 963 1195 servaretur
1003 1149 1075 1194 illa
1106 1148 1382 1194 consuetudo
1421 1150 1684 1210 Scripturae,
1720 1159 1771 1194 ut

370 1232 656 1283 posteaquam
675 1222 841 1266 dictum
855 1231 919 1265 est
938 1242 946 1266 2
973 1240 992 1263 «
1009 1224 1068 1265 Et
1084 1221 1142 1265 sic
1166 1230 1229 1265 est
1246 1219 1430 1277 sactum,
1452 1221 1611 1282 »quod
1628 1221 1682 1265 ad
1695 1237 1770 1265 ex-

368 1292 642 1353 primendam
656 1292 978 1353 praecedentem
997 1292 1295 1351 cognitionem
1314 1293 1518 1352 pertinet,
1535 1290 1695 1337 deinde
1708 1292 1772 1336 in-

369 1364 556 1409 ferretur
578 1365 706 1410 etiam
730 1366 820 1425 ipsa
838 1365 1048 1425 operatio,
1066 1380 1114 1409 ac
1130 1364 1370 1409 diceretur:
1395 1385 1413 1408 (ς
1432 1367 1489 1410 Et
1507 1374 1772 1425 acceperunt

371 1444 414 1479 et
431 1435 631 1480 ederunt.
653 1454 672 1477 i»
692 1440 868 1480 Poterat
888 1436 1005 1480 enim
1020 1436 1079 1480 ita
1097 1434 1200 1490 diei,
1219 1436 1384 1480 etiamsi
1403 1451 1493 1481 non
1516 1451 1663 1480 rursus
1681 1451 1770 1480 00-

370 1510 610 1554 minaretur
624 1513 752 1555 Deus.
773 1510 893 1554 Sicut
910 1510 955 1552 in
973 1507 1049 1553 illo
1071 1508 1169 1553 1000
1186 1518 1473 1569 posteaquam
1490 1508 1661 1553 dictum
1676 1518 1740 1553 est
1758 1528 1767 1554 :

374 1603 394 1624 «
428 1583 731 1641 Congregetur
749 1597 862 1642 aqua
884 1597 984 1642 quae
1006 1581 1087 1625 sub
1109 1580 1225 1625 coelo
1247 1581 1370 1625 estin
1388 1581 1770 1640 congregationem

375 1673 396 1695 »
432 1669 566 1698 unam
599 1662 643 1697 et
677 1662 882 1714 appareat
912 1652 1061 1711 arida,
1090 1671 1109 1694 ³>
1137 1652 1430 1709 subinfertur,
1471 1673 1492 1695 «
1523 1656 1580 1698 Et
1612 1654 1672 1698 sie
1706 1663 1770 1698 est

372 1744 392 1767 »
429 1724 595 1769 factum
615 1745 623 1769 :
654 1744 672 1766 »
700 1741 747 1769 ac
767 1723 926 1769 deinde
949 1740 1038 1768 non
1055 1723 1231 1779 dicitur,
1254 1728 1344 1769 «Et
1360 1724 1464 1769 fecit
1486 1728 1627 1783 Deus,
1652 1744 1671 1766 »
1693 1724 1769 1769 sed

369 1806 516 1841 tamen
534 1797 593 1840 ita
623 1796 858 1856 repetitur,
889 1816 908 1838 «
933 1798 991 1841 Et
1012 1805 1271 1854 congregata
1292 1806 1357 1841 est
1379 1812 1492 1857 aqua
1514 1797 1560 1840 in
1582 1811 1767 1855 congre·
1822 1843 1823 1846 ,

371 1888 391 1909 »
427 1869 620 1928 gationes
642 1884 760 1924 suas,
782 1878 866 1913 etc.
906 1887 926 1910 »

375 2026 1766 2044 QwUMWWUNWWWWWWWWWWWUNWENm¹WWWstmWWWWWWWWWW

837 2150 1054 2199 CAPUT
1092 2150 1276 2197 XXW.

373 2298 472 2342 Cur
492 2294 550 2341 de
571 2295 761 2341 homine
773 2312 868 2341 non
885 2294 1182 2358 singulatim,
1199 2295 1270 2339 ιιίί
1288 2292 1348 2338 de
1365 2295 1568 2350 coeteris,
1586 2292 1764 2339 clictzmz

674 2368 760 2412 sit:
786 2367 905 2412 Vidit
930 2370 1044 2411 Deus
1066 2368 1167 2427 quia
1190 2366 1358 2411 bonum
1381 2375 1460 2410 est.

424 2508 631 2551 XXXVI.
668 2509 794 2559 Quon
829 2514 976 2549 autem
1006 2521 1095 2549 non
1129 2502 1401 2563 singulatim,
1428 2513 1479 2547 ut
1505 2503 1551 2547 in
1573 2502 1759 2557 caeteris,

367 2578 495 2621 ctiam
519 2577 573 2620 (10
597 2578 787 2621 humana
806 2586 1003 2621 creatura
1028 2575 1155 2620 dixit:
1182 2595 1201 2617 (ι
1228 2578 1283 2619 Et
1306 2573 1414 2619 vidit
1434 2577 1548 2618 Deus
1566 2575 1668 2633 quia
1686 2574 1762 2617 ,bo-
