1854 3219
354 257 408 284 oz
439 255 590 284 ennnst
623 253 677 281 Αι)
709 253 953 293 mmmmm,
989 255 1071 282 mn.
1108 256 1187 282 xii.
1374 243 1456 282 583

79 373 147 390 mm
151 370 1460 390 wmwwwwmmmwwmwwmmmmmwwmwssm

592 468 812 520 CAPUT
850 472 967 519 XII·

398 590 679 652 ,Corporalis
699 600 747 641 et
766 591 998 652 spiritalis
1017 594 1151 638 visio.

138 717 279 765 XXV.
306 718 392 764 SED
411 731 515 762 cum
531 716 774 777 vigilantes,
794 733 938 778 neque
954 727 1101 762 mente
1119 733 1142 762 a
1159 716 1354 762 sensibus
1371 732 1465 762 cor-

79 789 195 852 poris
216 787 416 847 alienata,
442 789 488 833 in
508 789 672 834 visione
688 788 900 850 corporali
917 805 1081 846 sumum,
1105 788 1389 834 discernimus
1406 789 1462 834 ab

78 876 129 912 ea
144 860 355 909 visionem
378 859 628 920 spiritalem,
654 877 741 922 qua
762 877 943 922 corpora
965 862 1157 906 absentia
1174 860 1464 920 imaginaliter

77 931 318 989 cogitamus
340 931 429 976 sive
451 931 699 976 memoriter
721 933 996 977 recordantes
1017 948 1117 992 quae
1141 932 1356 987 novimus,
1377 931 1465 977 sive

79 1018 179 1063 quae
205 1017 295 1046 non
316 1001 516 1046 novimus
537 1011 580 1046 et
607 1011 753 1048 tamen
774 1011 900 1058 sunt,
925 1002 971 1046 in
991 1003 1079 1062 ipsa
1103 1002 1277 1062 spiritus
1300 1002 1464 1061 cogita-

78 1072 198 1117 tione
224 1080 464 1132 utcumque
494 1070 757 1128 formantes,
791 1073 880 1118 sive
906 1088 1005 1134 quae
1038 1072 1217 1117 omnino
1250 1086 1466 1132 nusquam

78 1151 196 1199 sunt,
207 1158 287 1203 pro
304 1142 483 1187 arbitrio
495 1141 562 1187 vel
576 1143 827 1203 opinatione
841 1144 1068 1202 fingentes.
1091 1143 1160 1193 Ab
1174 1142 1241 1187 his
1260 1142 1466 1187 omnibus

77 1213 138 1258 ita
161 1212 445 1258 discernimus
462 1212 535 1258 illa
557 1213 812 1275 corporalia,
837 1230 937 1275 quae
956 1213 1169 1270 videmus,
1186 1213 1285 1257 etin
1306 1213 1467 1274 quibus

78 1283 368 1345 praesentibus
387 1293 490 1328 sunt
503 1300 651 1329 sensus
665 1285 857 1345 eorporis
871 1284 1023 1339 nostri,
1043 1292 1195 1328 utnon
1214 1282 1467 1329 dubitemus

76 1355 174 1401 haec
206 1369 296 1398 esse
328 1370 534 1415 corpora,
567 1353 661 1399 illas
693 1371 797 1401 vero
828 1356 1034 1414 imagines
1068 1370 1317 1415 corporum.
1354 1356 1468 1402 Cum

79 1435 226 1471 autem
259 1424 329 1470 vel
366 1426 500 1470 nimia
533 1426 804 1484 cogitationis
836 1426 1100 1481 intentione,
1139 1425 1210 1471 vel
1244 1425 1388 1486 aliqua
1425 1426 1467 1471 vi

78 1495 237 1551 morbi,
264 1504 314 1539 ut
335 1496 596 1556 phreneticis
610 1512 686 1556 per
704 1495 873 1542 febrem
895 1495 1091 1541 accidere
1113 1495 1237 1552 solet,
1262 1496 1331 1541 vel
1349 1512 1468 1541 com-

78 1567 288 1612 mixtione
315 1569 574 1629 cujusquam
603 1567 779 1612 alterius
803 1568 976 1628 spiritus
1005 1584 1081 1612 seu
1103 1567 1208 1612 mali
1236 1584 1313 1612 seu
1338 1568 1465 1624 boni,

78 1638 139 1682 ita
161 1637 454 1698 corporalium
478 1654 625 1682 rerum
650 1638 697 1683 in
718 1638 872 1699 spiritu
901 1639 1207 1698 exprimuntur
1234 1638 1465 1698 imagines,

78 1719 290 1770 tanquam
322 1709 422 1769 ipsis
455 1710 646 1770 corporis
678 1710 872 1754 sensibus
911 1726 1091 1770 corpora
1127 1719 1467 1770 praesententur,

78 1789 285 1825 manente
302 1789 452 1824 tamen
475 1781 604 1825 etiam
626 1780 672 1824 in
689 1780 886 1825 sensibus
909 1781 1100 1840 corporis
1120 1780 1388 1825 intentione:
1409 1781 1469 1825 sic

79 1851 293 1897 videntur
316 1866 416 1912 quae
436 1852 482 1895 in
504 1851 664 1911 spiritu
682 1852 796 1895 fiunt
811 1851 1017 1910 imagines
1035 1867 1268 1912 corporum
1282 1887 1293 1908 ,
1314 1867 1470 1913 quem-

80 1921 320 1967 admodum
344 1938 526 1982 corpora
549 1922 639 1981 ipsa
661 1937 739 1981 per
764 1938 946 1982 corpus3
967 1923 1026 1966 ita
1047 1932 1097 1967 ut
1122 1923 1250 1967 simul
1269 1933 1471 1968 cernatur

80 2002 124 2038 et
140 1994 274 2046 homo
294 1989 452 2054 ⁴aliquis
472 2009 661 2052 praesens
679 1993 831 2047 oculis,
853 2003 896 2037 et
913 1993 1066 2038 absens
1085 1993 1193 2038 alius
1208 1995 1361 2054 spiritu
1379 2004 1473 2039 tan-

79 2080 212 2125 quam
221 2062 371 2108 oculis.
387 2066 496 2108 Nam
505 2063 668 2122 experti
681 2079 829 2107 sumus
840 2064 897 2107 sic
907 2064 1101 2119 affectos,
1117 2074 1269 2109 etcum
1282 2065 1340 2109 eis
1354 2064 1475 2109 locu-

81 2143 146 2179 tos
164 2134 241 2194 qui
256 2149 356 2178 vere
374 2133 570 2188 aderant,
588 2143 631 2177 et
642 2149 741 2178 cum
756 2134 846 2179 aliis
860 2135 1037 2195 quinon
1050 2135 1245 2191 aderant,
1261 2145 1470 2197 tanquam

80 2204 293 2249 adessent.
320 2204 635 2264 Resipiscentes
663 2214 808 2248 autem
831 2205 964 2266 aliqui
984 2205 1179 2250 referunt
1198 2206 1319 2267 quod
1336 2206 1471 2251 vidis-

80 2284 192 2329 sent⁷
210 2274 344 2335 aliqui
358 2290 446 2319 non
465 2284 661 2334 possunt.
689 2275 757 2320 Sic
779 2276 895 2320 enim
912 2285 955 2320 et
971 2277 1137 2321 somnia
1162 2277 1342 2337 quidam
1358 2278 1470 2322 obli-

79 2346 332 2401 viscuntur,
361 2345 543 2406 quidam
572 2346 880 2391 meminerunt.
911 2347 1098 2400 Quando
1121 2357 1268 2392 autem
1292 2349 1468 2408 penitus

80 2415 293 2462 avertitur
314 2425 444 2476 atque
467 2415 680 2476 abripitur
698 2417 831 2461 animi
847 2417 1031 2462 intentio
1049 2434 1072 2461 a
1092 2418 1288 2462 sensibus
1309 2434 1469 2478 corpo-

80 2486 139 2532 ris
154 2521 166 2542 ,
191 2496 298 2531 tunc
319 2487 460 2547 magis
486 2488 638 2532 extasis
665 2487 748 2532 dici
765 2488 888 2533 solet.
911 2491 1033 2533 Tunc
1054 2489 1232 2534 omnino
1248 2504 1472 2549 quaecum-

51 2568 56 2572 ”
82 2573 168 2617 que
199 2559 285 2603 sint
307 2559 533 2618 praesentia
558 2575 761 2619 corpora,
790 2561 919 2605 etiam
944 2561 1195 2620 patentibus
1218 2560 1353 2605 oculis
1380 2576 1465 2605 non
