1854 3219
376 177 456 214 130
814 190 846 216 s.
886 189 967 218 Arc
978 192 1113 219 [5'1'1151
1148 193 1326 221 episcom

370 348 440 364 ΜΜ
444 348 511 364 M!
516 347 582 364 νυνὶ
587 348 653 365 Qu&
659 349 725 366 SM!
730 349 796 366 m}
802 350 939 368 Μὶννὶινὶ
943 352 1080 370 ἏΜΝΙΊΛΊ
1085 353 1152 370 W
1156 354 1293 371 ΜὶνυἋ
1297 353 1365 371 »vm
1371 353 1766 371 msummmxmmm

865 461 1084 513 CAPUT
1120 466 1286 516 XVII.

369 604 448 654 De
460 605 675 668 spiritali
686 605 790 654 luce
805 606 1076 673 dg'ffi'eultas,
1089 609 1330 670 quomodo
1348 611 1394 656 z‘n
1409 627 1469 657 ea
1486 612 1548 658 sit
1559 627 1763 673 vespera

654 689 700 725 et
721 696 887 738 mane,
914 680 1177 743 divisioque
1198 699 1230 728 a
1255 681 1477 728 tenebris.

427 819 616 864 XXXII.
636 822 680 865 S1
695 830 840 865 autem
859 820 1061 882 spiritalis
1079 820 1155 866 lux
1168 822 1282 867 facta
1296 831 1375 877 est,
1390 837 1490 866 cum
1509 820 1761 867 dixitDeus:

370 910 390 933 «
426 890 522 935 Fiat
535 890 610 935 lux
625 912 636 949 3
660 910 679 932 n
698 908 788 937 non
801 890 874 937 illa
891 908 992 937 vera
1011 893 1127 937 Patri
1143 902 1360 937 coaeterna
1379 892 1665 952 intelligenda
1682 902 1761 948 est,

365 977 443 1023 per
459 978 594 1023 quam
612 962 727 1008 facta
749 972 850 1008 sunt
874 964 1042 1020 omnia,
1069 973 1113 1008 et
1130 981 1228 1025 quae
1250 963 1470 1009 illuminat
1491 979 1667 1009 omnem
1688 964 1766 1009 ho-

363 1033 528 1078 minem
544 1056 554 1092 3
575 1033 740 1080 sedilia
758 1035 812 1080 de
829 1052 916 1098 qua
933 1036 1018 1080 dici
1032 1037 1192 1097 potuit,
1219 1056 1238 1080 ι(
1264 1036 1387 1086 Prior
1402 1036 1601 1081 omnium
1622 1044 1766 1080 creata

368 1124 387 1146 «
424 1115 488 1150 est
513 1106 773 1167 Sapientia¹.
805 1127 821 1149 »
844 1109 957 1152 Cum
981 1108 1096 1152 enim
1119 1117 1283 1152 aeterna
1303 1106 1378 1152 illa
1399 1117 1443 1152 et
1473 1108 1765 1152 incommuta-

364 1176 491 1234 bilis⁷
515 1194 615 1239 quae
650 1195 740 1224 non
770 1189 833 1224 est
859 1178 995 1236 facta,
1027 1181 1103 1225 sed
1133 1180 1275 1239 genita
1300 1180 1517 1240 Sapientia
1533 1215 1544 1236 ‚
1569 1180 1614 1224 in
1636 1179 1765 1240 spiri-

362 1248 470 1294 tales
493 1259 625 1311 atque
647 1250 879 1296 rationales
914 1261 1132 1297 creaturas
1148 1287 1158 1307 ‚
1191 1252 1304 1297 sicut
1330 1251 1377 1295 in
1409 1252 1574 1296 animas
1597 1260 1765 1297 sanctas

362 1337 407 1366 se
430 1322 658 1379 transfert,
684 1332 735 1367 ut
756 1322 1016 1368 illuminatae
1037 1323 1185 1368 lucere
1199 1323 1365 1383 possint
1384 1358 1395 1379 ⁷
1418 1322 1468 1367 fit
1489 1323 1534 1367 in
1554 1322 1613 1367 eis
1639 1339 1765 1383 quae-

363 1391 467 1437 dam
492 1393 731 1439 luculentas
762 1395 941 1439 rationis
970 1395 1166 1450 affectio,
1204 1410 1303 1455 quae
1325 1403 1470 1454 potest
1491 1393 1628 1454 accipi
1650 1394 1766 1440 facta

362 1462 438 1510 lux
453 1500 464 1521 ‚
485 1481 588 1510 cum
611 1465 775 1510 diceret
797 1469 933 1512 Deus:
964 1486 984 1508 «
1010 1467 1107 1510 Fiat
1129 1466 1204 1510 lux
1222 1487 1232 1524 3
1256 1484 1276 1507 »
1298 1466 1332 1510 si
1343 1466 1435 1526 jam
1452 1475 1544 1510 erat
1566 1475 1765 1512 creatura

363 1537 584 1598 spiritalis,
620 1555 720 1599 quae
753 1539 930 1584 nomine
963 1538 1063 1583 coeli
1096 1539 1336 1598 significata
1367 1548 1453 1594 est,
1484 1539 1531 1582 in
1558 1554 1610 1583 eo
1642 1536 1765 1600 quod

362 1609 577 1669 scriptum
598 1619 682 1654 est:
705 1630 725 1652 ι(
742 1613 793 1654 In
808 1610 1024 1670 principio
1044 1609 1145 1655 fecit
1164 1614 1276 1655 Deus
1294 1609 1459 1654 coelum
1477 1619 1520 1654 et
1536 1619 1719 1669 terram3
1738 1629 1759 1653 »

363 1696 454 1726 non
488 1697 748 1742 corporeum
786 1681 949 1726 coelum
963 1717 973 1737 ,
1013 1681 1089 1726 scd
1126 1682 1290 1726 coelum
1326 1681 1634 1742 incorporeum
1662 1681 1763 1727 coeli

364 1753 583 1812 corporei,
605 1754 689 1797 hoc
712 1762 796 1806 est,
819 1769 948 1813 super
971 1769 1099 1797 omne
1122 1769 1279 1813 corpus
1296 1789 1306 1808 ,
1331 1769 1422 1797 non
1443 1753 1641 1798 locorum
1665 1769 1763 1813 gra-

364 1823 520 1879 dibus,
559 1822 636 1871 sed
663 1834 832 1868 naturae
861 1824 1130 1868 sublimitate
1155 1825 1454 1884 prfcpositum.
1488 1827 1586 1878 Quo
1615 1834 1763 1869 autem

362 1894 495 1940 modo
518 1894 648 1939 simul
672 1895 764 1939 fieri
790 1895 936 1955 potuit
958 1904 1001 1939 et
1028 1894 1150 1955 quod
1172 1894 1510 1952 illuminaretur,
1537 1906 1581 1940 et
1601 1896 1692 1961 ipsa
1713 1896 1763 1941 il-

363 1967 610 2023 luminatio7
626 1983 674 2012 ac
693 1967 863 2012 diverso
884 1977 1079 2027 tempore
1102 1966 1319 2011 narranda
1337 1967 1492 2024 fuerit,
1512 1966 1644 2028 paulo
1660 1977 1761 2013 ante

363 2037 575 2094 diximus,
602 2054 703 2083 cum
717 2037 772 2083 de
794 2038 974 2082 materia
992 2047 1291 2086 tractaremus.

422 2112 635 2154 XXXIII.
652 2109 736 2156 Sed
750 2111 852 2154 huic
870 2109 957 2154 luci
977 2109 1285 2154 succedentem
1307 2118 1499 2165 noctem,
1515 2119 1565 2155 ut
1583 2126 1761 2171 vespera

361 2181 510 2238 fieret7
531 2198 620 2243 quo
634 2191 763 2242 pacto
785 2181 1050 2226 intellecturi
1073 2182 1251 2225 sumus?
1268 2184 1306 2224 A
1324 2181 1514 2226 tenebris
1531 2198 1635 2227 vero
1651 2199 1761 2244 qua-

346 2254 477 2299 libus
505 2254 601 2299 talis
624 2253 700 2298 lux
723 2253 857 2298 dividi
881 2253 1049 2314 potuit,
1078 2252 1249 2297 dicente
1284 2253 1533 2313 Scriptura:
1565 2274 1584 2297 α
1610 2258 1667 2299 Et
1688 2254 1759 2299 di·-

364 2347 387 2370 «
420 2327 520 2372 visit
552 2330 666 2371 Deus
700 2326 813 2369 inter
841 2325 987 2369 lucem
1018 2341 1067 2369 ac
1099 2325 1332 2368 tenebras?
1365 2342 1383 2366 »
1410 2325 1637 2386 Numquid
1665 2327 1758 2387 jam

361 2408 485 2443 erant
507 2407 757 2458 peccatores
787 2406 829 2441 et
860 2396 981 2441 stulti
1015 2395 1264 2440 decidentes
1296 2412 1318 2440 a
1349 2394 1515 2441 lumine
1536 2398 1725 2442 veritatis
1743 2434 1754 2454 ‚

361 2471 474 2515 inter
496 2486 605 2532 quos
628 2479 671 2515 et
699 2468 742 2513 in
762 2468 914 2514 eadem
935 2467 1034 2513 luce
1056 2477 1359 2529 permanentes
1382 2468 1595 2514 divideret
1616 2473 1753 2526 Deus,

410 2573 421 2591 ¹
440 2567 534 2601 lic-cli.
556 2578 580 2610 1,
608 2566 631 2609 ᾗ.
