1854 3219
366 205 419 232 DE
450 202 658 232 DOCTRINA
690 199 942 229 CHRISTIANA
977 202 1057 229 Lm.
1095 202 1160 227 ΙΙΙ.
1396 188 1450 227 23

562 470 780 520 CAPUT
815 471 981 520 XVII.

73 617 194 665 Alia
235 616 456 664 omnibu-‘5
488 617 804 663 communiter
819 650 835 672 ,
877 613 982 660 alia
1024 611 1229 677 Singulis
1264 613 1462 659 seorsim

656 686 871 747 praecipi.

132 828 273 872 XXV.
297 827 414 872 SAEPE
432 833 579 869 autem
597 823 773 880 accidit,
796 832 847 868 ut
862 819 1056 884 quisquis
1069 823 1114 866 in
1133 821 1301 867 meliori
1324 821 1464 882 gradu

77 896 279 958 spiritalis
297 896 397 942 vitae
411 894 481 941 vel
494 903 579 950 est,
604 894 677 939 vel‘
695 909 785 939 esse
806 909 849 938 se
870 902 1024 954 putat,
1039 894 1223 953 figurate
1241 891 1357 937 dicta
1375 907 1465 937 esse

75 969 332 1024 arbitretur,
367 983 468 1028 quae
498 965 776 1011 inferioribus
804 965 1010 1025 gradibus
1041 965 1384 1026 praecipiuntur3
1415 972 1468 1009 ut

74 1041 195 1087 verbi
219 1039 378 1099 gratia,
408 1039 444 1083 si
466 1037 671 1083 coelibem
701 1038 925 1098 amplexus
956 1047 1022 1082 est
1040 1038 1202 1093 vitam,
1228 1046 1272 1081 et
1298 1051 1343 1080 se
1370 1051 1467 1080 cas—

75 1111 206 1157 travit
224 1119 402 1171 propter
422 1124 605 1168 regnum
627 1108 842 1154 coelorum
858 1144 868 1164 ,
894 1107 1112 1170 quidquid
1133 1107 1188 1152 de
1206 1122 1341 1152 uxore
1362 1106 1466 1151 dili-

83 1183 224 1241 genda
251 1191 294 1226 et
323 1180 513 1241 regenda
541 1180 679 1225 sancti
702 1180 819 1224 Libri
841 1180 1130 1239 praecipiunt,
1167 1195 1257 1223 non
1291 1179 1467 1239 proprie

75 1254 152 1300 scd
169 1252 374 1297 translate
396 1251 533 1311 accipi
555 1261 755 1311 oportere
779 1250 1018 1296 contendat
1043 1269 1052 1295 ;
1073 1259 1117 1294 et
1143 1250 1179 1294 si
1200 1250 1296 1311 quis
1317 1250 1469 1294 statuit

75 1339 245 1371 servare
276 1324 519 1383 innuptam*
552 1323 766 1381 virginem
800 1337 950 1377 suam,
989 1331 1203 1381 tanquam
1236 1322 1467 1379 figuratam

77 1397 344 1443 locutionem
366 1405 550 1440 conetur
571 1394 846 1454 interpretari
868 1409 954 1454 qua
982 1393 1150 1437 dictum
1173 1401 1261 1437 est:
1283 1412 1304 1435 «
1328 1393 1468 1437 Trade

80 1486 101 1511 »
135 1467 292 1523 filiam,
313 1475 356 1511 et
378 1465 542 1526 grande
565 1456 969 1526 opus'perfeceris1.
999 1482 1019 1505 »
1050 1464 1147 1508 Erit
1174 1464 1308 1523 igitur
1339 1464 1469 1508 etiam

77 1538 160 1584 l‘ioc
181 1539 228 1582 in
245 1537 620 1583 observationibus
635 1535 1019 1596 intelligendarum
1039 1535 1362 1595 scripturarum
1379 1570 1390 1591 ‚
1416 1544 1467 1579 ut

79 1611 261 1656 sciamus
293 1609 372 1654 alia
407 1609 611 1654 omnibus
643 1608 934 1653 communiter
956 1606 1149 1667 praecipi,
1171 1605 1254 1649 alia
1285 1605 1467 1665 singulis

30 1706 33 1707 ⁷
78 1682 325 1744 quibusque
349 1681 580 1741 generibus
608 1683 914 1741 personarum,
940 1688 991 1723 ut
1014 1694 1104 1723 non
1126 1676 1267 1722 solum
1291 1677 1347 1721 ad
1368 1678 1469 1721 uni-

78 1769 251 1799 versum
274 1761 436 1797 statum
451 1752 736 1808 valetudinis,
762 1752 838 1796 sed
867 1751 998 1796 etiam
1021 1749 1076 1794 ad
1105 1765 1227 1794 suam
1256 1750 1469 1810 cujusque

79 1823 266 1869 membri
281 1823 503 1884 propriam
515 1823 813 1868 infirmitatem
830 1822 1044 1867 medicina
1061 1822 1292 1882 pertineat.
1320 1823 1373 1865 In
1386 1835 1465 1865 suo

81 1895 243 1957 quippe
267 1910 424 1954 genere
445 1895 692 1941 curandum
711 1904 800 1951 est,
825 1894 947 1957 quod
969 1893 1025 1939 ad
1044 1893 1199 1938 melius
1219 1908 1354 1953 genus
1377 1908 1469 1938 non

81 1975 224 2028 potest
244 1966 366 2026 erigi.

131 2071 141 2089 ¹
161 2064 259 2098 Eccli.
279 2076 334 2107 vn,
355 2072 409 2107 27.
