1854 3219
360 231 415 259 nn
447 230 600 259 animm
632 230 687 259 An
719 232 965 272 mmmmm,
1001 234 1083 262 Lm.
1121 236 1181 262 xi.
1376 225 1455 264 557

73 293 221 338 tentia.
248 296 352 340 Haec
375 294 522 356 itaque
545 295 680 340 verba
703 297 927 356 quomodo
951 298 1099 357 figuris
1121 299 1322 358 expositis
1346 301 1458 345 acci-

70 365 229 424 pienda
250 367 360 422 sint,
384 376 428 411 et
446 366 493 410 in
523 365 606 410 illis
627 366 800 412 duobus
820 368 1026 414 adversus
1047 370 1310 416 Manichaeos
1332 371 1458 416 editis

69 434 192 481 libris
209 436 264 481 de
286 437 468 486 Genesi.
505 446 720 498 quantum
751 439 974 498 potuimus
1008 440 1313 498 disseruimus,
1349 452 1391 487 et
1423 443 1457 487 si

69 505 177 566 quid
203 505 448 565 diligentius
476 517 520 552 et
541 509 851 567 congruentius
876 510 978 554 alias
1006 511 1276 569 potuerimus
1296 548 1306 567 ,
1343 515 1458 557 Deus

68 575 228 633 aderit,
248 585 299 622 ut
319 577 560 623 efficiamus
585 593 594 620 :
620 594 739 623 nunc
754 587 900 624 tamen
917 590 1063 625 nostra
1082 581 1265 626 intentio
1279 582 1324 626 in
1340 582 1457 628 aliud

67 662 201 708 quam
222 648 491 708 suscepimus
503 684 514 706 ,
535 647 660 695 nullo
678 649 892 708 exigente,
911 650 1144 696 avertenda
1162 660 1239 696 est.

72 804 101 825 W

457 807 1097 826 mmmmmwummm
1101 809 1457 829 mmmmm,

510 931 726 981 CAPUT
765 933 1028 981 XXXVII.

242 1061 403 1108 Poena
433 1060 659 1109 mulieris.
691 1090 747 1099 -
776 1063 1058 1110 Domc‘m'am
1096 1065 1274 1110 mariti.

124 1199 172 1242 L.
202 1216 221 1239 «
247 1200 310 1242 ΕΤ
328 1197 501 1243 mulieri
523 1198 630 1244 dixit
652 1219 660 1244 :
681 1200 976 1261 Multiplicans
995 1200 1300 1261 multiplicabo
1323 1201 1453 1245 tristi-

67 1286 88 1310 »
116 1267 194 1312 tias
222 1277 316 1313 tuas
339 1278 383 1313 et
404 1270 614 1328 gemitum
632 1279 784 1315 tuum:
815 1272 859 1315 in
888 1272 1072 1316 tristitiis
1090 1272 1227 1331 paries
1250 1271 1381 1326 filios,
1407 1282 1451 1317 et

66 1356 87 1380 »
109 1338 164 1383 ad
176 1339 319 1384 virum
331 1349 459 1384 tuum
478 1342 701 1387 conversio
714 1351 806 1397 tua,
822 1352 865 1387 et
880 1343 971 1402 ipse
991 1344 1055 1387 tui
1073 1343 1370 1388 dominabitur
1388 1346 1416 1387 ¹.
1427 1361 1448 1384 n

66 1412 170 1454 Haec
191 1426 369 1471 quoquc
390 1411 435 1454 in
456 1411 684 1456 mulierem
708 1413 785 1456 Dei
807 1413 960 1468 verba,
986 1414 1168 1471 figurate
1193 1430 1240 1458 ac
1263 1415 1454 1473 prophe-

64 1480 147 1525 tice
178 1480 319 1525 multo
345 1480 616 1526 commodius
652 1482 989 1542 intelliguntur:
1019 1493 1320 1529 verumtamen
1351 1485 1454 1545 quia

63 1550 261 1595 nondum
283 1561 510 1611 pepererat
530 1552 725 1603 foemina,
742 1568 822 1597 nec
846 1553 1025 1598 doloret
1048 1554 1232 1613 gemitus
1249 1555 1454 1614 parientis

63 1621 210 1665 nisiex
226 1636 407 1682 corpore
420 1623 568 1667 mortis
581 1631 659 1677 est,
679 1639 779 1683 quae
796 1622 868 1667 illa
888 1625 1094 1683 praecepti
1115 1624 1452 1683 transgressione

62 1701 273 1752 concepta
309 1701 394 1748 est,
435 1691 696 1737 animalibus
728 1692 908 1753 quidem
931 1694 1059 1737 etiam
1085 1703 1194 1738 tunc
1216 1694 1421 1739 membris
1438 1730 1448 1749 ,

62 1761 138 1807 sed
159 1762 194 1807 si
214 1763 347 1808 homo
368 1778 458 1808 non
488 1772 725 1822 peccasset,
753 1779 843 1808 non
859 1764 1014 1824 utique
1035 1766 1255 1809 morituris
1270 1801 1280 1819 ,
1303 1775 1345 1809 et
1368 1765 1452 1810 alio

61 1831 255 1892 quodam
276 1842 391 1878 statu
417 1831 610 1878 feliciore
645 1833 846 1889 victuris,
886 1833 1025 1879 donec
1048 1845 1145 1894 post
1170 1836 1305 1880 vitam
1339 1835 1453 1880 bene

62 1896 227 1962 gestam
238 1905 284 1949 in
303 1903 458 1949 melius
476 1905 636 1949 mutari
649 1915 946 1961 mererentur,
973 1906 1083 1951 sicut
1094 1907 1184 1966 jam
1201 1923 1329 1967 supra
1352 1907 1453 1966 plu-

62 1975 184 2019 ribus
214 1974 320 2020 locis
350 1975 688 2031 insinuavimus,
723 1974 909 2020 refertur
931 1976 1025 2020 haec
1049 1992 1183 2036 poena
1205 1986 1248 2020 et
1270 1976 1325 2020 ad
1347 1993 1453 2036 pro-

63 2045 292 2105 prietatem
312 2044 469 2090 litterae
491 2065 500 2090 2
525 2045 607 2090 nisi
630 2046 731 2105 quia
757 2045 803 2089 id
823 2045 943 2106 quod
965 2045 1132 2090 dietum
1155 2055 1218 2090 est
1233 2081 1243 2101 ,
1273 2065 1292 2088 «
1318 2050 1376 2091 Et
1397 2046 1453 2091 ad

66 2132 88 2157 »
112 2115 254 2160 virum
274 2124 402 2160 tuum
425 2116 649 2161 conversio
671 2125 770 2172 tua,
803 2125 845 2160 et
867 2117 958 2176 ipse
982 2115 1280 2161 dominabitur
1308 2118 1398 2172 tui,
1427 2136 1447 2158 n

62 2185 302 2230 videndum
319 2195 382 2230 est
395 2185 765 2246 quemadmodum
783 2187 957 2246 proprie
972 2188 1105 2246 possit
1126 2188 1276 2248 accipi.
1298 2191 1451 2248 Neque

65 2256 183 2300 enim
204 2265 248 2301 et
269 2265 369 2301 ante
387 2266 616 2316 peccatum
633 2292 644 2313 ,
666 2257 790 2302 aliter
806 2257 967 2302 factam
982 2257 1111 2302 fuisse
1132 2258 1259 2303 decet
1273 2259 1450 2304 credere

65 2324 314 2381 mulierem,
335 2326 416 2382 nisi
437 2336 487 2371 ut
498 2327 564 2372 vir
577 2326 615 2370 ei
636 2325 952 2383 dominaretur,
979 2337 1022 2372 et
1044 2327 1100 2372 ad
1120 2344 1220 2373 eum
1244 2329 1336 2388 ipsa
1358 2344 1449 2373 ser-

65 2394 224 2440 viendo
257 2405 596 2441 converteretur.
638 2397 723 2441 Sed
755 2407 871 2442 recte
897 2398 1033 2458 accipi
1060 2408 1202 2458 potest
1222 2400 1334 2444 hanc
1361 2415 1451 2442 ser-

67 2465 252 2510 vitutem
283 2466 565 2526 significatam
584 2502 595 2522 ,
621 2483 720 2528 quae
748 2468 974 2528 cujusdam
996 2469 1254 2514 conditionis
1282 2479 1344 2514 est
1366 2485 1448 2529 po-

119 2566 127 2584 ¹
153 2564 232 2595 Gen.
251 2573 298 2605 111,
322 2561 373 2596 16.
