1854 3219
394 158 474 199 134
837 172 870 198 s.
908 169 1136 199 Auens-rim
1169 172 1350 200 Emscom

389 243 592 280 vocatum
613 242 673 276 est
694 234 1014 279 firmamentum
1028 234 1187 279 coelum
1197 271 1211 291 ,
1232 245 1327 280 tum
1346 235 1502 279 dicitur
1517 270 1527 289 ‚
1557 255 1576 277 «
1594 238 1650 280 Et
1670 233 1780 280 vidit

390 324 412 347 »
448 309 562 349 Deus
583 304 684 363 quia
721 304 887 347 bonum
910 314 986 349 est.
1027 325 1045 346 η
1073 305 1201 358 Quod
1232 307 1263 350 si
1295 322 1384 350 non
1411 304 1570 350 fastidii
1591 304 1780 350 evitandi

390 375 526 435 gratia
569 374 631 417 ita
672 374 887 418 variatum
926 385 1010 430 est,
1059 375 1164 420 illud
1214 386 1329 420 certe
1374 376 1617 434 intelligere
1658 376 1780 435 eogi—

388 463 488 492 mur
521 445 643 507 quod
683 445 850 490 dictum
879 457 963 502 est,
989 467 1008 490 «
1040 451 1097 493 Et
1118 447 1222 492 fecit
1255 452 1369 494 Deus
1392 449 1538 492 onmia
1559 447 1731 492 simul¹.
1755 465 1775 488 »

395 522 539 573 Quare
560 518 829 577 enimprimo
851 518 913 562 ibi
934 519 1044 564 vidit
1060 520 1162 580 quia
1175 520 1342 564 bonum
1366 529 1450 574 est,
1473 527 1516 563 et
1533 528 1681 579 postea
1695 534 1778 564 no—

387 606 489 636 men
504 589 734 650 imposuit3
758 590 828 634 hie
851 599 995 635 autem
1009 592 1150 651 primo
1174 607 1337 636 nomen
1356 591 1567 650 imposuit
1582 626 1592 645 ‚
1617 599 1661 634 et
1677 605 1779 649 pos-

388 671 457 706 tea
480 660 591 706 vidit
611 660 713 721 quia
735 661 901 705 bonum
923 671 1008 707 est:
1035 663 1115 706 nisi
1132 663 1233 723 quia
1251 661 1323 705 illa
1343 660 1591 708 differentia
1614 661 1780 718 signifi-

388 742 458 777 cat
498 747 720 776 morarum
754 731 978 776 intervalla
1021 748 1110 777 non
1149 748 1238 776 esse
1279 732 1325 774 in
1380 732 1631 791 operatione
1673 732 1777 788 Dei,

389 802 586 863 quamvis
609 802 653 845 in
675 801 776 861 ipsis
799 802 1076 846 inveniantur
1099 802 1334 861 operibus?
1357 801 1609 846 Secundum
1634 810 1781 847 autem

386 888 608 918 morarum
622 872 898 917 intervallum
917 873 1034 933 prius
1048 872 1212 933 aliquid
1232 882 1275 917 et
1290 882 1437 932 postea
1457 873 1668 927 eflicitur,
1689 872 1782 917 sine

387 945 548 1006 quibus
570 944 760 988 narratio
795 942 1011 989 factorum
1041 961 1131 989 esse
1157 960 1246 988 non
1269 954 1433 1004 potest,
1459 944 1656 1005 quamvis
1689 944 1781 988 sine

386 1018 453 1062 his
486 1020 598 1061 Deus
619 1016 697 1060 ista
715 1016 887 1060 efficere
910 1016 1114 1075 potuerit.
1147 1036 1167 1058 ‹<
1193 1020 1250 1060 Et
1282 1015 1397 1061 faeta
1420 1027 1479 1060 est
1504 1031 1683 1075 vespera
1701 1050 1712 1070 ‚
1739 1025 1782 1060 et

389 1106 410 1130 >›
447 1087 613 1132 sactum
648 1096 711 1130 est
743 1102 871 1131 mane
895 1086 985 1131 dies
1007 1086 1239 1131 secundus.
1280 1105 1300 1128 ³>
1328 1090 1425 1131 Jam
1448 1087 1551 1131 hinc
1583 1085 1781 1144 superius

386 1167 623 1203 tractatum
656 1167 745 1212 est,
769 1167 813 1202 et
835 1156 1009 1202 easdem
1031 1158 1218 1203 rationes
1235 1157 1305 1202 hic
1328 1172 1506 1218 quoque
1538 1155 1683 1201 valere
1713 1172 1782 1200 ar-

388 1229 543 1274 bitror.

388 1386 421 1402 ΙΑ
425 1385 564 1410 mm
568 1385 636 1401 Μ
640 1384 853 1415 WRNWWMW
857 1383 1783 1412 mmtmwmmmmmmmvvww

1104 1508 1109 1517 ι
1131 1507 1143 1521 η
1221 1508 1232 1518 r

927 1505 1134 1555 CAPUt
1194 1509 1258 1554 λ.

395 1640 696 1688 Τιάείαηίιιν
713 1641 936 1688 versiculi
964 1647 989 1688 9
1029 1608 1152 1688 erlo
1181 1642 1440 1691 Geneseos.
1466 1671 1526 1681 —
1549 1644 1786 1692 Formam'

1021 1714 1150 1774 quid.

448 1849 637 1893 XXXII.
675 1867 694 1890 α
729 1850 794 1892 ΕΤ
818 1848 925 1898 dixit
951 1852 1094 1894 Deus:
1129 1852 1464 1910 Congregentur
1496 1867 1645 1914 aquae,
1681 1869 1782 1914 quae

392 1939 414 1961 »
450 1919 532 1964 sub
554 1918 667 1965 coelo
695 1928 798 1964 sunt
818 1920 864 1964 in
898 1921 1278 1980 congregationem
1302 1937 1435 1966 unam
1453 1958 1463 1978 ‚
1502 1933 1546 1971 et
1579 1933 1784 1984 appareat

394 2009 415 2033 »
452 1990 571 2035 arida
597 2026 608 2046 ,
634 1991 752 2036 etsie
774 1989 941 2036 factum
964 2001 1041 2035 est.
1078 2010 1098 2033 ³>
1126 1992 1237 2036 Hine
1259 1993 1531 2052 probabilius
1556 1994 1676 2039 credi
1700 2011 1783 2056 po-

392 2071 475 2107 test
497 2077 655 2122 aquam
672 2062 832 2107 dietam
858 2079 947 2107 esse
966 2063 1161 2123 superius
1180 2098 1190 2119 ‚
1217 2063 1328 2108 sieut
1350 2065 1693 2122 arbitrabamur,
1716 2067 1784 2127 ip-

392 2149 482 2178 sam
506 2132 659 2178 mundi
684 2134 923 2178 materiam.
954 2136 1065 2179 Nam
1092 2134 1125 2178 si
1148 2134 1399 2180 universum
1421 2152 1533 2198 aqua
1553 2136 1783 2197 oppletum

393 2212 484 2249 erat
500 2240 510 2259 ‚
536 2204 654 2248 unde
675 2205 745 2250 vel
766 2221 854 2266 quo
876 2204 1019 2265 potuit
1044 2206 1318 2263 congregari?
1343 2207 1385 2252 Si
1409 2207 1526 2251 enim
1544 2207 1781 2269 quamdam

391 2274 694 2320 confusionem
716 2276 982 2320 materialem
1005 2293 1130 2337 aquae
1153 2277 1330 2321 nomine
1352 2278 1669 2338 appellaverat,
1686 2280 1780 2324 haec

392 2349 670 2407 congregatio
694 2347 944 2408 accipienda
978 2358 1041 2393 est
1070 2349 1160 2409 ipsa
1190 2348 1418 2405 formatio,
1460 2360 1510 2395 ut
1547 2349 1643 2395 talis
1670 2359 1781 2394 esset

394 2435 518 2481 aquae
549 2419 737 2479 speeies,
775 2418 948 2480 qualem
981 2436 1099 2465 nune
1128 2436 1217 2465 esse
1249 2421 1477 2467 cernimus.
1509 2424 1566 2467 Et
1598 2422 1742 2482 ipsum
1762 2456 1773 2477 ‚

442 2523 450 2538 ¹
473 2517 571 2548 lzccli.
596 2528 684 2557 xviii,
708 2528 737 2548 1.
