1854 3219
324 176 377 202 DE
410 173 618 202 noenum
649 172 903 201 efflusrmNA
936 174 1018 200 Lis.
1051 174 1110 200 iv.
1359 159 1415 198 79

31 257 52 281 »
76 247 230 299 argue,
256 240 433 285 obsecra
447 276 458 296 ,
484 240 660 300 increpa
681 240 728 284 in
751 241 870 284 omni
891 238 1220 298 longanimitate
1243 245 1287 281 et
1308 237 1418 282 doc*

31 328 52 352 »
77 311 226 356 trina¹.
276 330 296 353 »
334 315 534 373 Itemque
568 311 624 356 ad
659 312 806 356 Titum
850 327 997 356 nonne
1027 310 1133 355 dicit
1167 309 1420 370 episcopum

23 381 148 441 juxta
169 382 411 427 doctrinam
431 381 571 426 fidelis
594 382 717 427 verbi
741 391 1092 442 perseverantem
1113 396 1203 425 esse
1226 380 1387 424 debere
1407 415 1418 435 ,

34 470 54 494 «
81 454 138 496 Ut
159 462 314 512 potens
337 453 392 498 sit
412 453 458 498 in
480 452 677 498 doctrina
699 469 808 514 ¹sana
830 463 873 498 et
890 451 1240 498 contradicentes
1271 451 1421 495 redar-

34 541 55 565 »
82 539 212 582 guere
224 526 268 569 ²?
288 543 308 566 »
330 525 400 569 Ibi
414 525 544 569 etiam
559 525 686 570 dicit:
711 544 731 567 »
756 527 821 569 Tu
831 540 935 569 vero
953 524 1133 586 loquere
1147 539 1247 584 quae
1266 522 1424 566 decent

35 611 55 634 »
81 609 228 638 sanam
249 593 491 640 doctrinam
510 630 521 652 ,
546 610 670 640 senes*
684 595 847 640 sobrios
860 597 974 639 esse3
987 630 998 651 ‚
1018 614 1038 636 »
1061 603 1103 639 et
1120 609 1219 654 quae
1233 608 1421 652 sequun-

32 667 118 708 tur.
139 664 207 709 Ibi
228 675 270 710 et
287 665 398 710 illud
414 702 424 722 ,
455 685 476 709 «
507 668 611 711 Haec
633 666 814 727 loquere
839 674 882 710 et
905 666 1131 710 exhortare
1153 683 1162 708 :
1185 671 1228 708 et
1244 663 1423 722 increpa

36 752 56 776 »
81 750 183 779 cum
207 736 328 780 omni
346 736 542 797 imperio.
569 739 708 783 Nemo
729 745 772 781 te
796 744 1064 781 contemnat.
1089 733 1296 779 Admone
1327 732 1423 778 illos

35 824 57 848 ³>
81 807 352 867 principibus
369 817 413 852 et
427 808 715 868 potestatibus
742 807 941 853 subditos
969 823 1057 851 esse
1075 808 1090 832 ⁴
1107 842 1118 862 ,
1144 816 1228 851 etc.
1258 824 1278 847 »
1305 803 1423 859 Quid

34 891 135 935 ergo
151 880 382 937 putamus?
397 877 625 940 Numquid
641 888 792 924 contra
810 877 1012 938 seipsum
1029 877 1160 922 sentit
1170 875 1420 937 Apostolus,

35 947 236 1008 quicum
257 948 373 994 dicat
408 949 606 996 doctores
634 951 884 1011 operatione
916 949 1009 993 fieri
1042 948 1226 1009 Spiritus
1255 947 1421 1002 sancti,

16 1040 18 1042 ·
36 1019 127 1080 ipse
142 1020 224 1065 illis
246 1021 444 1082 praecipit
457 1021 564 1083 quid
581 1031 624 1066 et
638 1020 1012 1083 quemadmodum
1035 1020 1247 1065 doceant?
1264 1022 1333 1063 An
1355 1018 1426 1062 in-

36 1090 322 1150 telligendum
344 1102 429 1150 est,
464 1102 508 1138 et
538 1094 769 1138 hominum
792 1093 934 1137 officia
966 1092 1058 1152 ipso
1089 1099 1238 1135 sancto
1263 1088 1428 1149 Spiritu

37 1160 273 1221 largiente,
296 1164 344 1208 in
365 1163 574 1209 docendis
596 1164 728 1209 etiam
749 1164 851 1224 ipsis
872 1162 1127 1208 doctoribus
1149 1177 1240 1206 non
1267 1159 1429 1205 debere

39 1247 225 1291 cessare,
253 1237 348 1278 «Et
368 1243 511 1278 tamen
532 1250 676 1295 neque
689 1235 766 1294 qui
783 1233 953 1294 plantat
969 1249 1058 1276 esse
1081 1231 1264 1292 aliquid,
1285 1246 1430 1290 neque

42 1322 63 1346 n
89 1304 327 1365 quirigat,
357 1305 433 1350 sed
460 1309 626 1361 Deum,
663 1305 739 1366 qui
761 1305 1080 1349 incrementum
1102 1303 1232 1348 datf’?
1257 1321 1276 1343 n
1306 1300 1431 1346 Unde

40 1376 142 1436 ipsis
159 1392 336 1437 quoque
358 1377 563 1421 ministris
581 1377 738 1421 sanctis
755 1376 1005 1421 hominibus
1019 1411 1029 1431 ,
1045 1374 1115 1421 vel
1129 1374 1260 1419 etiam
1273 1373 1432 1418 sanctis

41 1446 217 1508 Angelis
245 1449 554 1509 operantibus,
595 1463 724 1493 nemo
746 1457 863 1493 recte
886 1448 1041 1504 discit,
1082 1463 1181 1508 quae
1212 1446 1435 1506 pertinent

43 1518 99 1564 ad
118 1519 355 1565 vivendum
392 1537 492 1566 cum
515 1524 631 1577 Deo,
667 1520 749 1565 nisi
774 1521 850 1565 fiat
873 1537 895 1565 a
920 1524 1011 1565 Deo
1044 1518 1195 1564 docilis
1218 1522 1330 1574 Deo,
1362 1516 1433 1561 cui

44 1590 203 1638 dicitur
230 1591 276 1636 in
300 1591 470 1637 Psalmo
494 1611 503 1637 :
539 1611 559 1635 «
583 1595 700 1637 Doce
721 1607 790 1636 me
814 1590 956 1637 facere
985 1590 1261 1636 voluntatem
1283 1598 1405 1633 tuam
1420 1598 1435 1644 ,⁴

47 1679 68 1703 »
93 1662 302 1723 quoniam
327 1671 378 1707 tu
409 1679 454 1707 es
475 1667 590 1708 Deus
616 1665 784 1708 meusss.
810 1682 831 1705 »
863 1662 990 1708 Unde
1022 1672 1065 1707 et
1097 1662 1177 1722 ipsi
1204 1661 1434 1706 Timotheo

44 1732 147 1777 item
165 1732 270 1778 dicit
291 1733 524 1793 Apostolus
539 1770 550 1789 ,
572 1733 758 1795 loquens
775 1734 928 1794 utique
957 1733 1013 1778 ad
1035 1732 1304 1792 discipulum
1326 1730 1435 1775 doc-

46 1816 110 1849 tor
129 1824 138 1850 z
166 1823 186 1847 (ε
203 1808 269 1849 Tu
282 1814 429 1850 autem
444 1821 670 1866 persevera
690 1806 735 1850 in
752 1806 802 1849 iis
818 1841 829 1861 ,
850 1822 950 1866 quae
965 1804 1185 1860 didicisti,
1213 1813 1255 1848 et
1270 1802 1435 1848 credita

50 1893 71 1917 >›
97 1884 199 1919 sunt
220 1875 301 1920 tibi
317 1911 328 1932 ,
354 1877 491 1921 sciens
514 1893 537 1920 a
559 1893 648 1937 quo
670 1876 915 1921 didiceris?
945 1895 964 1917 )›
994 1876 1116 1921 Sicut
1138 1875 1255 1918 enim
1277 1889 1436 1933 corpo-

48 1946 104 1991 ris
123 1946 439 1992 medicamenta
452 1983 462 2003 ,
489 1963 589 2008 quae
608 1947 859 1993 hominibus
884 1947 938 1991 ab
953 1946 1206 1991 hominibus
1229 1944 1440 1990 adhiben-

47 2026 136 2073 tur,
161 2016 334 2062 nonnisi
356 2017 415 2062 eis
437 2027 647 2078 prosunt,
673 2019 834 2079 quibus
854 2021 969 2063 Deus
994 2026 1202 2078 operatur
1224 2015 1436 2071 salutem,

48 2088 125 2149 qui
145 2098 190 2133 et
215 2089 306 2133 sine
344 2088 439 2137 illi-³
458 2090 623 2135 mederi
658 2099 830 2150 potest,
867 2105 969 2134 cum
992 2089 1084 2134 sine
1118 2088 1211 2148 ipso
1244 2087 1320 2132 illa
1351 2103 1441 2131 non

50 2159 237 2219 possint,
257 2169 301 2204 et
316 2169 465 2205 tamen
484 2160 773 2219 adhibentur,
788 2170 832 2205 et
854 2161 887 2204 si
904 2161 988 2205 hoc
1004 2159 1195 2204 officiose
1213 2160 1288 2203 fiat
1301 2193 1312 2214 ,
1327 2157 1442 2201 inter

52 2245 180 2290 opera
212 2230 518 2276 misericordiae
550 2231 622 2277 vel
654 2230 957 2276 beneficentiae
988 2230 1227 2290 deputatur
1264 2246 1273 2271 ι
1309 2229 1369 2273 ita
1400 2236 1444 2271 et

54 2302 302 2362 adjumenta
324 2302 535 2347 doctrinae
558 2311 664 2347 tunc
677 2311 862 2362 prosunt
880 2301 1036 2346 animae
1055 2301 1250 2345 adhibita
1268 2315 1344 2360 per
1360 2299 1444 2343 ho-

54 2372 237 2429 minem,
258 2389 361 2418 cum
378 2377 492 2419 Deus
515 2382 722 2435 operatur
742 2382 793 2418 ut
815 2373 1008 2433 prosint,
1030 2372 1107 2434 qui
1128 2371 1272 2433 potuit
1295 2373 1443 2416 Evan-

105 2477 114 2494 ¹
139 2453 254 2504 ‘27:1111.
278 2472 371 2514 iv,2.
393 2489 435 2495 —
454 2479 468 2495 ²
486 2469 549 2506 Tit.
569 2483 592 2514 1,
607 2483 641 2515 9.
672 2488 713 2494 —-
733 2468 814 2503 31d.
844 2482 879 2512 ιι,
907 2482 935 2502 1.
962 2468 1134 2503 -41bid.
1159 2470 1209 2502 15.
1232 2487 1273 2491 —
1299 2467 1313 2492 5
1335 2480 1346 2500 1
1369 2469 1442 2501 Cor.

58 2538 103 2570 ¹¹¹,
132 2537 162 2570 7.
185 2545 226 2552 -
252 2525 267 2551 ⁶
286 2528 367 2562 Psal.
382 2539 473 2572 extu,
492 2540 543 2563 10.
563 2535 630 2562 —7
654 2539 666 2560 1
687 2527 766 2561 Tim.
788 2538 832 2569 111,
861 2526 910 2566 l't·
