1854 3219
383 173 465 211 548
822 187 855 213 s.
892 187 1121 215 Acuvs'rmi
1156 187 1334 215 Episcopi

381 258 488 292 nant
510 263 557 292 ea
576 283 586 302 ‚
619 251 982 308 praevaricationis
1016 253 1176 312 majore
1203 260 1406 311 peccato,
1443 250 1520 294 ubi
1542 250 1770 296 oblivionis

381 318 503 362 nulla
525 328 588 363 est
610 322 844 366 excusatio.

437 390 643 433 xxxlx.
684 410 703 433 «
725 391 839 436 Dixit
861 407 964 452 ergo
979 408 1153 453 serpens
1169 392 1340 437 mulieri
1358 413 1366 438 z
1392 395 1490 438 Non
1510 402 1650 438 morte
1672 408 1768 438 mo-

379 476 400 500 »
437 459 622 503 riemini.
652 461 822 506 Sciebat
855 464 970 507 enim
994 467 1107 508 Deus
1133 465 1343 524 quoniam
1376 480 1466 525 quo
1489 464 1558 508 die
1580 464 1769 509 mandu-

380 546 402 570 »
437 530 635 576 caveritis
657 531 712 576 de
730 548 805 588 eo,
832 532 1138 594 adaperientur
1158 536 1282 581 vobis
1300 534 1415 580 oculi
1429 571 1440 590 ‚
1462 545 1505 579 et
1527 535 1642 580 eritis
1661 535 1771 580 sicut

378 618 400 643 >›
435 600 496 645 dii
517 613 825 660 cognoscentes
848 605 1011 650 bonum
1036 616 1079 651 et
1107 606 1286 651 malum.
1321 625 1341 647 »
1369 605 1556 660 Quando
1577 607 1642 651 his
1670 622 1768 651 ver-

377 671 442 716 bis
465 673 662 718 crederet
679 674 837 721 mulier
860 692 883 720 a
902 676 1016 722 bona
1034 687 1166 738 atque
1181 677 1278 722 utili
1298 693 1343 722 re
1365 677 1572 722 divinitus
1593 677 1770 722 sefuisso

376 743 646 803 prohibitos,
670 745 752 790 nisi
781 746 872 806 jam
906 747 1064 792 inesset
1086 749 1221 793 menti
1244 764 1364 794 amor
1386 747 1460 793 ille
1480 748 1669 809 propriae
1689 764 1770 809 po-

380 815 542 860 testatis
557 850 568 871 ‚
597 824 640 860 et
659 816 860 877 quaedarn
883 818 937 863 de
964 834 1007 864 se
1028 818 1215 879 superba
1234 820 1518 880 praesumptio
1534 854 1545 874 ‚
1571 835 1670 880 quae
1693 834 1770 879 per

376 885 496 931 illam
519 888 806 933 tentationem
828 888 970 934 fuerat
986 890 1287 936 convincenda
1308 900 1351 936 et
1372 890 1645 936 humilianda
1660 892 1678 934 Ξ)
1692 894 1771 935 De-

378 958 512 1019 nique
524 958 666 1004 verbis
683 975 774 1005 non
792 970 998 1006 contenta
1019 961 1230 1022 serpentis
1248 961 1539 1006 consideravit
1560 960 1767 1020 lignunfl,

381 1049 404 1072 «
438 1029 647 1091 Viditque
670 1030 835 1076 bonum
859 1031 914 1076 ad
931 1048 1072 1077 escam
1087 1067 1098 1088 ‚
1124 1042 1167 1077 et
1188 1032 1398 1077 decorum
1421 1032 1475 1076 ad
1493 1041 1731 1092 aspectum,
1746 1051 1767 1073 »

378 1109 422 1144 et
443 1115 533 1145 non
560 1101 740 1146 credens
763 1118 885 1162 posse
918 1103 1020 1147 inde
1045 1118 1088 1147 se
1121 1102 1252 1158 mori,
1279 1103 1466 1147 arbitror
1495 1101 1615 1163 quod
1638 1111 1768 1162 puta-

376 1171 487 1216 verit
503 1175 644 1217 Deum
661 1172 842 1233 alicujus
859 1174 1182 1232 significationis
1203 1189 1330 1218 causa
1349 1172 1502 1218 dixisse
1519 1193 1527 1218 :
1547 1173 1625 1220 «Si
1650 1188 1770 1218 man-

378 1259 400 1282 »
435 1241 710 1299 ducaveriffis,
728 1253 867 1288 morte
891 1244 1133 1288 moriemini
1156 1264 1164 1289 :
1193 1263 1213 1285 »
1240 1254 1370 1304 atquo
1392 1244 1490 1288 ideo
1513 1244 1695 1304 sumpsit
1713 1245 1767 1289 de

377 1312 527 1358 fructu
548 1316 640 1376 ejus
656 1350 667 1371 ,
697 1325 740 1360 et
764 1315 1070 1370 manducavit,
1107 1325 1149 1360 et
1172 1316 1293 1360 dedit
1324 1316 1452 1360 etiam
1486 1316 1579 1360 viro
1601 1332 1678 1360 suo
1702 1332 1769 1360 se-

377 1399 479 1428 eum
500 1404 508 1429 2
530 1383 718 1430 fortassis
740 1386 869 1430 etiam
889 1401 990 1430 cum
1010 1385 1147 1430 verbo
1166 1385 1357 1430 suasorio
1373 1421 1383 1441 ‚
1404 1385 1524 1446 quod
1547 1387 1767 1446 Scriptura

378 1464 523 1500 tacens
546 1456 878 1514 intelligendum
911 1456 1133 1517 relinquit.
1161 1460 1229 1501 An
1252 1455 1364 1501 forte
1386 1473 1466 1502 nec
1489 1457 1658 1501 suaderi
1677 1458 1768 1517 jam

377 1542 487 1586 opus
509 1537 601 1572 erat
621 1528 713 1573 viro
731 1563 741 1582 ,
768 1527 944 1588 quando
971 1527 1091 1572 illam
1119 1543 1171 1572 eo
1199 1527 1298 1573 cibo
1320 1537 1539 1573 mortuam
1569 1544 1658 1573 non
1681 1544 1770 1574 esse

381 1598 588 1642 cernebat
601 1601 620 1643 Ρ

382 1755 1766 1775 msmsmmmxm„mmmmm=m2mmm2mwmmmwmm

588 2012 675 2058 Ac(
701 2011 820 2072 quid
835 2010 1143 2074 apertioculc'
1161 2010 1351 2058 Adami
1369 2021 1414 2058 et
1440 2011 1573 2059 Eme,

442 2152 533 2194 XL.
574 2169 594 2192 «
629 2151 751 2194 Enco
773 2149 959 2194 ederunt
973 2184 984 2204 ,
1009 2158 1053 2193 et
1074 2150 1211 2209 aperti
1232 2158 1334 2194 sunt
1357 2147 1472 2194 oculi
1490 2148 1766 2194 amborum.»

381 2224 479 2275 Quo
502 2221 583 2266 nisi
605 2221 660 2266 ad
677 2221 863 2265 invicem
884 2220 1304 2281 concupiscendum,
1327 2220 1381 2265 ad
1403 2221 1567 2281 peccati
1589 2236 1767 2281 poenam

380 2292 520 2338 carnis
540 2292 675 2352 ipsius
703 2302 842 2337 morte
868 2302 1149 2353 conceptam3
1177 2302 1226 2337 ut
1249 2294 1341 2354 jam
1363 2301 1473 2336 esset
1498 2308 1655 2353 corpus
1678 2308 1768 2338 non

377 2364 563 2408 animale
587 2368 804 2419 tantun1‘²‚
841 2364 960 2424 quod
990 2375 1180 2424 poterat,
1206 2364 1240 2408 si
1262 2363 1557 2409 obedientiam
1589 2381 1764 2410 conser-

379 2446 556 2491 varent,
587 2437 632 2480 in
662 2436 882 2481 meliorem
915 2436 1239 2496 spiritalemque
1270 2435 1470 2480 habitum
1499 2436 1590 2480 sino
1623 2445 1763 2481 morte

431 2541 439 2558 ¹
469 2544 487 2566 2
503 2536 592 2567 Sent.
609 2535 681 2567 dist.
700 2545 776 2574 xxii,
795 2544 864 2577 vap.
892 2545 917 2565 1.
946 2551 986 2556 -
1010 2541 1021 2556 ²
1043 2544 1052 2565 1
1072 2536 1144 2566 (lor,
1168 2544 1219 2569 xv,
1240 2533 1255 2574 ᾗ
1271 2532 1292 2574 ᾗ.
