1854 3219
332 205 386 232 DE
418 206 570 233 GENESI
600 203 656 232 AD
686 202 927 242 LITTERAM‚
961 205 1044 231 Lm.
1081 206 1122 231 v.
1336 194 1419 232 303

35 278 236 330 torqueat
263 268 397 315 alium
427 285 517 315 esse
544 269 818 314 intellectum
846 285 937 313 non
966 284 1104 329 posse.
1139 269 1183 314 Si
1212 269 1328 313 enim
1360 269 1422 314 ita

32 349 144 385 esset
169 341 495 401 interpositum,
519 346 570 385 ut
587 339 829 384 diceretur:
859 358 880 382 «
897 339 979 384 Hic
1000 349 1064 384 est
1083 339 1194 384 liber
1215 351 1421 384 creaturae

31 410 133 455 coeli
144 420 188 456 et
200 421 341 468 terrae,
357 409 499 456 factus
516 420 580 456 est
596 409 705 466 dies,
721 408 825 455 fecit
837 414 952 454 Deus
964 409 1128 455 coelum
1143 420 1187 455 et
1198 420 1358 455 terram
1371 431 1382 469 3
1396 427 1416 451 n

31 482 264 543 quisquam
286 481 402 527 forte
420 481 706 526 arbitraretur
722 480 886 525 librum
904 490 1114 525 creaturae
1126 481 1228 526 coeli
1241 490 1284 525 et
1294 490 1421 525 terrae

31 552 90 603 sic
126 551 420 613 appellatum,
460 551 684 613 quomodo
719 551 989 612 appellatum
1025 561 1090 597 est
1120 551 1167 596 in
1205 552 1422 613 principio

33 622 198 668 coelum
215 633 260 668 et
277 633 410 679 terra,-
434 632 535 667 ante
551 622 779 669 conditum
796 622 941 680 diem,
967 638 1016 667 ac
1037 622 1196 667 deinde
1217 623 1424 683 subjunc-

33 701 152 749 tum,
180 712 202 736 «
228 696 388 741 Factus
409 702 475 737 est
495 692 608 749 dies,
637 712 658 734 »
683 693 794 737 sicut
809 692 872 736 ibi
899 702 1047 753 postea
1074 702 1298 737 narratum
1334 701 1419 748 est,

32 763 155 824 quod
177 767 297 809 'Deus
331 763 484 815 feeerit
511 763 654 810 diem:
677 763 782 808 inde
803 765 1014 809 continuo
1045 780 1193 809 rursus
1225 763 1420 809 dictum:

36 854 57 878 «
91 835 214 880 Fecit
230 840 345 881 Deus
366 834 532 881 coelum
554 845 598 881 et
619 845 794 891 terram,
822 854 843 878 n
862 845 1072 897 tanquam
1095 836 1154 881 sic
1167 837 1259 897 jam
1276 850 1424 896 quem-

33 905 273 952 admodum
294 908 390 952 haec
411 906 527 953 facta
540 918 652 952 sunt
673 917 772 969 post
797 909 1026 953 conditum
1055 908 1187 953 diem.
1216 907 1302 953 Sed
1323 907 1424 968 quia

32 976 94 1021 ita
113 977 421 1038 interpositum
436 988 501 1023 est
517 988 568 1022 ut
584 977 825 1034 diceretur,
847 997 867 1021 «
887 981 1001 1024 Cum
1019 978 1161 1024 factus
1180 988 1243 1023 est
1266 977 1379 1035 dies,
1400 995 1420 1017 »

35 1047 127 1093 sive·
151 1049 236 1094 hoc
266 1049 563 1109 'superioribus
593 1050 739 1094 verbis
769 1059 1024 1106 connectas,
1049 1060 1100 1095 ut
1131 1051 1184 1094 sit
1213 1065 1303 1093 una
1324 1064 1425 1093 sen-

33 1119 196 1165 tentia:
234 1140 255 1164 «
290 1121 372 1166 Hic
393 1130 458 1166 est
477 1121 588 1179 liber
612 1131 823 1167 creaturae
845 1121 948 1167 coeli
970 1133 1014 1167 et
1034 1132 1185 1178 terrae,
1211 1137 1313 1166 cum
1333 1120 1427 1165 fac-

33 1208 58 1234 »
93 1200 162 1236 tus
189 1201 254 1236 est
274 1191 392 1250 dies3
429 1211 450 1234 »
480 1193 570 1237 sive
590 1192 886 1249 inferioribus,
910 1203 960 1238 ut
981 1194 1085 1238 item
1111 1194 1196 1238 hoc
1217 1192 1350 1237 modo
1372 1192 1427 1236 sit

34 1262 164 1322 plena
180 1264 395 1308 sententia
414 1283 423 1308 ;
449 1283 469 1306 α
489 1266 602 1309 Cum
625 1264 766 1309 factus
789 1275 852 1309 est
874 1265 980 1320 dies,
998 1265 1101 1309 fecit
1125 1268 1239 1309 Deus
1261 1264 1427 1309 coelum

36 1351 58 1376 ³)
93 1344 138 1379 et
157 1344 342 1393 terram3
379 1353 399 1376 »
434 1335 590 1395 procul
621 1335 758 1380 dubio
781 1336 898 1394 cogit
924 1352 976 1381 eo
1006 1336 1138 1381 modo
1171 1352 1214 1381 se
1241 1335 1427 1395 intelligi

28 1404 198 1450 ‘coelum
232 1415 276 1450 et
295 1415 455 1450 terram
478 1422 862 1463 commemorasse,
888 1406 1111 1468 quomodo
1149 1406 1265 1452 facta
1298 1399 1423 1461 sunt,

35 1492 137 1522 cum
167 1477 308 1522 factus
339 1487 402 1522 est
423 1476 529 1522 dies.
557 1477 723 1523 Deinde
749 1494 850 1523 cum
882 1477 1051 1522 dictum
1074 1488 1209 1523 esset:
1249 1498 1270 1520 «
1304 1478 1429 1522 Fecit

38 1565 60 1589 »
95 1550 211 1592 Deus
225 1547 390 1593 coelum
410 1558 453 1592 et
467 1557 627 1593 terram
643 1566 654 1600 ;
672 1567 692 1590 »
709 1548 909 1593 additum
924 1558 1008 1603 est,
1029 1568 1049 1590 «
1064 1551 1122 1593 Et
1141 1564 1271 1593 omne
1290 1547 1430 1593 viride

38 1635 60 1659 »
95 1618 207 1676 agri:
244 1637 265 1660 n
307 1635 408 1680 quae
446 1628 562 1664 certe
599 1618 880 1663 manifestum
918 1629 982 1663 est
1019 1619 1146 1663 tertio
1184 1618 1255 1663 die
1293 1618 1423 1663 sacta.

36 1688 163 1733 Unde
190 1688 400 1750 liquidius
429 1698 609 1750 apparet
634 1689 841 1734 eumdem
865 1688 990 1734 illum
1019 1705 1109 1734 esse
1140 1703 1281 1734 unum
1312 1688 1430 1734 diem

35 1775 168 1821 quem
190 1758 292 1804 fecit
319 1764 456 1816 Deus,
479 1777 568 1821 quo
590 1761 799 1820 repetito,
822 1760 963 1805 factus
986 1770 1050 1805 est
1072 1770 1115 1805 et
1136 1759 1368 1817 secundus,
1386 1769 1431 1805 et

36 1831 210 1886 tertius,
229 1839 274 1875 et
289 1831 434 1874 caeteri
455 1846 594 1891 usque
616 1829 673 1874 ad
696 1831 931 1891 septimum
953 1831 1085 1875 diem.

870 1969 1428 1993 summmwmmwuuiwumwm

563 2095 781 2146 CAPUT
821 2100 887 2146 II.

7 2213 16 2215 -
39 2186 45 2205 ἰ
67 2202 72 2210 ¹
102 2193 105 2195 *

38 2309 43 2340 Ξ
395 2261 571 2310 Viride
592 2265 707 2326 agri
730 2279 818 2310 cur
835 2263 1072 2311 additum.

36 2397 59 2410 ”
100 2400 176 2444 IV.
214 2395 318 2445 CUM
352 2409 498 2445 autem
527 2401 704 2446 nomine
731 2401 833 2447 coeli
862 2411 906 2447 et
934 2411 1082 2459 terrae,
1107 2402 1268 2448 usitato
1301 2418 1422 2448 more

42 2470 379 2531 scripturarum,
399 2487 518 2517 nunc
539 2474 785 2518 universam
802 2483 1046 2518 creaturam
1066 2474 1254 2519 voluerit
1272 2474 1424 2533 accipi,

42 2542 178 2601 quaeri
191 2552 335 2603 potest
355 2559 434 2588 eur
456 2543 686 2600 addiderit,
710 2562 730 2585 »
756 2547 813 2589 Et
831 2561 960 2590 omne
977 2545 1114 2590 viride
1128 2547 1241 2605 agri,
1265 2564 1284 2587 n
1302 2545 1425 2606 quod
