1854 3219
365 241 419 267 DE
450 240 600 268 GENESI
634 237 687 265 An
720 237 964 277 LiTTEnAM,
1000 241 1082 266 Lm.
1120 240 1161 267 v.
1370 227 1449 266 327

71 306 130 350 tia
146 339 157 361 ,
191 319 281 349 non
301 312 424 348 erant
454 304 498 346 in
519 318 596 346 sua
617 312 786 346 natura.
819 306 880 346 Ac
910 319 986 363 per
1009 305 1092 348 hoc
1114 303 1255 348 factus
1277 312 1340 347 est
1363 305 1454 348 dies

69 375 143 420 ille
163 376 235 420 cui
257 385 444 435 utroque
463 373 597 418 modo
619 374 967 429 innotescerent,
1004 384 1048 419 et
1069 375 1114 418 in
1138 377 1228 419 Deo
1261 384 1304 420 et
1324 375 1369 419 in
1393 391 1456 419 se-

69 447 170 507 ipsis
195 466 204 491 :
242 444 316 491 flla
345 444 467 491 velut
497 445 713 490 matutina
745 445 831 489 sive
863 444 1020 491 diurna
1059 446 1331 504 cognitione,
1371 447 1453 491 hac

66 532 170 563 vero
189 516 312 562 velut
333 516 592 576 vespertina.
618 516 705 576 Ipsi
727 525 875 561 autem
907 519 992 562 Deo
1020 532 1111 561 non
1144 516 1286 561 audeo
1310 517 1454 562 dicere
1521 514 1526 518 ’

68 587 153 633 alio
178 587 312 633 modo
337 587 599 644 innotuisse,
625 602 727 632 cum
748 602 798 632 ea
819 586 990 632 fecisset
1005 624 1016 644 ,
1037 603 1169 649 quam
1190 586 1268 632 illo
1289 604 1379 649 quo
1407 604 1457 634 ea

66 667 247 705 noverat
266 667 319 704 ut
337 658 500 703 faceret
516 694 527 714 ,
552 658 671 719 apud
691 673 824 720 quem
845 673 936 704 non
957 669 1021 704 est
1041 658 1328 705 commutatio
1342 694 1354 716 ,
1374 674 1455 704 nec

65 729 277 775 momenti
299 728 623 775 obumbratio¹.

77 884 749 904 mmmmmwwwwvvwwwww
1105 885 1457 904 mmmmm

557 1004 772 1056 CAPUT
807 1008 944 1055 XIX.

65 1143 115 1188 A
116 1140 248 1206 ngeli
255 1140 355 1188 Dei
363 1141 522 1187 nuntii
528 1142 806 1202 mysterium
818 1141 957 1203 regni
970 1139 1202 1187 coeloram
1222 1149 1456 1188 noverunt

630 1229 664 1257 a
685 1210 888 1258 soeculz's.

122 1350 350 1394 XXXVII.
375 1351 472 1395 NoN
491 1364 592 1394 sane
615 1358 794 1409 propter
817 1348 1075 1394 inferiorum
1096 1349 1322 1394 scientiam
1338 1365 1458 1404 nun-

63 1419 131 1465 tiis
153 1419 347 1478 indiget,
372 1420 494 1480 quasi
517 1435 595 1479 per
618 1435 689 1464 eos
711 1420 787 1464 fiat
808 1419 1012 1464 scientior
1037 1440 1046 1464 :
1079 1419 1156 1464 sed
1180 1419 1256 1465 illo
1278 1420 1462 1480 simplici

63 1506 112 1536 ac
133 1488 322 1535 mirabili
344 1490 477 1535 modo
498 1490 621 1535 novit
650 1491 795 1535 omnia
819 1489 1032 1535 stabiliter
1055 1499 1187 1551 atque
1210 1491 1459 1536 incommu-

62 1559 268 1606 tabiliter.
309 1561 454 1605 Habet
479 1570 626 1605 autem
653 1561 830 1606 nuntios
866 1570 1044 1621 propter
1081 1576 1160 1605 nos
1193 1570 1236 1605 et
1275 1571 1456 1622 propter

61 1634 197 1693 ipsos,
225 1631 328 1693 quia
355 1631 432 1677 illo
453 1631 586 1677 modo
610 1635 700 1677 Deo
721 1647 873 1693 parere
895 1641 938 1676 et
963 1632 1182 1689 assistere,
1207 1641 1259 1677 ut
1279 1648 1381 1677 eum
1402 1633 1459 1678 de

61 1702 343 1748 inferioribus
367 1702 614 1759 consulant,
640 1705 822 1764 ejusque
842 1703 1040 1763 supernis
1058 1704 1285 1764 praeceptis
1307 1713 1351 1748 et
1366 1705 1460 1764 jus-

61 1774 116 1818 sis
133 1773 460 1833 obtemperent,
477 1773 647 1818 bonum
668 1782 733 1817 est
754 1774 812 1817 eis
829 1774 875 1818 in
897 1772 1052 1819 ordine
1070 1774 1259 1834 propriae
1282 1784 1452 1819 naturae

62 1853 195 1904 atque
226 1844 495 1889 substantiae.
527 1844 680 1889 Nuntii
713 1852 861 1888 autem
898 1859 1037 1903 graece
1061 1851 1187 1898 ἅγγελςι
1212 1844 1422 1890 dicuntur
1439 1882 1449 1902 ,

60 1930 151 1976 quo
171 1916 349 1960 nomine
369 1913 556 1973 generali
577 1915 778 1960 universa
802 1914 876 1959 illa
899 1930 1086 1975 superna
1104 1915 1253 1960 civitas
1276 1932 1452 1962 nuncu-

60 1995 205 2046 patur,
225 2000 359 2046 quem
377 1985 568 2046 primum
590 1985 707 2030 diem
727 1987 956 2031 conditum
973 1986 1280 2032 existimamus.

118 2058 372 2102 XXXVIII.
406 2059 518 2102 Nam
544 2072 627 2101 nec
647 2056 759 2101 illud
791 2073 864 2102 eos
896 2057 1027 2102 latuit
1050 2059 1309 2116 mysterium
1331 2060 1454 2120 regni

61 2127 296 2183 coelorum,
317 2126 439 2188 quod
459 2136 710 2187 opportuno
729 2138 927 2189 tempore
950 2129 1192 2175 revelatum
1209 2140 1273 2176 est
1285 2147 1365 2191 pro
1383 2147 1452 2176 sa-

60 2197 152 2242 lute
170 2206 342 2254 nostra,
367 2197 489 2258 quod
516 2213 569 2242 ex
590 2199 672 2243 hac
700 2200 1050 2259 peregrinatione
1072 2200 1268 2258 liberati,
1299 2218 1451 2247 eorum

60 2269 196 2314 coetui
217 2270 551 2329 conjungamur.
562 2271 714 2329 Neque
729 2271 846 2314 enim
860 2272 944 2316 hoc
962 2272 1232 2331 ignorarent,
1248 2274 1451 2334 quando-

60 2339 239 2400 quidem
259 2340 403 2399 ipsum
424 2354 588 2394 semen,
614 2340 736 2400 quod
758 2351 1008 2401 opportuno
1034 2351 1232 2403 tempore
1254 2345 1446 2400 advenit,

59 2426 137 2471 per
157 2412 295 2470 ipsosl
317 2410 575 2471 dispositum
607 2421 671 2455 est
700 2412 746 2456 in
766 2429 901 2458 manu
921 2415 1171 2460 mediatoris
1189 2451 1200 2472 ‚
1235 2416 1282 2460 id
1299 2426 1376 2472 est,
1401 2418 1444 2460 in

61 2483 154 2542 ejus
176 2490 389 2541 potestate
405 2518 416 2537 ,
450 2482 526 2542 qui
559 2482 768 2528 Dominus
793 2500 944 2530 eorum
966 2496 1030 2530 est
1046 2522 1057 2541 ,
1082 2495 1126 2531 et
1146 2487 1191 2531 in
1209 2485 1348 2532 forma
1369 2487 1446 2531 Dei

111 2585 119 2601 ¹
140 2581 210 2611 Jac.
227 2590 249 2619 1,
268 2586 314 2611 17.
336 2596 377 2602 —
401 2586 413 2602 2
434 2588 452 2611 2
472 2579 620 2612 Reti-act.
646 2591 733 2612 xxiv.
