1854 3219
399 190 480 229 2323
833 199 866 225 s.
903 196 1131 225 Avensa-11³1
1164 197 1344 225 EPlscol’l

402 348 828 370 mmmmm

1473 346 1790 368 mmm

895 473 1110 522 CAPUT
1159 474 1294 522 XIV.

746 605 824 653 De
844 608 1131 654 insectorum
1156 607 1415 653 creatione.

464 746 609 789 XXII.
646 745 888 791 Nomt-LLA
926 745 1057 790 etiam
1096 743 1150 789 de
1193 741 1458 805 quibusdam
1497 741 1793 786 minutissimis

404 816 664 862 animalibus
685 817 868 880 quaestio
890 827 975 875 est,
1000 826 1150 862 utrum
1171 816 1216 860 in
1239 815 1389 876 primis
1411 829 1558 860 rerum
1580 812 1798 860 conditio-

404 889 534 933 nibus
553 898 695 933 creata
716 889 822 945 sint,
848 904 904 934 an
919 889 964 933 in
987 887 1356 949 consequentibus
1380 902 1526 931 rerum
1546 884 1798 931 mortalium

406 961 791 1021 corruptionibus?
826 963 934 1006 Nam
969 960 1177 1021 pleraque
1213 975 1366 1005 eorum
1401 968 1476 1004 aut
1510 958 1564 1003 de
1600 958 1800 1003 vivorum

352 1080 354 1083 ,
406 1048 640 1094 corporum
677 1032 816 1090 vitiis,
854 1032 923 1078 vel
958 1032 1282 1093 purgamentis,
1317 1031 1387 1077 vel
1420 1030 1769 1076 exhalationibus
1785 1064 1796 1086 ‚

352 1153 358 1156 ,
408 1114 484 1149 aut
517 1103 780 1150 cadaverum
810 1103 910 1148 tabe
939 1104 1205 1163 gignuntur3
1230 1102 1434 1165 quaedam
1466 1102 1598 1147 etiam
1626 1101 1681 1146 de
1703 1117 1802 1146 cor-

408 1176 612 1236 ruptione
639 1175 860 1234 lignorum
886 1184 930 1219 et
962 1175 1222 1231 herbarum,
1248 1174 1451 1236 quaedam
1472 1173 1527 1219 de
1553 1173 1802 1234 corruptio-

408 1247 537 1291 nibus
569 1244 829 1291 fructuum:
866 1261 1056 1307 quorum
1082 1246 1280 1291 omnium
1312 1261 1403 1290 non
1429 1260 1657 1305 possumus
1687 1254 1803 1290 reete

410 1316 553 1362 dicere
581 1320 725 1363 Deum
757 1332 848 1362 non
881 1332 970 1362 esse
1007 1326 1262 1362 creatorem.
1309 1320 1427 1361 Inest
1454 1317 1570 1361 enim
1598 1316 1802 1362 omnibus

406 1387 631 1450 quoddam
653 1397 822 1434 naturae
844 1388 910 1433 sui
927 1388 1094 1448 generis
1113 1386 1246 1433 decus
1260 1423 1271 1444 ‚
1297 1387 1356 1433 sic
1374 1397 1424 1433 ut
1445 1387 1491 1432 in
1504 1388 1571 1432 his
1588 1388 1728 1448 major
1748 1387 1802 1432 sit

407 1459 638 1504 admiratio
653 1458 767 1504 bene
789 1458 1117 1515 considerantis,
1136 1468 1179 1503 et
1194 1458 1288 1503 laus
1303 1459 1480 1504 uberior
1492 1458 1804 1519 omnipotentis

405 1531 581 1576 artificis
604 1551 612 1577 :
644 1531 723 1593 qui
747 1532 893 1577 omnia
914 1531 960 1576 in
983 1531 1192 1592 sapientia
1212 1530 1358 1588 fecit¹‚
1384 1547 1484 1593 quae
1511 1547 1535 1576 a
1556 1532 1643 1576 fine
1664 1545 1804 1592 usque

405 1602 463 1648 ad
486 1603 620 1648 finem
642 1603 906 1664 pertendens
923 1639 933 1659 ‚
961 1612 1006 1649 et
1028 1603 1217 1649 suaviter
1239 1613 1398 1649 cuncta
1419 1603 1655 1664 disponens
1670 1605 1703 1659 ²,
1724 1617 1804 1648 nec

406 1691 456 1721 ea
477 1676 570 1736 ipsa
591 1691 738 1720 rerum
757 1676 1016 1732 novissima,
1037 1691 1137 1737 quae
1155 1691 1236 1736 pro
1264 1677 1331 1721 sui
1352 1676 1520 1736 generis
1542 1675 1694 1721 ordine
1715 1674 1804 1720 dis-

407 1745 654 1803 solvuntur,
694 1756 738 1792 et
776 1762 964 1807 quarum
1008 1745 1340 1792 dissolutionem
1384 1762 1436 1791 ex
1473 1762 1607 1808 poena
1643 1755 1803 1792 nostrae

405 1817 680 1863 mortalitatis
703 1818 953 1863 horremus:
985 1817 1196 1879 relinquit
1217 1816 1421 1863 informia
1443 1838 1451 1864 :
1477 1817 1555 1864 sed
1576 1827 1694 1864 creat
1717 1817 1803 1862 mi-

407 1889 526 1935 nima
547 1905 729 1950 corpore
744 1925 756 1946 ‚
778 1899 905 1934 acuta
933 1905 1063 1934 sensu
1078 1925 1090 1946 ‚
1113 1890 1352 1935 animantia
1370 1910 1381 1948 3
1405 1899 1456 1935 ut
1479 1891 1640 1951 majore
1662 1899 1806 1934 atten-

408 1962 527 2007 tione
544 1971 795 2022 stupeamus
813 1961 1051 2021 agilitatem
1073 1977 1235 2012 muscae
1253 1961 1462 2018 volanffls,
1479 1977 1614 2023 quam
1635 1960 1805 2020 magni-

409 2031 608 2078 tudinem
633 2033 821 2095 jumenti
851 2031 1110 2091 gradientis,
1142 2031 1418 2094 ampliusque
1440 2033 1650 2079 miremur
1672 2047 1804 2093 opera

408 2103 739 2150 formicularum
757 2139 769 2160 ‚
795 2119 928 2164 quam
949 2119 1082 2149 onera
1104 2102 1386 2149 camelorum.

470 2177 640 2220 XXIII.
665 2175 750 2221 Sed
772 2184 923 2220 utrum
945 2176 990 2219 in
1011 2175 1183 2235 primis,
1208 2184 1258 2220 ut
1280 2174 1370 2220 dixi
1384 2210 1396 2231 ,
1417 2189 1565 2220 rerum
1585 2173 1803 2224 conditio-

410 2247 560 2302 nibus,
586 2263 684 2308 quae
706 2247 788 2291 isto
804 2263 877 2292 sex
895 2245 1065 2290 dierum
1089 2246 1242 2291 ordine
1264 2255 1420 2291 creatae
1438 2255 1686 2302 narrantur,
1708 2246 1804 2290 haec

407 2334 585 2379 quoque
603 2318 783 2362 minima
802 2318 1000 2363 instituta
1017 2317 1243 2362 credamus
1256 2353 1266 2373 ,
1294 2334 1348 2362 an
1363 2327 1512 2378 postea
1535 2333 1804 2378 consequen·

409 2390 527 2434 tibus
549 2388 906 2450 corruptibilium
934 2405 1170 2449 corporum
1191 2389 1505 2446 solutionibus,
1530 2390 1614 2435 hoc
1640 2389 1801 2450 quaeri-

411 2471 497 2506 tur.
529 2464 587 2507 Et
607 2469 751 2521 potest
772 2460 952 2522 quidem
975 2460 1062 2506 dici
1083 2477 1133 2508 ea
1150 2461 1462 2517 minutissima,
1488 2477 1588 2522 quae
1609 2477 1660 2506 ex
1680 2460 1802 2522 aquis

464 2564 472 2581 ¹
492 2557 571 2591 Psal.
591 2568 655 2599 cm,
671 2557 724 2600 24.
743 2575 784 2581 --
800 2564 811 2581 2
830 2559 903 2601 Sap.
926 2567 994 2600 vm,
1018 2568 1046 2590 1.
