1854 3219
365 181 384 216 1
395 178 449 217 96
805 191 838 219 s.
865 191 1095 220 AUGUSTINI
1120 192 1301 221 Emscom

356 254 613 298 moliuntur.
642 254 776 299 Iidem
793 272 983 318 namque
1002 267 1198 303 asserunt
1215 257 1382 301 stellam
1395 291 1406 312 ,
1422 271 1555 317 quam
1576 259 1752 303 Saturni

354 324 598 385 appellant,
629 341 717 370 csse
750 326 1076 387 frigidissimam
1104 344 1287 390 eamque
1309 344 1386 389 per
1408 343 1544 373 annos
1575 329 1752 388 triginta

353 394 611 454 signiferum
633 412 839 457 peragere
859 400 1094 456 circulum,
1121 416 1172 445 eo
1192 398 1313 461 quod
1334 399 1577 460 superiore,
1605 416 1653 444 ac
1676 416 1753 460 per

352 466 437 511 hoc
460 466 670 528 ampliore
693 469 862 515 ambitu
885 470 1097 531 graditur.
1121 474 1228 517 Nam
1244 470 1308 516 sol
1322 470 1525 516 eumdem
1539 470 1752 516 circulum

351 553 430 599 per
451 554 617 583 annum
639 539 850 601 complet,
874 552 918 588 et
944 542 1051 588 luna
1072 558 1149 603 per
1173 557 1365 587 mensem
1386 563 1397 601 3
1422 551 1568 599 tanto,
1595 552 1645 588 ut
1680 543 1750 587 di-

351 619 481 666 cunt,
513 610 711 667 brevius,
748 622 915 673 quanto
947 612 1150 670 inferius,
1188 623 1238 658 ut
1268 613 1406 674 spatio
1438 612 1523 659 loci
1563 615 1751 675 spatium

352 682 560 742 temporis
578 693 806 742 congruat.
825 685 1046 738 Quaeritur
1061 686 1209 746 itaque
1222 685 1276 728 ab
1291 685 1371 741 eis,
1393 684 1511 730 unde
1536 685 1609 730 illa
1627 685 1750 731 stella

353 756 409 800 sit
428 754 606 814 frigida,
633 773 732 817 quae
756 766 877 803 tanto
896 757 1121 803 ardentior
1143 772 1233 801 esse
1262 757 1464 814 deberet,
1490 767 1656 819 quanto
1678 774 1751 803 su—

349 826 555 872 blimiore
580 827 693 873 coelo
718 829 897 890 rapitur.
932 832 1042 875 Nam
1074 827 1230 889 procul
1264 827 1401 874 dubio
1433 845 1537 874 cum
1559 830 1750 876 rotunda

347 897 484 943 moles
506 898 706 944 circulari
730 910 852 946 motu
883 901 1052 959 agitur,
1084 900 1290 945 interiora
1313 901 1404 961 ejus
1424 900 1591 946 tardius
1614 910 1745 958 eunt,

346 971 559 1015 exteriora
581 971 786 1028 celerius,
818 981 867 1016 ut
898 973 1063 1033 majora
1093 972 1228 1032 spatia
1259 987 1360 1017 cum
1391 972 1665 1017 brevioribus
1691 972 1748 1017 ad

344 1035 667 1101 eosdenfgyros
685 1044 847 1103 pariter
861 1052 1092 1088 occurrant
1113 1063 1121 1088 ε
1142 1060 1241 1104 quse
1265 1053 1411 1088 autem
1431 1044 1636 1100 celerius,
1656 1044 1747 1089 uti-

346 1130 434 1175 que
451 1113 704 1159 ferventius.
734 1114 922 1160 Proinde
939 1124 1175 1159 memorata
1199 1114 1320 1159 stella
1343 1115 1477 1174 magis
1495 1116 1649 1160 debuit
1672 1132 1747 1161 ca-

348 1185 438 1233 lida
455 1201 544 1230 esse
562 1201 694 1246 quam
714 1184 871 1245 frigida
891 1205 899 1230 :
925 1187 1124 1246 quamvis
1142 1186 1257 1229 enim
1272 1201 1350 1230 suo
1369 1196 1491 1231 motu
1505 1223 1515 1242 ‚
1537 1187 1748 1248 quoniam

344 1256 509 1317 grande
538 1256 727 1316 spatium
754 1265 837 1311 est,
872 1257 1049 1315 triginta
1083 1256 1207 1300 annis
1238 1265 1383 1301 totum
1407 1257 1623 1302 ambitum
1645 1273 1746 1318 per-

339 1336 482 1384 meet,
519 1336 666 1371 tamen
692 1326 793 1372 coeli
825 1336 948 1371 motu
982 1327 1027 1371 in
1063 1328 1330 1372 contrarium
1357 1338 1498 1373 rotata
1526 1328 1742 1385 velocius,

341 1399 465 1461 quod
476 1398 673 1460 quotidie
686 1414 859 1443 necesse
874 1408 938 1443 est
948 1399 1158 1459 patiatur,
1175 1400 1402 1459 (quoniam
1421 1435 1431 1455 ,
1446 1399 1719 1445 sicutdicunt
1730 1435 1742 1456 ,

341 1472 445 1517 coeli
468 1470 650 1530 singulae
681 1471 1006 1526 conversiones,
1033 1469 1123 1515 dies
1144 1470 1336 1529 singulos
1365 1471 1643 1531 explicant,)
1671 1488 1745 1517 ca-

343 1544 483 1589 lorem
505 1543 712 1603 majorem
736 1541 888 1586 debuit
903 1541 1017 1586 coelo
1041 1542 1321 1587 concitatiore
1339 1543 1586 1603 concipere.
1611 1543 1748 1589 Nimi-

340 1631 439 1661 rum
458 1629 561 1673 ergo
578 1629 672 1658 eam
693 1612 895 1672 frigidam
925 1611 1028 1657 facit
1045 1629 1257 1674 aquarum
1276 1629 1406 1674 super
1428 1613 1592 1658 coelum
1614 1629 1745 1659 cons-

341 1688 573 1732 titutarum
600 1684 674 1729 illa
703 1685 923 1740 vicinitas,
950 1701 1086 1745 quam
1116 1684 1275 1730 nolunt
1297 1685 1497 1742 credere,
1520 1686 1598 1747 qui
1617 1686 1740 1742 haec,

342 1775 442 1820 quae
465 1756 655 1802 breviter
677 1754 786 1811 dixi,
813 1755 867 1799 de
910 1765 1038 1800 motu
1071 1755 1173 1800 coeli
1207 1765 1251 1800 et
1275 1755 1467 1800 siderum
1499 1756 1739 1817 disputant.

344 1831 421 1877 His
435 1828 615 1893 quidam
633 1828 769 1872 nostri
791 1828 1054 1887 conjecturis
1078 1837 1214 1886 agunt
1235 1827 1438 1873 adversus
1456 1844 1527 1873 eos
1544 1864 1554 1884 ,
1572 1829 1650 1889 qui
1667 1843 1746 1872 no-
1810 1828 1812 1830 ’

341 1905 441 1950 lunt
463 1920 595 1965 aquas
623 1918 753 1963 super
775 1898 939 1947 coelum
973 1899 1171 1956 credere,
1203 1910 1246 1945 et
1272 1900 1428 1946 volunt
1451 1916 1547 1945 eam
1575 1900 1744 1951 stellam

345 1993 433 2022 esse
469 1975 687 2034 frigidam,
714 1991 814 2036 quae
826 1975 954 2035 juxta
975 1988 1197 2017 summum
1219 1971 1383 2017 coelum
1405 1973 1562 2018 circuit
1584 1992 1592 2018 :
1619 1981 1670 2017 ut
1693 1988 1745 2016 ex

343 2050 428 2095 hoc
462 2056 674 2106 cogantur
697 2061 911 2107 aquarum
952 2054 1178 2101 naturam,
1210 2060 1300 2089 non
1320 2045 1411 2105 jam
1437 2043 1525 2088 illic
1552 2042 1746 2104 vaporali

344 2120 580 2175 tenuitate,
617 2118 693 2164 sed
727 2116 894 2176 glaciali
922 2116 1138 2161 soliditate
1161 2114 1367 2176 pendere.
1397 2117 1586 2176 Quoquo
1611 2114 1744 2160 modo

345 2201 493 2238 autem
507 2201 550 2235 et
565 2189 826 2252 qualeslibet
842 2205 966 2249 aquae
981 2188 1041 2232 ibi
1055 2188 1160 2242 sint,
1187 2203 1275 2232 esse
1293 2202 1362 2231 eas
1384 2186 1444 2230 ibi
1465 2187 1643 2231 minime
1658 2186 1745 2231 du-

342 2265 558 2321 bitemus;
592 2263 730 2322 major
764 2269 827 2305 est
859 2260 1022 2321 quippe
1058 2259 1289 2319 Scripturae
1318 2259 1447 2319 hujus
1477 2258 1736 2314 auctoritas,

344 2351 479 2399 quam
501 2334 640 2381 omnis
656 2333 838 2378 humani
860 2331 1022 2390 ingenii
1039 2330 1266 2391 capacitas.
