1854 3219
357 188 441 228 254
785 195 819 225 s.
857 195 1087 226 Arausa-nu
1120 199 1302 226 EPISCOPI

356 264 653 323 intelligamus
675 263 720 307 in
741 264 881 323 specie
904 264 965 308 rei
982 281 1081 325 quse
1103 273 1244 309 creata
1268 272 1353 318 est,
1374 271 1637 323 noctemque
1658 264 1748 324 ejus

356 338 401 380 in
425 335 666 396 privatione
699 334 767 379 vel
797 334 989 391 defectu,
1010 335 1080 380 vel
1108 335 1141 379 si
1164 352 1251 396 quo
1278 334 1361 378 alio
1394 334 1570 378 nominc
1594 333 1749 378 melius

355 407 644 466 significatur,
677 422 777 451 cum
812 407 1027 451 amittitur
1061 407 1245 467 species,
1278 406 1421 466 aliqua
1457 406 1698 449 mutatione
1726 422 1749 449 a

358 478 493 522 forma
528 478 582 522 ad
610 476 922 522 informitatem
952 478 1199 522 declinante
1232 487 1362 537 angue
1389 485 1618 536 vergente:
1651 493 1750 536 qua:

356 550 541 593 mutatio
565 549 608 592 in
639 549 756 594 omni
790 558 987 594 ereatura
1010 550 1098 594 sive
1121 549 1406 609 possibilitate
1427 549 1558 603 inest,
1584 548 1750 592 etiamsi

357 621 467 665 desit
501 621 685 676 effectu,
719 621 830 665 sicut
854 620 899 664 in
933 620 1183 665 coelestibus
1215 620 1539 680 superioribus,
1578 620 1664 664 sivc
1696 618 1751 663 ad

357 691 625 752 implendam
648 692 693 735 in
714 691 873 736 infimis
896 692 1026 736 rebus
1045 690 1420 752 pulchritudinem
1443 689 1748 750 temporalem,

356 778 434 823 per
456 762 675 808 ordinatas
697 763 810 809 vices
827 779 1106 824 quorumque
1128 762 1410 807 mutabilium
1427 761 1751 806 decessionibus

357 835 793 896 successionibusque
826 837 1071 896 peragitur,
1096 836 1207 880 sicut
1229 834 1510 879 manifestum
1533 843 1596 878 cst
1617 834 1663 878 in
1685 849 1755 878 re-

355 907 438 952 bus
462 908 641 952 terrenis
673 917 805 968 atque
829 907 1112 953 mortalibus:
1145 924 1321 968 vespera
1346 922 1450 952 vero
1482 907 1527 950 in
1550 905 1754 951 omnibus

356 979 562 1040 perfectae
601 979 861 1025 conditionis
896 980 1019 1040 quasi
1053 978 1232 1040 quidam
1270 979 1481 1023 terminus
1515 978 1595 1036 sit,
1626 992 1755 1022 mane

358 1061 503 1096 autem
541 1051 786 1111 incipientis
821 1051 1073 1109 exordium,
1107 1052 1246 1096 omnis
1277 1051 1392 1095 enim
1425 1059 1568 1094 creata
1598 1058 1756 1093 natura

357 1123 486 1167 certis
515 1123 601 1167 suis
623 1123 755 1166 initiis
785 1132 827 1167 et
854 1122 1017 1166 finibus
1046 1122 1323 1167 continetur:
1348 1121 1556 1180 indagare
1578 1119 1756 1165 difficile

358 1203 435 1238 cst.
470 1194 554 1238 Sed
576 1194 664 1237 sive
694 1194 800 1249 hoc,
828 1194 914 1237 sive
948 1193 1081 1248 illud,
1109 1194 1198 1237 sive
1221 1192 1387 1253 aliquid
1415 1193 1545 1237 etiam
1579 1192 1756 1236 tertium

358 1264 651 1325 probabilius,
684 1263 807 1324 quod
840 1262 1034 1320 dicatur,
1060 1264 1193 1324 possit
1215 1264 1421 1319 inveniri,
1449 1262 1571 1325 quod
1587 1263 1633 1307 in
1652 1278 1756 1323 pro-

359 1352 506 1395 gressu
524 1334 829 1395 disputationis
853 1333 1034 1380 forsitan
1052 1334 1293 1395 apparebit,
1315 1334 1692 1396 quemadmodum
1712 1334 1758 1378 in

358 1407 441 1452 illis
464 1408 620 1452 diebus
650 1417 693 1452 ct
716 1423 801 1452 nox
833 1417 876 1452 et
905 1423 1083 1468 vespera
1113 1416 1157 1451 et
1178 1421 1306 1451 mane
1336 1405 1632 1466 intelligatur:
1667 1421 1758 1451 non

359 1490 423 1524 est
444 1489 592 1525 tamen
615 1480 689 1525 abs
712 1496 773 1536 re,
795 1489 845 1524 ut
870 1479 1194 1525 consideremus
1216 1478 1373 1523 senarii
1394 1479 1566 1523 numeri
1584 1477 1757 1538 perfec-

359 1551 523 1596 tionem
553 1551 598 1595 in
621 1551 713 1611 ipsa
741 1551 936 1595 interiori
958 1559 1114 1595 natura
1136 1566 1438 1607 numerorum,
1460 1565 1594 1611 quam
1611 1558 1758 1594 mente

358 1623 603 1678 intuentes,
629 1637 677 1666 ea
707 1638 806 1683 quae
829 1622 1026 1667 sensibus
1049 1623 1179 1666 etiam
1210 1622 1402 1682 corporis
1425 1622 1649 1684 adjacent,
1671 1637 1757 1666 nu-

361 1709 601 1750 meramus,
625 1709 945 1754 numeroseque
973 1692 1259 1755 disponimus.

362 1853 432 1869 ml
437 1853 1755 1870 mmmmmwuwmmmmmmmmwmmmmmwmmmmmmm

894 1976 1114 2027 CAPUT
1149 1980 1216 2025 II·

648 2122 725 2169 De
744 2123 931 2168 senarii
950 2123 1140 2168 numeri
1154 2122 1471 2185 perfectione.

424 2262 482 2303 ΙΙ.
517 2262 762 2304 laverimus
792 2274 895 2318 ergo
917 2259 1137 2303 senarium
1166 2273 1400 2303 numerum
1439 2258 1631 2319 primum
1667 2273 1758 2303 esse

362 2330 628 2390 perfectum,
660 2347 710 2375 ea
744 2330 934 2385 ratione,
967 2329 1089 2391 quod
1123 2330 1206 2375 suis
1238 2329 1436 2390 partibus
1469 2329 1754 2390 compleatur.

366 2404 477 2447 Sunt
504 2402 620 2446 enim
653 2411 696 2446 et
724 2400 795 2445 alii
825 2401 996 2445 numeri
1027 2400 1117 2445 aliis
1147 2401 1284 2445 causis
1306 2401 1637 2462 rationibusque
1658 2416 1759 2461 per-

363 2472 479 2519 fecti.
507 2472 696 2518 Proinde
716 2474 847 2518 istum
866 2473 1083 2517 senarium
1112 2489 1160 2517 ea
1181 2472 1348 2518 ratione
1369 2471 1615 2534 perfectum
1645 2472 1759 2516 dixi·
1815 2529 1827 2533 Ἀ

363 2560 481 2602 mus,
516 2543 637 2606 quod
670 2544 756 2590 suis
795 2544 993 2605 partibus
1025 2544 1320 2606 compleatur,
1350 2544 1512 2590 talibus
1543 2544 1758 2591 duntaxat
