1854 3219
346 198 399 224 DE
431 194 641 224 Doc'l‘mNA
672 194 924 223 CHRISTIANA
959 197 1039 223 Lm.
1077 197 1137 222 lv,
1381 185 1430 225 71.

51 261 236 320 docent3
261 260 351 305 etsi
374 276 451 320 pro
465 260 523 304 eis
536 259 616 304 alia
630 260 815 318 integra,
837 275 937 320 quae
958 257 1277 317 intelliganuir,
1294 267 1435 318 potest

51 331 215 388 dicere,
235 330 279 375 id
298 330 432 389 magis
446 329 599 389 eliget:
618 330 648 373 si
674 338 923 374 autemnon
940 339 1103 389 potest,
1121 329 1207 375 sive
1225 329 1326 390 quia
1348 345 1438 377 non

49 411 152 447 sunt
165 436 177 459 ,
204 402 292 447 sive
313 401 417 462 quia
436 401 481 444 in
503 400 731 461 praesentia
753 415 843 444 non
864 408 1123 455 occurrunt,
1141 408 1291 450 utetur
1307 399 1439 447 etiam

49 473 192 531 verbis
213 472 357 518 minus
378 471 577 532 integris,
595 470 704 523 dum
721 480 868 524 tamen
886 487 952 523 res
974 472 1065 532 ipsa
1086 471 1294 522 doceatur
1308 480 1440 532 atque,

51 544 242 596 discatur
262 544 444 603 integre,

108 618 248 662 XXV.
284 618 342 660 Et
361 616 447 660 hoc
471 612 651 676 quidem
687 630 778 667 non
801 613 942 666 solum
971 614 1017 665 in
1047 612 1439 670 collocutionibus,

50 687 139 732 sive
155 687 263 731 fiant
284 702 385 731 cum
400 686 546 747 aliquo
571 701 683 741 uno,
699 686 787 730 sive
800 700 900 730 cum
917 683 1117 744 pluribus
1128 720 1138 740 ,
1154 684 1443 733 verumetiam

50 756 190 802 multo
211 757 346 816 magis
367 757 414 800 in
434 755 607 816 populis
620 755 798 816 quando
820 771 959 800 sermo
975 756 1190 815 promitur
1205 790 1216 811 ,
1242 763 1292 799 ut
1308 754 1441 799 intel-

48 827 237 887 ligamur
256 826 510 876 instandum
525 836 602 877 est.
624 827 793 880 Quiain
815 825 1180 878 collocutionibus
1203 835 1266 877 est
1284 826 1444 886 cuique

48 897 345 958 interrogandi
367 906 578 958 potestas:
598 897 677 941 ubi
696 906 842 941 autem
860 906 1007 942 tacent
1023 906 1074 941 ut
1091 896 1295 941 audiatur
1308 912 1440 953 unus,

50 979 93 1015 et
113 970 158 1014 in
180 985 281 1014 eum
297 970 466 1014 intenta
487 985 561 1014 ora
583 978 847 1015 convertunt
862 1005 872 1025 ,
899 969 959 1013 ibi
972 978 1022 1013 ut
1043 969 1237 1030 requirat
1257 968 1445 1030 quisque

49 1040 171 1102 quod
202 1056 292 1086 non
313 1040 596 1096 intellexerit,
621 1056 702 1085 nec
722 1040 854 1084 moris
877 1049 942 1084 est
962 1055 1043 1085 nec
1081 1039 1272 1085 decoris:
1297 1056 1346 1084 ac
1367 1055 1449 1100 per

49 1112 134 1162 hoc
153 1111 286 1162 debet
307 1111 493 1161 maxime
514 1111 676 1160 tacenti
707 1111 942 1157 subvenire
974 1124 1079 1155 cura
1106 1110 1302 1155 dicentis.
1328 1109 1448 1157 Solet

52 1192 199 1227 autem
216 1191 340 1227 motu
357 1198 436 1227 suo
453 1182 695 1242 significare
708 1191 859 1227 utrum
875 1179 1137 1226 intellexerit
1154 1181 1448 1240 cognoscendi

52 1252 176 1298 avida
204 1251 468 1296 multitudo:
503 1251 626 1312 quod
654 1250 794 1295 donec
827 1252 1062 1309 significet,
1087 1251 1351 1296 versandum
1384 1261 1450 1298 est

51 1322 172 1384 quod
191 1323 336 1382 agitur
352 1357 363 1378 ,
388 1321 651 1367 multimoda
664 1321 873 1366 varietate
886 1321 1060 1365 dicendi
1073 1342 1084 1380 3
1098 1321 1220 1382 quod
1238 1322 1284 1366 in
1301 1332 1449 1382 potes-

51 1403 140 1443 tate
163 1408 253 1439 non
274 1392 439 1440 habent
454 1427 465 1448 ‚
490 1392 567 1453 qui
590 1401 832 1452 praeparata
846 1427 857 1448 ‚
880 1401 923 1436 et
958 1392 1013 1437 ad
1033 1393 1217 1438 verbum
1240 1395 1448 1439 memori-

52 1473 118 1513 ter
149 1473 318 1513 retenta
345 1463 653 1525 pronuntiant.
689 1465 791 1509 Mox
814 1472 961 1508 autem
982 1473 1033 1508 ut
1063 1463 1338 1510 intellectum
1360 1481 1450 1511 esse

52 1536 296 1583 constiterit
310 1571 321 1592 ‚
343 1545 418 1582 aut
435 1551 576 1581 sermo
598 1533 840 1592 finiendus,
864 1535 1004 1580 autin
1023 1534 1106 1580 alia
1128 1537 1447 1582 transeundum

51 1617 130 1654 est.
149 1607 271 1653 Sicut
292 1607 409 1653 enim
431 1616 578 1667 gratus
601 1615 664 1651 est
685 1642 696 1662 ,
721 1606 798 1667 qui
817 1605 1121 1666 cognoscenda
1143 1607 1342 1653 enubilat
1361 1609 1452 1669 :[sic

53 1695 260 1726 onerosus
286 1687 375 1734 est,
399 1678 477 1740 qui
496 1678 668 1737 cognita
691 1676 885 1723 inculcat
900 1713 911 1734 ,
932 1678 991 1723 eis
1020 1678 1232 1724 duntaxat
1258 1695 1450 1740 quorum

53 1761 146 1796 tota
174 1750 419 1810 expectatio
448 1750 495 1794 in
526 1749 800 1795 dissolvenda
830 1765 1008 1807 eorum,
1033 1767 1134 1812 quae
1165 1751 1448 1813 panduntur,

55 1821 314 1867 difficultate
344 1820 580 1882 pendebat.
617 1823 727 1866 Nam
749 1819 997 1866 delectandi
1021 1823 1156 1882 gratia
1185 1823 1317 1868 etiam
1345 1833 1451 1869 nota

55 1892 287 1951 dicuntur3
308 1892 386 1938 ubi
406 1908 498 1938 non
514 1893 605 1953 ipsa
617 1927 628 1948 ‚
655 1892 730 1936 sed
744 1892 900 1938 modus
923 1910 1011 1954 quo
1029 1893 1238 1939 dicuntur
1255 1895 1448 1940 attendi-

54 1973 142 2009 tur.
166 1956 301 2017 Quod
321 1964 356 2008 si
377 1973 420 2009 et
440 1964 532 2024 ipse
542 1965 636 2025 jam
653 1972 783 2008 notus
798 1973 883 2019 est,
908 1973 1042 2025 atque
1065 1965 1340 2011 auditoribus
1350 1966 1448 2027 pla-

55 2045 146 2092 cet,
165 2050 278 2096 pene
314 2034 427 2080 nihil
462 2035 643 2080 interest
663 2044 815 2080 utrum
831 2036 866 2080 is
880 2071 891 2092 ,
925 2036 1003 2097 qui
1044 2035 1171 2093 dicit,
1197 2037 1340 2083 dictor
1378 2037 1450 2088 vel

55 2106 193 2151 lector
213 2106 281 2151 sit.
311 2105 463 2152 Solent
484 2106 598 2150 enim
622 2114 665 2151 et
696 2122 744 2151 ea
767 2123 867 2168 quae
888 2107 1119 2153 commode
1137 2109 1295 2169 scripta
1316 2119 1419 2155 sunt
1434 2146 1445 2166 ‚

56 2193 148 2222 non
179 2175 321 2222 solum
343 2177 398 2221 ab
427 2176 477 2221 iis
513 2177 674 2237 quibus
704 2178 904 2238 primitus
937 2178 1238 2235 innotescunt,
1255 2180 1450 2241 jocunde

60 2247 144 2306 legi
162 2269 173 2306 3
191 2263 346 2294 verum
366 2248 420 2292 ab
436 2248 500 2304 iis,
517 2248 664 2304 etiam,
681 2250 839 2309 quibus
857 2251 948 2311 jam
968 2260 1071 2295 nota
1085 2261 1201 2307 sunt,
1222 2267 1367 2313 neque
1380 2251 1452 2296 ad-

58 2319 145 2363 huc
161 2318 235 2363 illa
260 2318 315 2363 de
337 2319 547 2364 memoria
566 2319 727 2364 delevit
745 2320 929 2377 oblivio,
956 2338 1044 2366 non
1070 2323 1160 2366 sine
1176 2322 1450 2383 jocunditate

60 2389 215 2448 relegi,
232 2391 303 2436 vel
324 2391 379 2435 ab
395 2391 589 2452 utrisque
605 2390 792 2436 libenter
807 2393 962 2437 audiri.
980 2397 1087 2447 Quae
1103 2403 1253 2438 autem.
1267 2395 1450 2455 quisque

54 2462 145 2522 jam
163 2461 324 2507 oblitus
347 2472 432 2518 est,
451 2479 552 2508 cum
573 2474 896 2520 commonetur,
915 2464 1110 2510 docetur.
1143 2466 1228 2511 Sed
1249 2466 1303 2510 de
1317 2466 1450 2511 modo

62 2530 309 2576 delectandi
327 2549 444 2578 nunc
464 2550 548 2578 non
573 2549 651 2591 ago
669 2556 680 2591 3
706 2534 759 2577 do
778 2534 909 2579 modo
932 2552 1020 2594 quo
1036 2535 1219 2580 docendi
1235 2546 1357 2588 sunt,
1374 2537 1450 2596 qui
