1854 3219
343 231 396 258 m:
428 231 578 259 GENESI
611 229 665 257 An
698 227 942 267 LlTTERAM,
978 229 1060 256 ΜΒ.
1098 229 1163 254 111.
1348 214 1427 253 241

49 312 130 343 nec
150 297 242 342 sine
274 297 445 343 occulta
469 312 549 358 pro
577 311 656 341 suo
678 309 835 356 genere
865 293 1164 339 moderatione
1189 292 1436 354 pulchritu-

49 368 162 414 dinis
190 367 460 429 temporalis‚
485 367 616 412 etiam
638 383 689 411 ex
709 366 793 411 alio
812 367 857 410 in
877 365 997 410 aliud
1020 364 1308 420 transeundo,
1332 379 1434 408 mu-

48 448 212 484 tantur.
243 437 373 493 Quod
393 438 472 483 etsi
502 437 655 483 stultos
686 437 814 493 latet,
847 436 1052 482 sublucet
1079 435 1432 496 proficientibus,

49 509 304 571 clarumque
331 508 535 569 perfectis
569 517 647 553 est.
678 510 735 553 Et
762 517 878 553 certe
901 508 1104 553 omnibus
1136 505 1295 552 talibus
1325 505 1439 550 infe-

49 581 172 627 rioris
184 590 392 626 creaturae
409 580 602 626 motibus
618 580 871 641 praebentur
882 579 1050 624 homini
1068 577 1262 624 salubres
1286 577 1438 623 admo-

49 651 252 708 nitiones,
269 660 320 696 ut
334 650 478 697 videat
494 659 708 712 quantum
724 650 806 695 sibi
827 650 1113 709 satagendum
1130 650 1183 694 sit
1203 664 1283 708 pro
1301 648 1440 693 salute

50 722 232 783 spiritali
262 732 305 768 et
331 723 593 784 sempiterna
609 758 620 779 ,
644 739 732 784 qua
755 722 959 767 omnibus
989 720 1313 766 irrationalibus
1343 721 1438 764 ani—

50 794 270 839 mantibus
291 793 535 850 antecellit,
561 809 663 839 cum
684 793 758 838 illa
776 792 922 837 videat
938 809 963 837 a
983 792 1177 836 maximis
1200 791 1441 851 elephantis

52 882 191 927 usque
213 866 270 911 ad
290 866 492 911 minimos
510 865 771 911 vermiculos
787 881 867 925 pro
885 864 1022 910 salute
1040 864 1255 925 corporali
1271 874 1314 909 et
1334 873 1442 908 tem-

51 938 187 998 porali
203 973 214 994 ‚
238 953 370 999 quam
392 953 471 998 pro
493 938 559 982 sui
583 938 750 998 generis
770 936 976 982 inferiore
1000 936 1275 982 ordinatione
1291 937 1442 981 sortita

53 1018 178 1065 sunt,
203 1009 292 1055 sive
326 1009 587 1065 resistendo,
613 1009 701 1054 sive
727 1008 949 1065 cavendo,
980 1024 1105 1067 agere
1127 1008 1345 1069 quidquid
1366 1025 1443 1053 va-

52 1080 174 1126 lent:
209 1080 331 1141 quod
355 1096 445 1126 non
467 1090 670 1141 apparet,
702 1081 783 1125 nisi
804 1097 906 1125 cum
935 1079 1137 1142 quasdam
1161 1080 1442 1124 refectionem

53 1152 244 1213 corporis
267 1152 333 1197 sui
356 1167 408 1196 ex
438 1151 623 1197 aliorum
646 1153 901 1212 corporibus
933 1161 1161 1213 quaerunt·⁷
1194 1151 1276 1195 alia
1308 1167 1352 1195 se
1374 1150 1443 1195 vel

53 1223 328 1284 repugnandi
358 1223 545 1279 viribus,
577 1224 648 1269 vel
679 1223 796 1283 fugae
824 1224 1046 1284 praesidio,
1078 1223 1156 1268 vel
1175 1223 1444 1267 latebrarum

54 1295 296 1340 munimine
319 1304 512 1340 tuentur.
528 1298 635 1341 Nam
660 1304 704 1339 et
724 1295 814 1354 ipse
832 1294 1023 1354 corporis
1040 1293 1166 1339 dolor
1182 1294 1227 1337 in
1245 1292 1447 1354 quolibet

55 1366 274 1412 animante
296 1381 451 1424 magna
483 1375 526 1410 et
557 1365 767 1410 mirabilis
798 1365 952 1409 animae
980 1365 1044 1409 vis
1071 1374 1157 1419 est,
1198 1380 1298 1425 quae
1325 1363 1446 1407 illam

54 1452 309 1497 compagem
331 1436 546 1481 ineffabili
567 1436 853 1496 permixtione
875 1435 1065 1480 vitaliter
1092 1436 1307 1490 continet,
1337 1445 1379 1479 et
1402 1436 1448 1478 in

53 1507 293 1569 quamdam
315 1508 381 1552 sui
403 1506 571 1552 moduli
588 1507 746 1567 redigit
762 1507 999 1563 unitatem,
1022 1523 1123 1552 cum
1146 1522 1241 1550 eam
1264 1521 1354 1550 non
1377 1506 1447 1549 in-

54 1577 324 1634 differenter,
345 1578 420 1624 sed
437 1588 488 1624 ut
503 1579 563 1624 ita
579 1577 736 1635 dicam,
752 1577 1033 1638 indignanter
1046 1578 1211 1639 patitur
1224 1577 1448 1638 corrumpi

55 1658 186 1711 atque
206 1649 395 1696 dissolvi.

0 1808 1 1813 ¹
56 1805 1446 1825 MWUMMWUMWWUMWMMWMMWWWWMXMRMNBAWW

550 1941 767 1992 CAPUT
805 1943 967 1992 XVII.

138 2073 410 2137 δενιιριιῖιω*Χ
422 2074 483 2121 de
497 2074 777 2138 corporibus
798 2084 1095 2121 mortuorum
1113 2073 1368 2122 devoratis.

118 2213 281 2258 XXVI.
307 2215 442 2257 Iun-n
473 2213 603 2258 etiam
634 2213 815 2259 fortasse
842 2212 1035 2274 aliquem
1061 2222 1260 2269 moveat,
1291 2213 1326 2258 si
1357 2213 1452 2258 ani-

9 2310 11 2325 <
60 2281 189 2327 malia
228 2282 355 2328 noxia
386 2283 507 2329 vivos
534 2284 733 2329 homines
771 2293 847 2329 aut
877 2283 1111 2344 poenaliter
1144 2283 1338 2340 laedunt,
1378 2293 1454 2328 aut

61 2352 292 2398 salubriter
314 2363 540 2410 exercent,
565 2364 641 2399 aut
662 2354 828 2399 utiliter
848 2355 1065 2416 probant,
1098 2364 1173 2399 aut
1203 2355 1454 2414 ignoranter

12 2445 15 2465 ι
60 2420 243 2479 docent,
267 2440 346 2469 cur
364 2426 410 2469 in
431 2441 547 2471 escas
570 2441 667 2470 suas
689 2425 929 2471 dilacerant
951 2426 1084 2471 etiam
1105 2441 1287 2486 corpora
1309 2425 1453 2470 homi-

14 2528 15 2532 *
63 2507 172 2537 num
199 2498 499 2540 mortuorum?
520 2496 654 2550 Quasi
675 2511 778 2541 vero
799 2495 1042 2557 quidquam
1072 2497 1242 2541 intersit
1265 2496 1320 2541 ad
1352 2512 1454 2541 nos-

65 2571 175 2608 tram
192 2564 441 2622 utilitatem,
455 2567 532 2612 ista
551 2583 650 2613 caro
661 2569 752 2628 jam
766 2567 970 2613 exanimis
987 2569 1030 2612 in
1050 2577 1217 2612 naturae
1234 2566 1453 2627 profunda

279 2647 387 2677 exn.
1243 2640 1291 2677 iss
