1854 3219
406 198 485 236 146
837 207 869 232 5.
907 208 1134 234 ,1000511111
1171 208 1349 234 ieriscom

400 370 669 388 mv.mm„m
672 370 750 385 „„„„„
750 369 803 386 m,
809 368 1782 393 mmrm.mw„mm;mmm=mwwmm

911 481 1128 533 CAPUT
1167 485 1274 532 XV.

397 615 475 662 De
498 613 665 661 eodem
678 613 911 661 versiculo
930 623 984 660 20
1003 624 1049 660 et
1062 613 1121 661 de
1134 624 1203 672 21,
1227 622 1298 672 22,
1317 620 1371 659 23
1392 623 1437 660 et
1454 618 1508 660 24
1527 612 1783 662 Geneseos.

455 756 659 798 XLVIII.
686 772 705 795 «
723 756 924 799 Emeum
936 770 1061 814 aqum
1078 753 1247 813 reptilia
1265 751 1507 796 animarum
1523 752 1736 798 vivarum.
1765 769 1786 793 »

397 828 487 871 Cur
516 824 714 869 additum
730 835 793 870 est
811 825 1037 870 «vivarum
1051 827 1068 868 P
1081 843 1099 865 »
1119 827 1186 869 An
1205 832 1386 883 possunt
1403 838 1492 867 esse
1510 822 1683 878 animae,
1708 823 1790 867 nisi

398 896 572 940 vivant?
585 900 652 940 An
667 895 792 940 istam
806 894 1144 940 manifestiorem
1161 895 1294 938 vitam
1309 894 1616 939 commendare
1632 893 1787 949 voluit,

398 983 498 1029 qure
538 967 649 1011 inest
685 966 945 1011 animalibus
979 966 1291 1022 sentientibus,
1324 966 1533 1027 quoniam
1562 965 1714 1025 stirpes
1742 980 1791 1009 ea

396 1040 571 1083 carent?
587 1058 605 1080 «
621 1041 678 1082 Et
692 1038 883 1082 volatilia
898 1037 1089 1083 volantia
1104 1053 1233 1097 super
1252 1046 1412 1081 terram
1423 1037 1505 1081 sub
1516 1037 1791 1080 firmamento

401 1128 421 1151 »
458 1110 572 1155 coeli.
592 1131 607 1151 »
638 1109 884 1155 Sivolatilia
902 1126 991 1155 non
1006 1109 1154 1155 volant
1167 1110 1211 1153 in
1235 1109 1309 1154 illo
1332 1109 1563 1170 purissimo
1577 1112 1696 1163 aere,
1714 1108 1791 1152 ubi

399 1181 520 1226 nulla
536 1181 687 1225 nubila
709 1181 934 1236 oriuntur,
957 1181 1059 1225 hine
1081 1179 1360 1225 manifestum
1382 1190 1446 1225 est
1465 1180 1521 1224 ad
1538 1181 1789 1224 firmamen-

399 1262 495 1297 tum
523 1268 625 1296 eum
647 1253 892 1312 pertiner03
944 1253 1046 1314 quia
1077 1252 1159 1296 sub
1187 1253 1464 1296 firmamento
1499 1250 1600 1295 coeli
1623 1250 1792 1296 dictum

397 1334 461 1369 est
474 1323 668 1369 volatilia
680 1323 828 1369 volare
843 1339 973 1385 super
995 1333 1169 1367 terram.
1186 1343 1206 1366 «
1217 1326 1274 1368 Et
1290 1324 1347 1368 sic
1368 1324 1534 1367 factum
1547 1332 1624 1367 est.
1640 1322 1793 1368 »Ordo

398 1394 471 1440 ille
484 1404 693 1440 servatur.
717 1394 912 1456 Ideoque
925 1394 1207 1455 subjungitur
1218 1395 1330 1439 sieut
1341 1395 1387 1439 in
1399 1394 1564 1439 caeteris
1580 1429 1591 1452 ,
1611 1403 1792 1455 excepta

397 1467 518 1523 luce,
545 1484 645 1529 quae
667 1467 785 1528 prior
799 1465 911 1512 faeta
935 1476 1012 1512 est.

457 1541 617 1583 XLIX.
640 1541 722 1583 «Et
739 1537 841 1583 feeit
862 1541 978 1583 Deus
1000 1547 1117 1583 cetos
1131 1553 1328 1598 magnos,
1344 1548 1388 1583 et
1410 1553 1586 1583 omnem
1599 1537 1790 1584 animam

402 1631 419 1652 »
456 1609 711 1654 animalium
739 1609 1011 1670 repentium,
1032 1626 1131 1671 quae
1159 1610 1382 1670 ejecerunt
1400 1626 1526 1670 aquae
1548 1608 1792 1654 secundum

400 1700 421 1724 >›
458 1697 594 1741 genus
627 1696 780 1725 eorum
818 1689 860 1724 et
895 1695 1025 1725 omne
1052 1680 1231 1725 volatile
1268 1690 1511 1741 pennatum
1548 1680 1794 1725 secundum

400 1768 536 1812 genus
564 1754 737 1797 suum1.
767 1770 787 1792 ))
815 1751 1146 1796 Meminerimus
1168 1767 1269 1795 sane
1292 1751 1535 1796 seeundum
1563 1768 1691 1797 suum
1715 1767 1792 1812 ge-

399 1840 503 1880 nus,
529 1824 584 1869 de
612 1825 661 1868 iis
685 1824 890 1869 creaturis
918 1823 1026 1879 diei⁷
1051 1839 1151 1884 quae
1174 1823 1369 1868 seminali
1396 1824 1635 1884 propagine
1663 1841 1792 1885 repa-

398 1906 572 1941 rantur:
590 1911 691 1939 nam
707 1894 760 1939 de
775 1895 919 1938 herbis
936 1895 1026 1955 jam
1040 1894 1124 1939 1100
1137 1930 1147 1948 ,
1163 1903 1205 1937 et
1219 1893 1273 1938 de
1293 1894 1521 1940 arboribus
1534 1895 1700 1939 dietum
1711 1905 1788 1940 est.

402 1987 420 2009 «
456 1972 512 2012 Et
535 1983 664 2012 omne
685 1965 860 2011 volatile
882 1975 1138 2026 pennatum.
1169 1984 1188 2007 »
1217 1967 1306 2010 Cur
1327 1965 1527 2010 additum
1550 1976 1614 2011 est
1639 1986 1659 2009 α
1683 1983 1793 2027 pen-

401 2059 421 2081 »
457 2041 641 2083 natum?
666 2057 685 2080 n
709 2042 777 2083 An
799 2047 942 2098 potest
964 2053 1053 2081 esse
1075 2035 1274 2092 volatile,
1295 2038 1416 2097 quod
1434 2054 1597 2098 pennas
1613 2055 1703 2083 11011
1717 2039 1793 2084 ha-

398 2110 529 2154 beat?
547 2110 632 2154 Sed
645 2110 678 2153 si
693 2117 837 2169 potest
852 2143 862 2163 ,
880 2107 1097 2168 numquid
1107 2108 1189 2151 hoe
1206 2122 1342 2166 genus
1362 2108 1467 2152 feeit
1486 2112 1600 2153 Deus
1619 2131 1629 2168 3
1646 2126 1790 2171 quan-

399 2180 639 2242 doquidem
657 2197 746 2225 non
764 2181 985 2225 invenitur
1000 2179 1076 2223 ubi
1098 2179 1152 2223 sit
1166 2177 1357 2223 fficium?
1374 2183 1443 2224 An
1456 2181 1636 2226 omnino
1650 2190 1792 2241 potest

398 2252 640 2314 quidquam
658 2252 805 2296 volare
842 2251 932 2296 sine
969 2250 1123 2311 pennis
1142 2252 1158 2294 Ρ
1180 2253 1288 2296 Nam
1313 2260 1356 2294 et
1376 2251 1725 2312 vespertiliones,
1749 2261 1791 2297 et

397 2323 599 2379 loeustae,
619 2333 662 2368 et
679 2339 861 2378 muscae,
879 2332 922 2366 et
943 2322 976 2366 si
1005 2322 1113 2382 quid
1134 2321 1385 2384 hujusmodi
1410 2331 1473 2366 est
1491 2322 1611 2384 quod
1630 2323 1790 2383 plumis
1849 2383 1851 2388 ,

397 2405 562 2450 eareat,
579 2395 732 2455 pennis
755 2410 845 2438 non
862 2402 993 2438 earet.
1018 2392 1101 2437 Sed
1124 2412 1142 2434 «
1169 2402 1410 2453 pennatum
1436 2411 1456 2433 »
1483 2393 1682 2438 additum
1701 2404 1786 2450 est,

399 2482 454 2511 ne
467 2466 578 2510 solas
601 2481 699 2510 aves
724 2464 1060 2523 intelligeremus
1076 2484 1086 2521 ς
1103 2464 1311 2524 quoniam
1325 2464 1458 2523 pisces
1475 2465 1783 2523 pennatisunt‚
1848 2459 1854 2483 ³⁴

449 2571 456 2586 ¹
480 2566 559 2596 Gen.
580 2574 602 2602 1,
622 2571 677 2595 21.
