1854 3219
331 192 385 218 DE
417 191 568 220 GENEsr
600 192 655 220 AD
688 192 927 232 ιΙΤΤΕιιΑΜ,
962 194 1044 219 Lm.
1081 193 1159 218 xii.
1356 181 1438 219 595

58 271 142 301 nee
168 257 207 302 ei
231 257 416 313 sufficit,
442 257 518 302 sed
540 258 679 317 pergit
705 274 900 318 quaerere
920 257 1038 302 unde
1053 258 1201 301 -dictus
1223 257 1278 300 sit
1298 266 1440 312 catus,

58 327 245 373 vicissim
270 327 430 372 referre
452 337 496 372 et
517 344 712 388 quaerere
735 329 852 373 unde
878 329 1020 373 dictus
1049 329 1101 372 sit
1124 336 1299 384 acutus3
1323 325 1446 387 quod

59 396 342 443 nihilominus
364 398 517 458 utique
542 398 793 457 ignorabat3
818 399 892 443 sed
918 399 1020 459 quia
1043 399 1251 442 usitatum
1282 412 1444 442 nomen

58 476 166 523 erat,
186 468 401 528 patienter
427 470 519 529 ejus
542 469 754 527 originem
778 469 995 524 nesciebat
1020 488 1030 513 ;
1055 468 1176 529 quod
1193 478 1338 512 autem
1358 483 1440 512 no-

57 553 162 583 vum
193 539 388 584 insonuit
414 539 614 596 auribus,
648 556 804 600 parum
825 550 951 601 putat
982 556 1106 584 nosse
1134 539 1243 600 quid
1271 539 1439 598 signifi·-

56 608 198 654 cando
215 609 378 667 valeat,
403 610 485 655 nisi
507 611 636 656 etiam
656 611 775 655 unde
800 612 967 655 dicatur
989 611 1202 671 exquirat.
1230 609 1436 669 Quisquis

54 695 159 740 ergo
180 697 231 726 ex
252 697 321 726 me
348 683 508 743 quaerit
528 683 647 727 unde
668 683 756 729 visa
784 684 1081 743 corporalibus
1103 681 1258 726 similia
1284 681 1331 724 iu
1353 696 1429 724 ex-

57 751 138 796 tasi
156 761 414 812 appareant,
439 769 539 814 quae
562 770 658 798 raro
681 752 838 798 accidit
862 754 1038 809 animae,
1063 753 1249 798 vicissim
1267 766 1434 812 quaero,

59 820 180 866 unde
201 832 438 883 appareant
454 822 788 880 dormientibus,
810 841 908 884 quae
925 824 1118 884 quotidie
1135 823 1266 868 sentit
1281 822 1441 876 anima,

60 901 105 937 et
134 908 264 938 nemo
300 892 418 938 istud
451 904 526 939 aut
556 911 655 953 non*
678 894 869 939 multum
902 904 1024 939 curat
1052 895 1286 954 inquirere.
1313 891 1447 945 Quasi

60 978 164 1008 vero
184 962 284 1008 ideo
305 964 450 1008 minus
467 965 575 1010 mira
589 966 642 1009 sit
662 965 815 1010 talium
828 974 983 1009 natura
995 969 1202 1019 visorum,
1221 964 1324 1024 quia
1340 977 1448 1023 quo-

62 1032 226 1079 tidiana
246 1043 337 1093 est3
361 1045 438 1080 aut
457 1035 556 1081 ideo
578 1036 723 1081 minus
750 1035 942 1081 curanda
957 1071 967 1091 ‚
998 1036 1101 1096 quia
1132 1035 1327 1079 omnium
1358 1041 1446 1091 est;

62 1115 138 1150 aut
154 1105 188 1150 si
214 1115 330 1151 recte
352 1105 518 1152 faciunt
539 1108 616 1168 qui
637 1108 715 1152 ista
736 1124 826 1152 non
850 1116 1079 1168 quaerunt,
1105 1123 1194 1151 non
1216 1105 1372 1150 rectius
1388 1103 1448 1147 fe-

62 1176 202 1221 cerint
221 1177 256 1221 si
275 1193 357 1222 nec
377 1178 424 1221 in
445 1177 520 1222 illa
541 1178 698 1222 curiosi
722 1179 821 1223 sint.
854 1182 946 1237 Ego
972 1194 1074 1223 vero
1095 1176 1236 1221 multo
1264 1175 1450 1236 amplius

64 1245 278 1298 admiror,
310 1246 540 1309 multoque
567 1249 752 1293 maxime
775 1258 930 1309 stupeo
958 1258 1123 1309 quanta
1154 1246 1374 1292 celeritate
1401 1261 1450 1290 ac

62 1315 272 1362 facilitate
292 1318 337 1364 in
355 1334 400 1363 se
417 1319 557 1364 anima
580 1318 815 1364 fabricetur
836 1319 1044 1378 imagines
1067 1333 1300 1378 corporum
1317 1353 1328 1373 ⁷
1351 1332 1450 1378 quae

62 1403 142 1451 per
159 1389 351 1449 corporis
373 1390 522 1435 oculos
543 1389 724 1446 viderit,
749 1406 880 1451 quam
900 1389 1210 1434 somniantium
1228 1388 1297 1434 vel
1319 1388 1449 1431 etiam

63 1458 111 1504 in
132 1459 264 1504 extasi
279 1460 479 1505 visiones.
506 1464 806 1521 Quaecumque
823 1470 970 1505 tamen
994 1459 1068 1504 illa
1084 1469 1239 1504 natura
1255 1459 1450 1504 visorum

65 1538 130 1577 est
147 1529 302 1590 procul
319 1530 457 1575 dubio
479 1547 635 1591 corpus
656 1547 746 1576 non
768 1540 846 1575 est.
872 1534 965 1575 Hoc
983 1546 1107 1575 nosse
1125 1530 1196 1574 cui
1217 1546 1307 1574 non
1328 1529 1451 1573 suffi-

65 1602 146 1658 cit,
172 1601 292 1646 unde
313 1602 445 1648 etiam
470 1603 678 1658 existant,
704 1602 897 1663 inquirat
930 1603 986 1646 ab
1008 1602 1122 1656 aliis,
1159 1617 1229 1645 me
1251 1601 1451 1661 ignorare

64 1674 294 1721 confiteor.

67 1831 550 1855 mmmmm
554 1831 834 1849 ΜΜΜΜΜΜ
838 1830 1046 1848 mmm
1050 1829 1455 1849 WWSQANMMWVNVWW

564 1951 784 2004 CAPUT
821 1956 961 2002 XIX·v

433 2096 574 2145 Unde
595 2106 864 2143 nascantur
882 2097 1101 2142 visiones,

133 2239 250 2282 XLI.
269 2238 404 2280 Imm
417 2233 547 2294 plane
569 2233 867 2293 exemplorum
885 2230 1186 2291 experimentis
1208 2229 1354 2289 colligi
1375 2230 1449 2274 da-

72 2317 172 2363 tur,
212 2306 322 2351 sicut
352 2320 584 2365 corporum
613 2303 776 2363 pallor,
809 2303 971 2357 rubor,
1007 2311 1190 2356 tremor,
1226 2299 1295 2344 vel
1326 2301 1456 2344 etiam

72 2379 252 2425 morbus
274 2376 510 2438 aliquando
534 2393 558 2420 a
580 2391 759 2435 corpore
781 2374 916 2418 habet
943 2388 1112 2427 causas,
1138 2370 1373 2432 aliquando
1401 2370 1455 2414 ab

74 2451 240 2509 anima3
266 2459 309 2494 et
331 2466 354 2494 a
378 2463 559 2509 corpore
587 2447 793 2508 quidem,
820 2461 921 2490 cum
952 2443 1021 2488 vel
1053 2444 1212 2487 humor
1241 2441 1459 2487 suffundi-

77 2531 165 2578 tur,
188 2520 259 2567 vel
278 2521 398 2566 cibus
421 2520 490 2565 vel
513 2517 677 2579 aliquid
695 2516 814 2562 aliud
837 2515 1007 2575 corpori
1028 2515 1233 2574 injectum
1258 2513 1460 2557 extrinse-

1186 2585 1250 2624 38.
