1854 3219
220 187 274 230 n'E
306 201 457 230 GENES1
489 198 544 228 An
575 198 819 237 ιιΤτΕῐιΑΜ,
857 199 1146 227 IMPERFECTUS
1178 198 1261 226 Lm.
1346 185 1427 224 153

44 267 135 313 aliis
157 267 342 312 amicitia
370 265 583 311 similibus
601 265 797 310 moribus
819 265 975 319 confit,
1002 262 1078 308 sed
1098 263 1228 307 etiam
1250 262 1295 307 in
1316 278 1428 307 una-

43 354 217 400 quaque
235 339 378 384 anima
398 336 556 381 similes
579 337 768 382 actiones
786 344 917 396 atque
937 335 1118 379 virtutes
1131 370 1141 390 ,
1159 335 1249 379 sinc
1270 334 1430 395 quibus

44 409 286 455 constantia
299 422 389 454 esse
410 423 500 452 non
520 416 683 468 potest,
701 407 874 451 beatam
888 406 1021 449 vitam
1042 404 1250 450 indicant.
1270 403 1432 450 Similia

43 495 148 526 vero
180 479 325 525 omnia
347 480 464 535 haec,
490 494 580 523 non
603 488 750 523 autem
771 478 907 538 ipsam
928 476 1256 521 similitudinem
1278 491 1434 535 possu-

43 566 141 596 mus
158 550 318 595 dicere.
338 552 613 610 Quapropter
625 549 657 593 si
678 548 810 593 rebus
830 548 943 593 inter
959 564 1003 592 se
1021 546 1233 593 similibus
1254 547 1434 590 univer—

44 622 144 668 sitas
162 630 351 677 constat‚
367 629 418 666 ut
431 620 613 681 singulae
629 621 714 665 sint
726 619 946 681 quidquid
958 629 1059 664 sunt
1075 629 1118 664 ct
1135 634 1284 664 omnes
1297 618 1436 677 ipsam

48 693 378 738 universitatem
396 692 659 752 compleant,
671 706 803 752 quam
820 694 932 736 Deus
947 690 1209 744 etcondidit‚
1221 698 1264 733 et
1273 689 1436 748 guber-

45 773 235 823 nat3per
255 762 586 808 similitudinem
602 763 694 823 ejus
715 761 936 822 profecto,
962 762 1039 822 qui
1060 760 1257 807 condidit
1271 760 1433 815 omnia,

46 834 441 893 supereminentem
463 842 595 894 atque
616 832 1019 878 incommutabilem
1045 842 1088 877 et
1118 832 1438 876 incontamina-

47 904 182 949 bilem
202 904 304 949 talia
316 902 430 949 facta
446 913 564 960 sunt,
580 914 629 948 ut
642 903 853 949 similibus
866 904 980 948 inter
990 919 1034 948 se
1047 903 1242 964 partibus
1256 903 1439 963 pulchra

43 976 130 1021 sint
143 1010 154 1031 ‚
174 975 232 1020 ad
252 976 388 1036 ipsam
404 984 552 1020 tamen
567 975 898 1020 similitudinem
916 975 1061 1020 omnia
1082 990 1172 1019 non
1189 974 1303 1019 facta
1328 973 1412 1018 sint
1424 1008 1435 1028 ‚

44 1044 121 1091 sed
140 1044 230 1090 sola
252 1045 494 1090 substantia
514 1045 754 1091 rationalis:
776 1061 911 1106 quare
925 1044 1070 1090 omnia
1091 1060 1169 1105 per
1185 1045 1322 1104 ipsam
1336 1079 1346 1099 ,
1364 1042 1439 1089 scd

45 1116 102 1162 ad
121 1117 258 1177 ipsam
279 1117 454 1162 nonnisi
472 1117 630 1161 anima.

54 1239 56 1241 ,
104 1190 197 1231 LX.
233 1186 472 1232 Rationalis
492 1187 639 1248 itaque
656 1187 895 1233 substantia
912 1196 956 1232 et
976 1202 1053 1247 per
1074 1187 1209 1247 ipsam
1228 1185 1342 1231 facta
1355 1195 1434 1241 est,

47 1267 91 1301 ct
112 1257 168 1302 ad
181 1257 318 1317 ipsam
336 1273 450 1302 :non
468 1260 585 1301 enim
603 1257 763 1303 estulla
776 1267 931 1302 natura
948 1257 1215 1318 interposita.
1229 1256 1440 1311 Quando-

46 1328 227 1389 quidem
245 1343 368 1372 mens
385 1328 598 1385 humana,
624 1328 769 1390 (quod
787 1345 876 1375 non
893 1329 1046 1384 sentit,
1071 1329 1154 1373 nisi
1171 1345 1272 1373 cum
1295 1329 1439 1388 puris-

46 1399 153 1444 sima
164 1406 207 1443 et
223 1398 469 1444 beatissima
482 1409 546 1444 est
557 1402 596 1458 ‚)
609 1399 721 1444 nulli
738 1402 928 1445 cohaeret
945 1401 1026 1445 nisi
1040 1401 1118 1460 ipsi
1131 1401 1322 1456 veritati,
1339 1416 1441 1461 quae

46 1470 286 1517 similitudo
302 1480 346 1516 et
362 1471 505 1531 imago
524 1472 660 1517 Patris
674 1481 718 1517 et
729 1472 937 1533 sapientia
955 1472 1128 1517 dicitur.
1155 1475 1290 1517 Recte
1310 1472 1443 1531 igitur

46 1541 289 1587 secundum
298 1541 381 1587 hoc
395 1542 704 1603 quodinterius
718 1552 762 1587 et
770 1543 1010 1603 principale
1018 1543 1206 1588 hominis
1215 1552 1294 1598 est,
1306 1543 1351 1587 id
1359 1552 1438 1598 est,

45 1611 288 1657 secundum
299 1621 492 1657 mentem
501 1613 712 1673 accipitur
725 1632 733 1659 :
753 1632 774 1656 «
786 1613 1012 1658 Faciamus
1020 1613 1242 1659 hominem
1262 1613 1319 1658 ad
1334 1614 1442 1658 ima-

49 1701 71 1725 »
107 1683 250 1743 ginem
267 1692 311 1727 et
332 1681 661 1728 similitudinem
682 1694 920 1729 nostram.»
947 1687 1012 1729 Ex
1026 1684 1102 1729 illo
1124 1685 1241 1729 enim
1257 1686 1379 1746 quod
1395 1685 1441 1729 in

47 1753 228 1799 homine
249 1753 544 1813 principatum
560 1763 701 1810 tenet,
719 1754 840 1815 quod
857 1770 958 1799 eum
981 1755 1191 1816 disjungit
1212 1772 1235 1800 a
1258 1755 1437 1811 belluis,

47 1833 166 1869 totus
187 1832 251 1867 est
271 1823 405 1868 homo
427 1822 722 1870 aestimandus.
750 1826 917 1870 Caetera
943 1825 989 1868 in
1026 1841 1077 1870 eo
1108 1842 1362 1886 quanquam
1396 1826 1442 1870 in

49 1911 128 1940 suo
145 1909 302 1953 genere
324 1893 508 1955 pulchra
525 1895 632 1951 sint,
653 1905 799 1940 tamen
816 1912 916 1941 cum
939 1897 1170 1957 pecoribus
1192 1898 1442 1944 communia

49 1975 152 2010 sunt
165 2000 176 2021 ,
193 1981 242 2010 ac
261 1980 334 2025 per
346 1964 492 2010 hocin
509 1966 689 2010 homine
699 1967 1069 2026 parvipendenda.
1090 1968 1179 2012 Nisi
1192 1966 1304 2012 forte
1321 1968 1443 2029 quod

52 2035 108 2081 ad
128 2035 393 2081 intuendum
414 2035 579 2082 coelum
601 2037 740 2097 figura
762 2038 944 2082 humani
967 2038 1158 2098 corporis
1181 2048 1323 2084 erecta
1349 2049 1412 2084 est
1427 2075 1438 2096 ‚

51 2106 167 2154 valet
183 2107 350 2169 aliquid
371 2108 502 2152 etiam
518 2117 570 2153 ut
590 2124 748 2169 corpus
768 2109 913 2169 ipsum
935 2109 991 2154 ad
1013 2110 1342 2155 similitudinem
1365 2111 1443 2156 Dei

52 2179 218 2224 factum
239 2178 440 2223 credatur
457 2200 468 2237 3
487 2189 538 2224 ut
550 2179 922 2241 quemadmodum
936 2198 959 2226 a
972 2185 1099 2226 Patre
1112 2181 1185 2226 illa
1203 2181 1442 2228 similitudo

53 2265 144 2294 non
162 2251 372 2295 avertitur
385 2285 396 2306 ‚
421 2250 482 2295 ita
511 2267 668 2311 corpus
690 2252 934 2296 humanum
954 2269 977 2296 a
999 2253 1113 2298 coelo
1133 2269 1222 2298 non
1242 2254 1296 2298 sit
1317 2270 1442 2299 aver-

54 2335 173 2376 sum,
197 2320 308 2365 sicut
334 2319 520 2367 aliorum
547 2337 727 2382 corpora
753 2322 1005 2367 animalium
1026 2339 1171 2368 aversa
1191 2334 1314 2380 sunt,
1340 2326 1443 2385 quia

54 2405 192 2451 prona
213 2391 259 2435 in
280 2390 426 2436 alvum
447 2401 798 2451 prosternuntur.
828 2392 911 2438 Sed
930 2403 1075 2438 tamen
1089 2386 1186 2439 'hoc
1212 2411 1302 2440 non
1324 2396 1443 2440 omni

56 2460 188 2504 modo
210 2460 510 2520 accipiendum
527 2471 610 2507 est:
636 2478 738 2506 nam
760 2478 916 2522 corpus
938 2473 1135 2508 nostrum
1154 2480 1177 2508 a
1205 2464 1318 2509 coelo
1340 2464 1442 2525 plu-

58 2530 215 2574 rimum
238 2529 414 2589 differt3
438 2532 480 2576 in
508 2531 580 2579 illa
613 2548 715 2577 vero
737 2532 1043 2588 similitudine,
1068 2551 1168 2594 quae
1189 2535 1325 2580 Filius
1347 2546 1409 2579 est
1428 2571 1440 2589 ‚
