1854 3219
366 183 418 209 DE
450 179 659 209 noemmin
692 180 951 209 cnaisTiANA
985 184 1066 209 Lm.
1105 184 1163 209 n.
1405 173 1458 210 95

27 264 31 266 ‘
71 265 92 288 »
126 258 348 308 quaerere3
373 245 546 291 nullum
565 244 749 301 laedere,
775 246 888 289 bene
912 246 1026 290 velle
1056 246 1288 304 omnibus,
1315 261 1458 291 assur-

70 337 90 360 »
126 333 226 376 gere
254 316 490 378 majoribus
508 325 642 371 natu,
675 315 919 376 aequalibus
950 332 1040 361 non
1061 315 1256 361 invidere
1272 352 1282 372 ,
1308 317 1458 375 fugere

72 407 90 430 »
121 389 376 449 J'actantiam
392 423 402 443 ,
427 388 639 433 rationem
669 387 820 448 sequi,
857 403 1000 431 amare
1023 388 1245 432 virtutem.
1271 388 1458 440 Quando

21 477 23 480 >
69 478 90 502 »
123 460 203 505 ista
222 459 293 505 vel
323 455 450 505 vultu
477 459 588 503 laesit
614 460 840 519 parentes?
867 458 1054 512 Quando
1075 458 1276 502 dissensit
1297 475 1321 503 a
1352 474 1457 518 pro-

70 550 89 572 »
123 531 328 591 pinquis?
349 529 536 584 Quando
555 528 765 574 fastidivit
785 528 1031 573 humilem?
1052 527 1240 582 Quando
1262 529 1355 572 risit
1377 528 1457 573 de-

69 618 90 642 »
124 601 292 645 bilem?
312 601 500 654 Quando
517 600 671 645 vitavit
693 600 903 659 inopem?
927 602 1013 643 Eos
1035 598 1146 643 solos
1168 598 1294 643 solita
1316 608 1458 643 coetus

69 690 89 713 »
122 672 316 717 virorum
348 672 556 728 invisere,
587 687 696 732 quos
719 669 1013 715 misericordia
1042 686 1133 715 non
1153 669 1453 726 erubesceret,

68 761 90 785 n
124 759 268 804 neque
289 743 528 803 praeteriret
556 742 835 789 verecundia.
872 742 990 788 Nihil
1014 752 1189 787 torvum
1210 741 1257 786 in
1286 741 1452 787 oculis:

70 833 88 856 ))
123 813 233 858 nihil
252 815 298 858 in
314 814 456 858 verbis
470 829 649 874 procax,
670 813 780 874 nihil
797 814 843 857 in
861 822 960 858 actu
979 812 1321 858 inverecundum
1341 832 1351 869 3
1366 827 1457 857 non

66 902 88 926 n
123 893 266 943 gestus
288 885 480 940 fractior,
505 901 596 929 non
617 885 806 929 incessus
821 884 1018 939 solutior,
1039 900 1130 929 non
1153 900 1235 929 vox
1256 883 1457 944 petulan-

67 973 88 996 »
122 955 222 1011 tior,
246 965 297 1000 ut
318 956 410 1016 ipsa
430 956 622 1016 corporis
637 956 798 1015 species
817 954 1099 1000 simulacrum
1117 955 1250 998 fuerit
1269 955 1428 999 mentis
1442 990 1453 1010 ,

65 1044 88 1067 »
123 1035 166 1070 et
186 1028 327 1086 figura
357 1027 600 1088 probitatis.
638 1030 756 1072 Bona
780 1027 942 1088 quippe
966 1026 1122 1071 domus
1143 1026 1189 1069 in
1211 1026 1305 1085 ipso
1327 1026 1458 1070 vesti-

66 1116 87 1139 »
122 1098 230 1143 bulo
247 1099 380 1143 debet
399 1099 596 1159 agnosci,
613 1115 661 1143 30
679 1099 820 1158 primo
842 1096 1090 1158 praetendat
1110 1097 1305 1155 ingressu
1320 1132 1330 1152 ,
1347 1096 1456 1141 nihil

65 1188 87 1211 »
121 1170 239 1215 intus
266 1170 400 1215 latere
428 1171 735 1225 tenebrarum,
774 1180 985 1231 tanquam
1015 1169 1207 1213 lucernae
1235 1168 1309 1212 lux
1338 1169 1456 1213 intus

65 1259 86 1282 »
121 1242 288 1301 posita,
315 1241 417 1286 foris
439 1241 597 1286 luceat.
635 1241 752 1294 Quid
789 1257 870 1299 ego
903 1256 1092 1300 exequar
1123 1240 1325 1284 ciborum
1353 1255 1456 1299 par-

66 1330 88 1354 «
121 1312 380 1367 cimoniam,
417 1311 663 1356 officiorum
705 1309 1068 1363 redundantiam,
1112 1309 1298 1353 alterum
1339 1309 1456 1354 ultra

53 1381 85 1424 'n
120 1392 321 1427 naturam
336 1381 613 1442 superfuisse,
631 1380 816 1425 alterum
830 1380 912 1440 ipsi
929 1389 1098 1423 naturae
1114 1395 1227 1439 pene
1240 1378 1456 1424 defuisse?

63 1471 86 1495 »
122 1453 216 1498 Illic
237 1452 358 1499 nulla
380 1454 621 1498 intermissa
643 1461 860 1512 tempora,
885 1451 957 1495 hic
977 1450 1269 1509 congeminati
1284 1451 1455 1511 jejunio

62 1543 84 1568 »
119 1525 232 1583 dies,
249 1534 293 1570 et
309 1526 343 1570 si
360 1525 538 1587 quando
556 1523 777 1570 reficiendi
794 1524 1063 1568 successisset
1077 1522 1281 1568 voluntas
1293 1558 1304 1577 ,
1330 1523 1455 1568 cibus

62 1614 84 1638 »
117 1596 377 1657 plerumque
409 1596 562 1641 obvius
590 1597 667 1657 qui
699 1604 884 1640 mortem
921 1603 1109 1649 arceret,
1150 1610 1241 1638 non
1277 1593 1454 1639 delicias

63 1684 85 1708 »
119 1667 429 1722 ministrarem
455 1676 539 1712 cte.
567 1685 588 1707 η
624 1669 729 1711 Haec
761 1675 908 1710 autem
937 1674 1169 1726 propterea
1189 1666 1234 1709 in
1256 1665 1454 1725 exemplo

58 1739 188 1796 hujus
209 1738 436 1798 temperati
460 1737 626 1796 generis
651 1737 804 1797 posui,
836 1737 939 1797 quia
963 1753 1052 1781 non
1075 1735 1145 1781 hic
1175 1736 1265 1795 agit
1288 1745 1339 1780 ut
1366 1737 1454 1780 vir-

61 1809 286 1867 ginitatem
313 1817 522 1864 voveant,
556 1824 656 1869 quae
686 1807 887 1852 nondum
911 1816 1155 1863 voverunt,
1188 1807 1264 1850 sed
1303 1806 1453 1867 quales

60 1896 151 1925 esse
179 1880 392 1936 debeant,
427 1896 527 1941 quae
553 1881 644 1940 jam
665 1888 779 1923 votae
802 1888 919 1923 sunt.
951 1881 1062 1924 Nam
1092 1887 1143 1921 ut
1178 1877 1454 1936 aggrediatur

63 1951 231 1995 animus
254 1959 424 1995 tantum
442 1966 490 1995 30
511 1949 598 1995 tale
611 1951 884 2010 propositum
901 1985 909 1999 ‚
937 1948 1089 2007 grandi
1108 1948 1261 2008 utique
1279 1947 1453 1992 dicendi

64 2038 219 2082 genere
241 2021 373 2066 dehet
398 2021 599 2076 excitari,
625 2030 668 2064 et
691 2019 883 2065 accendi.
914 2019 997 2064 Sed
1021 2027 1185 2076 martyr
1208 2019 1453 2078 Cyprianus

64 2092 118 2137 de
139 2093 295 2137 habitu
310 2092 551 2152 virginum,
580 2107 670 2136 non
693 2091 748 2135 de
770 2089 1045 2150 suscipiendo
1066 2089 1324 2149 virginitatis
1347 2105 1451 2149 pro-

61 2163 202 2223 posito
221 2163 402 2224 scripsit.
422 2166 507 2207 Iste
523 2178 627 2207 vero
644 2161 871 2222 episcopus
890 2161 1020 2205 etiam
1034 2160 1090 2204 ad
1108 2161 1191 2205 hoc
1205 2176 1274 2204 eas
1291 2176 1451 2220 magno

64 2234 263 2280 accendit
273 2235 462 2296 eloquio.
678 2289 681 2292 ἱ

121 2308 280 2350 XLIX.
292 2308 458 2350 Verum
470 2320 522 2349 ex
536 2320 588 2349 eo
601 2303 721 2365 quod
739 2303 868 2348 ambo
886 2311 1083 2361 egerunt,
1102 2302 1304 2347 dictionis
1319 2317 1450 2361 gran-

61 2378 128 2422 dis
144 2378 339 2438 exempla
356 2377 624 2423 memorabo.
642 2376 786 2420 Ambo
808 2376 972 2436 quippe
989 2374 1150 2419 invecti
1166 2384 1269 2432 sunt
1288 2374 1334 2417 in
1356 2389 1447 2428 eas,

0 2470 1 2476 ¹
63 2465 163 2509 quae
183 2449 369 2494 formam
396 2447 630 2509 pigmentis
657 2445 875 2500 colorant,
900 2445 968 2490 vel
990 2447 1134 2506 potius
1160 2444 1417 2490 decolorant
1439 2463 1447 2488 :

114 2541 122 2557 ¹
142 2537 188 2568 Ex
201 2534 368 2569 Ambrosio
387 2535 428 2568 de
446 2533 624 2578 Virginibus
647 2533 702 2565 lib.
722 2544 742 2565 ιι
763 2532 793 2564 in
814 2531 985 2575 principio.
