1854 3219
352 206 406 232 DE
437 204 588 232 GENESI
620 199 675 229 AD
707 198 946 239 LlTTERAM,
983 202 1065 227 Lm.
1102 201 1178 228 vn.
1382 185 1463 223 391

80 263 197 317 tales
207 271 363 326 lineas,
388 286 488 331 quae
508 284 586 328 per
605 267 787 325 longum
818 267 952 310 secari
982 282 1071 310 non
1099 273 1268 326 queunt
1284 299 1294 319 ,
1319 263 1470 324 quales

80 344 127 388 in
142 357 324 402 corpore
344 357 435 385 non
454 354 577 400 posse
598 338 783 382 inveniri
806 337 1086 381 nihilominus
1105 338 1241 381 novit.

138 415 349 457 XXVIII.
383 414 472 457 Nec
504 411 596 470 ipsa
627 409 709 453 sihi
737 408 822 452 tale
853 407 1019 469 aliquid
1046 407 1261 462 occurrit,
1298 421 1400 451 cum
1427 421 1471 450 se

79 483 245 528 nescire
266 498 356 527 non
377 481 529 541 possit,
556 480 688 524 etiam
705 477 883 540 quando
901 494 945 522 se
962 488 1012 523 ut
1027 486 1259 536 cognoscat
1272 477 1468 538 inquirit.

81 557 195 600 Cum
217 554 332 597 enim
354 568 398 597 se
420 552 602 613 quaerit,
624 551 746 596 novit
774 550 895 612 quod
922 565 966 594 se
987 559 1180 611 quaerat,
1204 548 1327 609 quod
1348 563 1473 593 nosse

81 641 172 670 non
187 633 353 685 posset,
378 625 412 671 si
434 640 478 669 se
493 639 583 669 non
599 632 756 668 nosset.
777 625 930 683 Neque
952 623 1070 666 enim
1092 619 1270 666 aliunde
1287 636 1331 664 se
1352 636 1478 680 quae-

81 696 163 752 rit,
189 711 323 757 quam
345 711 369 740 a
392 711 437 740 se
464 696 572 755 ipsa.
602 697 716 740 Cum
741 709 846 753 ergo
878 701 1148 754 quaerentem
1178 707 1223 736 se
1255 691 1400 747 novit,
1432 707 1477 736 se

81 767 235 827 utique
249 766 393 824 novit,
418 775 462 810 et
484 780 613 811 omne
630 764 751 826 quod
772 764 896 808 novit
917 773 1008 808 tota
1026 764 1147 809 novit
1167 782 1177 808 ι
1202 778 1306 807 cum
1327 763 1477 823 itaque

81 852 126 882 se
142 846 413 898 quaerentem
430 837 566 893 novit,
585 845 677 881 tota
693 851 737 880 se
753 835 899 893 novit,
917 849 1019 892 ergo
1041 844 1084 879 et
1100 844 1239 880 totam
1260 850 1304 879 se
1325 834 1447 879 novit
1465 854 1475 880 :

81 924 225 970 neque
250 909 367 952 enim
389 908 558 968 aliquid
586 908 729 963 aliud,
754 906 831 952 sed
852 921 896 951 se
924 907 1061 966 ipsam
1082 916 1175 951 tota
1197 908 1335 952 novit.
1361 906 1480 961 Quid

81 995 186 1039 ergo
207 978 353 1023 adhuc
370 994 415 1023 se
431 978 590 1039 quaerit
603 1014 614 1034 ,
633 978 667 1022 si
684 987 954 1039 quaerentem
974 994 1018 1022 se
1035 979 1183 1023 novit?
1195 981 1348 1038 Neque
1362 979 1480 1022 enim

81 1051 116 1095 si
136 1051 346 1106 nesciret,
383 1066 427 1094 se
454 1059 599 1110 posset
627 1059 898 1112 quaerentem
922 1065 966 1094 se
985 1050 1094 1101 scire
1123 1065 1168 1094 se
1189 1069 1198 1094 z
1231 1048 1306 1093 sed
1327 1049 1411 1093 hoc
1433 1049 1481 1092 in

80 1122 312 1182 praesenti,
338 1122 460 1182 quod
482 1131 629 1166 autem
658 1120 713 1165 de
735 1137 779 1165 se
801 1122 986 1182 quaerit,
1021 1120 1131 1182 quid
1161 1129 1288 1165 antea
1316 1118 1475 1175 fuerit,

80 1191 151 1237 vel
177 1191 287 1252 quid
319 1191 469 1237 futura
509 1193 564 1237 sit
596 1193 771 1253 quaerit.
809 1193 984 1236 Desinat
1017 1207 1121 1251 ergo
1153 1205 1272 1234 nunc
1302 1190 1478 1234 interim

81 1263 290 1322 suspicari
313 1278 357 1307 se
379 1278 469 1307 esse
490 1278 673 1322 corpus;
699 1263 804 1324 quia
825 1263 859 1307 si
881 1263 1049 1324 aliquid
1076 1261 1162 1306 tale
1188 1270 1320 1317 esset,
1347 1260 1480 1305 talem

81 1349 126 1379 se
140 1343 301 1390 nosset,
317 1349 416 1395 quae
435 1334 572 1393 magis
591 1349 634 1378 se
655 1334 777 1378 novit
793 1349 928 1395 quam
945 1333 1109 1379 coelum
1123 1342 1167 1378 et
1181 1341 1359 1390 terram,
1380 1349 1480 1393 quae

81 1420 160 1465 per
180 1405 248 1448 sui
265 1406 456 1463 corporis
478 1405 628 1450 oculos
651 1407 788 1451 novit.
1427 1398 1430 1399 ⁷

140 1476 306 1520 XXIX,
343 1474 510 1519 Omitto
544 1474 715 1530 dicere,
751 1477 854 1536 quia
886 1476 998 1521 illud
1037 1479 1155 1538 ejus,
1196 1475 1317 1537 quod
1349 1481 1480 1520 etiam

81 1561 239 1608 pecora
259 1545 422 1590 habere
443 1544 767 1605 intelliguntur,
791 1544 861 1590 vel
889 1548 990 1590 coeli
1013 1548 1206 1590 volatilia
1227 1561 1329 1590 cum
1349 1547 1479 1590 habi-

82 1617 226 1662 tacula
258 1632 336 1662 sua
362 1631 438 1660 seu
467 1615 594 1661 nidos
624 1626 855 1677 repetunt,
881 1631 970 1677 quo
1002 1616 1236 1676 capiuntur
1268 1617 1479 1676 imagines

83 1688 281 1733 omnium
303 1703 449 1732 rerum
472 1686 764 1747 corporalium
780 1723 791 1743 ,
828 1686 951 1731 nullo
980 1686 1114 1731 modo
1145 1687 1352 1748 cuiquam
1379 1703 1478 1732 cor-

81 1759 177 1819 pori
206 1759 346 1802 simile
369 1768 460 1816 est,
484 1768 528 1802 et
548 1759 702 1819 utique
730 1759 815 1802 hoc
841 1758 986 1817 potius
1016 1758 1188 1817 corpori
1222 1758 1361 1802 simile
1389 1774 1480 1803 esse

83 1830 285 1885 deberet,
312 1828 391 1873 ubi
410 1844 719 1889 corporearum
743 1844 888 1873 rerum
911 1828 1216 1873 similitudines
1246 1830 1480 1875 continen-

81 1911 170 1946 tur.
198 1904 256 1946 At
275 1901 309 1945 si
330 1901 413 1945 hoc
435 1916 592 1960 corpus
614 1915 704 1945 non
728 1909 817 1956 est,
843 1900 946 1961 quia
968 1909 1135 1944 certum
1166 1909 1230 1944 est
1260 1916 1329 1944 eas
1361 1902 1480 1945 simi-

81 1971 290 2018 litudines
314 1988 549 2033 corporum
582 1972 670 2017 illic
702 1988 794 2017 non
821 1971 963 2016 solum
986 1973 1237 2017 memoriter
1266 1972 1477 2029 detineri,

82 2045 371 2090 verumetiam
397 2043 739 2088 innumerabiles
766 2059 845 2104 pro
875 2043 1055 2088 arbitrio
1081 2044 1288 2103 figurari,
1313 2055 1480 2105 quanto

82 2116 228 2160 minus
270 2115 353 2160 alia
385 2115 582 2177 qualibet
618 2116 662 2160 vi
698 2130 774 2160 sua
813 2115 987 2176 corpori
1025 2131 1115 2160 esse
1154 2116 1296 2160 anima
1330 2116 1478 2161 similis

82 2196 226 2247 potest
239 2189 257 2231 Ξ)

141 2259 284 2302 XXX.
308 2258 351 2303 Si
365 2267 511 2302 autem
528 2273 686 2318 corpus
705 2273 794 2303 esse
815 2258 970 2303 dicunt
987 2259 1069 2304 alia
1086 2259 1284 2320 qualibet
1299 2261 1478 2305 notione

85 2344 215 2374 omne
236 2328 358 2388 quod
379 2337 464 2384 est,
496 2328 542 2373 id
565 2332 656 2384 est',
689 2344 864 2373 omnem
886 2339 1087 2374 naturam
1111 2340 1242 2391 atque
1270 2331 1476 2376 substan-

71 2400 216 2454 Tiam,
249 2414 340 2444 non
370 2400 550 2461 quidem
577 2399 846 2445 admittenda
873 2410 937 2445 est
965 2401 1044 2446 ista
1076 2401 1241 2447 locutio
1259 2438 1269 2458 ,
1301 2418 1356 2446 ne
1387 2419 1477 2447 non

85 2470 356 2516 inveniamus
379 2486 469 2531 quo
496 2470 627 2516 modo
647 2470 876 2532 loquentes
893 2507 904 2528 ,
930 2487 980 2516 ea
996 2509 1006 2529 ‚
1041 2489 1142 2537 quae
1173 2489 1355 2535 corpora
1387 2489 1479 2518 non

32 2567 39 2574 ·
87 2550 211 2597 sunt,
245 2557 267 2586 a
289 2542 542 2600 corporibus
572 2541 891 2599 distinguamus
919 2562 928 2587 z
954 2559 1042 2587 non
1076 2553 1223 2587 tamen
1257 2543 1384 2587 nimis
1413 2553 1477 2588 est
