1854 3219
378 207 432 234 DE
463 206 614 234 Gnnnsl
646 204 701 233 An
732 205 966 246 Li‘rTEstAM,
988 208 1070 236 Lis.
1107 210 1150 235 x.
1379 195 1462 236 493

80 270 145 315 his
166 269 296 329 plena
327 280 392 316 est
423 270 600 332 puerilis
628 280 731 316 fetas
749 306 759 326 ,
785 273 981 332 quamvis
1001 274 1046 318 in
1068 274 1127 317 eis
1157 287 1246 317 non
1268 272 1327 317 ita
1349 281 1399 316 ut
1419 273 1465 316 in

10 332 12 341 ⁵
78 341 314 400 majoribus
333 341 554 402 punienda
582 340 829 397 videantur,
852 343 972 403 quod
993 350 1221 403 sperentur
1245 342 1368 387 annis
1389 359 1465 387 ac-

77 410 357 467 cedentibus,
397 412 557 473 quibus
596 411 705 456 ratio
741 411 1040 469 convalescat,
1080 429 1203 473 posse
1248 422 1466 473 praecepta

8 520 10 524 .
76 480 278 528 salutaria
300 482 455 527 melius
472 481 735 541 intelligere,
756 482 904 543 eisque
928 483 1133 528 libentius
1156 484 1351 528 obedire.
1381 484 1466 529 Sed

7 546 10 574 ²
76 568 195 597 nunc
216 552 271 597 de
293 554 438 614 pueris
465 570 556 599 non
582 553 774 612 agimus,
799 570 988 614 quorum
1010 555 1227 600 carnalem
1246 571 1294 599 ac
1318 556 1466 615 pueri-

74 622 161 668 lem
175 624 446 685 voluptatem
459 624 530 670 vel
548 625 740 685 corporis
756 624 826 669 vel
844 626 976 669 animi
994 627 1028 670 si
1044 627 1201 671 veritas
1219 636 1262 671 et
1283 627 1466 687 aequitas

75 695 418 754 oppugnaverit,
461 695 623 756 quibus
660 703 843 755 possunt
876 696 1042 741 viribus
1075 697 1294 742 dictorum
1333 706 1465 757 atque

73 763 289 810 factorum
312 775 583 827 repugnant,
607 782 688 826 pro
708 782 795 827 qua
817 765 898 810 nisi
926 783 1005 826 pro
1028 767 1213 812 falsitate
1235 776 1279 811 et
1299 767 1464 827 iniqui-

73 844 176 891 tate,
202 852 303 897 quae
323 837 553 895 suffragari
563 837 784 881 videbitur
802 836 878 892 eis,
903 837 973 881 vel
994 837 1050 881 ad
1070 837 1349 898 percipienda
1366 855 1465 898 quae

72 905 296 963 alliciunt,
328 907 399 952 vel
427 907 483 952 ad
514 906 690 952 vitanda
720 924 819 968 quae
841 906 1090 952 offendunt.
1126 911 1189 953 De
1222 908 1465 953 infantibus

71 977 310 1039 loquimur,
336 994 428 1023 non
450 980 552 1039 quia
575 989 817 1024 nascuntur
837 979 1098 1040 plerumque
1127 979 1182 1024 de
1211 979 1463 1038 adulteriis,

70 1050 244 1111 (neque
275 1049 392 1094 enim
425 1049 472 1093 in
498 1049 640 1109 pravis
674 1050 870 1094 moribus
903 1059 1072 1094 naturae
1100 1049 1215 1094 dona
1245 1050 1464 1110 culpanda

69 1131 197 1178 sunt,
220 1131 296 1167 aut
314 1130 544 1181 propterea
570 1137 659 1166 non
683 1121 934 1166 debuerunt
952 1121 1193 1180 germinare
1215 1120 1458 1177 frumenta,

69 1191 190 1253 quod
211 1208 261 1237 ea
282 1193 438 1237 severit
459 1192 645 1237 furantis
662 1208 838 1250 manus3
864 1202 939 1237 aut
957 1208 1061 1237 vero
1083 1192 1184 1252 ipsis
1206 1193 1463 1252 parentibus

68 1260 277 1307 obfutura
294 1263 349 1307 sit
362 1262 567 1323 iniquitas
584 1278 658 1306 sua
671 1297 682 1315 ,
708 1262 741 1306 si
763 1278 807 1306 se
821 1262 876 1306 ad
891 1266 1030 1307 Deum
1052 1262 1347 1307 convertendo
1370 1278 1463 1308 cor-

68 1333 279 1389 rexerint,
306 1343 473 1394 quanto
495 1333 640 1377 minus
667 1331 786 1388 filiis,
822 1333 857 1376 si
879 1343 994 1377 recte
1021 1333 1266 1392 vixerinffl)
1283 1334 1359 1377 sed
1384 1333 1459 1377 illa

67 1412 170 1448 aetas
197 1404 268 1449 hic
294 1405 601 1449 vehementem
626 1404 913 1464 quaestionem
942 1413 1115 1459 movet,
1148 1406 1272 1464 cujus
1312 1400 1457 1449 anima

67 1489 168 1519 cum
186 1483 414 1535 peccatum
429 1473 605 1518 nullum
625 1474 787 1518 habeat
805 1473 859 1518 de
881 1474 1057 1533 proprio
1080 1474 1318 1519 voluntatis
1340 1475 1459 1519 arbi-

68 1545 151 1590 trio
168 1580 178 1600 ,
202 1545 414 1606 quaeritur
437 1544 662 1606 quomodo
683 1545 819 1604 possit
835 1545 1068 1605 justificari
1091 1561 1169 1605 per
1196 1545 1310 1589 iliius
1330 1547 1461 1591 unius

67 1617 254 1661 hominis
276 1616 591 1672 obedientiam,
612 1617 644 1660 si
667 1631 744 1675 per
766 1615 942 1659 alterius
963 1616 1092 1659 unius
1115 1616 1461 1662 inobedientiam

68 1703 139 1732 rea
156 1704 247 1732 non
263 1689 359 1732 est?
383 1690 486 1732 Haec
503 1702 586 1732 vox
603 1695 756 1730 eorum
772 1695 858 1740 est,
880 1686 956 1746 qui
974 1686 1137 1731 animas
1159 1687 1389 1731 hominum
1411 1704 1462 1732 cx

23 1811 31 1816 ‚
67 1758 320 1803 hominibus
342 1757 596 1818 parentibus
618 1765 780 1801 creatas
802 1755 984 1811 volunt,
1017 1772 1108 1800 non
1130 1757 1310 1817 quidem
1332 1758 1415 1801 nisi
1437 1774 1461 1803 a

67 1837 260 1874 creatore
288 1832 401 1883 Deo,
428 1827 505 1872 sed
527 1827 637 1872 sicut
659 1827 788 1871 ctiam
812 1842 1008 1887 corpora.
1040 1829 1138 1872 Non
1162 1828 1279 1872 enim
1302 1838 1344 1872 et
1366 1829 1461 1874 haec

66 1909 268 1961 parentes
289 1908 459 1955 creant,
490 1915 539 1944 ac
567 1914 657 1943 non
680 1897 753 1942 ille
774 1899 852 1959 qui
875 1899 957 1942 ait:
987 1918 1007 1941 «
1026 1899 1284 1960 Priusquam
1311 1910 1354 1944 te
1376 1898 1462 1945 for-

70 1990 92 2014 »
126 1987 291 2016 marem
312 1970 359 2016 in
379 1979 506 2015 utero
521 2005 532 2026 ‚
557 1970 662 2015 novi
682 1971 763 2013 te¹.
789 1987 808 2011 »

125 2045 289 2088 XXIV.
311 2042 481 2097 Quibus
505 2040 794 2102 respondetur
814 2041 978 2085 animas
996 2040 1174 2102 quidem
1204 2043 1462 2104 corporibus

66 2114 298 2159 hominum
309 2117 452 2158 Deum
469 2128 602 2157 novas
618 2111 868 2171 singillatim
885 2111 988 2156 dare
1000 2148 1010 2168 ,
1028 2111 1084 2156 ad
1099 2113 1183 2158 hoc
1201 2123 1251 2158 ut
1264 2114 1311 2159 in
1331 2131 1461 2160 carne

67 2184 234 2246 peccati
255 2184 310 2229 de
332 2183 531 2242 originali
552 2191 733 2243 peccato
756 2183 959 2227 veniente
987 2192 1102 2228 recte
1125 2184 1313 2230 vivendo
1329 2221 1339 2241 ,
1362 2202 1459 2230 car-

65 2255 273 2316 nalesque
288 2254 662 2315 concupiscentias
679 2253 761 2298 sub
785 2253 863 2298 Dei
884 2255 1019 2312 gratia
1036 2255 1300 2314 subigendo,
1326 2257 1459 2301 meri-

67 2337 163 2373 tum
185 2334 441 2386 comparent
455 2360 466 2381 ,
491 2340 581 2385 quo
599 2339 701 2369 cum
720 2324 814 2384 ipso
831 2339 1013 2384 corpore
1031 2324 1076 2369 in
1097 2325 1252 2371 melius
1276 2325 1461 2372 transfe-

69 2407 222 2444 rantur
252 2407 450 2458 tempore
476 2397 799 2442 resurrectionis
816 2431 827 2453 ,
852 2406 897 2441 et
916 2396 963 2441 in
984 2397 1158 2443 Christo
1180 2398 1225 2443 in
1247 2409 1460 2444 aeternum

61 2485 171 2517 ⁴cum
192 2468 372 2530 Angelis
395 2469 557 2516 vivant.
587 2468 675 2516 Sed
705 2483 877 2515 necesse
900 2484 1016 2525 esse,
1046 2478 1098 2515 ut
1129 2485 1230 2516 cum
1257 2471 1464 2516 membris

118 2563 129 2581 ¹
148 2558 214 2591 Jer.
231 2566 268 2599 11,
286 2555 319 2587 5.
