1854 3219
392 199 446 226 DE
479 198 630 225 GENESI
664 194 718 223 AD
751 195 990 233 LITTERAM,
1026 196 1108 223 Lm.
1143 195 1188 222 x.
1409 180 1488 220 501

104 265 358 326 sapientiam
384 263 687 308 mirabantur?
714 271 758 306 ct
779 260 886 322 quid
907 261 978 305 illa
1000 260 1144 304 anima
1161 258 1315 305 melius
1329 294 1340 314 ,
1365 274 1488 319 quae,

102 336 271 380 etiamsi
289 335 468 380 vincant
483 349 573 378 non
596 330 826 387 certando,
851 331 926 375 sed
948 329 1202 391 probando,
1227 329 1305 391 qui
1326 328 1492 374 anima-

101 422 201 451 rum
232 405 456 451 traducem
487 403 731 459 affirmant,
760 418 851 447 non
879 403 960 448 erit
987 417 1259 463 consequens
1282 410 1334 447 ut
1364 402 1494 446 etiam

100 476 193 536 ipsa
210 492 261 521 ex
281 475 395 520 illius
411 474 752 535 praevaricatoris
777 473 956 518 traduce
980 474 1147 519 venisse
1169 471 1386 517 credenda
1410 472 1490 530 sit3

99 563 156 591 ne
179 563 251 605 per
272 546 387 592 illius
413 544 601 591 hominis
630 544 974 589 inobedientiam
1003 544 1134 589 etiam
1164 544 1254 604 ipse
1290 553 1494 603 peccator

100 618 412 673 constituatur,
438 632 517 677 per
552 617 675 676 cujus
697 615 826 659 unius
854 614 1151 660 obedientiam
1174 614 1229 659 ab
1265 613 1341 658 illo
1369 622 1493 659 reatu

96 689 288 745 liberati,
305 689 412 749 justi
433 688 762 733 constituuntur
778 686 934 732 multi?
958 691 1016 732 Et
1041 687 1151 748 quid
1182 687 1492 747 incoinquina-

98 760 183 804 tius
204 759 281 805 1110
304 769 429 805 utero
447 759 657 819 VirginiS,
679 759 801 818 cujus
820 773 918 803 caro
931 759 1098 803 etiamsi
1121 759 1176 803 de
1197 758 1366 819 peceati
1386 773 1493 818 pro-

96 832 252 892 pagine
273 832 415 887 venit,
440 847 532 876 non
558 840 707 875 tamen
728 830 784 874 de
806 830 973 890 peccati
1004 830 1244 890 propagine
1266 830 1466 889 concepit
1480 842 1497 885 ,·

96 911 145 946 ut
162 917 217 945 116
238 901 381 962 ipsum
401 901 581 962 quidem
599 917 756 961 corpus
776 900 936 946 Christi
953 916 1002 944 ea
1024 900 1094 945 lex
1122 901 1277 963 severit
1299 901 1346 944 in
1366 909 1493 945 utero

95 973 264 1028 Mariae,
289 988 389 1033 quae
410 972 455 1016 111
477 971 684 1016 membris
704 972 844 1031 posita
866 972 1058 1031 corporis
1080 972 1253 1027 mortis,
1277 979 1491 1031 repugnat

95 1042 181 1102 legi
209 1043 397 1087 mentis?
424 1057 560 1102 quam
595 1043 733 1087 sancti
762 1047 909 1087 Patres
944 1043 1166 1103 conjugati
1199 1041 1492 1097 refrenantes,

95 1129 185 1158 11011
206 1113 386 1174 quidem
407 1114 489 1158 nisi
506 1128 737 1174 quousque
758 1112 919 1158 licebat
938 1115 984 1158 in
1001 1114 1287 1158 concubitum
1324 1112 1494 1157 relaxa-

95 1194 225 1243 runt,
246 1201 327 1230 nec
349 1194 497 1229 tamen
515 1185 821 1230 tantummodo
837 1202 1067 1246 quousque
1089 1185 1268 1240 licebat,
1292 1186 1382 1244 ejus
1407 1185 1492 1228 im-

93 1265 245 1316 petum
277 1254 569 1316 pertulerunt.
608 1255 797 1300 Proinde
825 1272 982 1316 corpus
1015 1256 1175 1302 Christi
1217 1255 1414 1316 quamvis
1442 1271 1495 1301 ex

94 1343 225 1372 carne
248 1326 443 1371 foeminae
467 1336 740 1387 assumptum
755 1337 819 1372 est
834 1364 844 1384 ,
872 1345 971 1389 quae
994 1328 1049 1373 de
1070 1328 1144 1372 1113
1163 1329 1302 1373 6311113
1327 1327 1493 1387 peccati

93 1397 332 1457 propagine
354 1403 565 1458 concepta
585 1396 748 1452 fuerat,
773 1407 921 1442 tamen
935 1399 1037 1458 quia
1059 1415 1149 1442 non
1166 1400 1225 1442 sic
1247 1399 1293 1442 in
1312 1414 1360 1442 ea
1383 1399 1493 1442 6011-

93 1476 271 1527 ceptum
292 1475 378 1523 est,
394 1466 619 1528 quomodo
639 1467 785 1512 fuerat
808 1467 880 1511 1113
899 1477 1108 1527 concepta
1122 1504 1132 1524 ‚
1165 1484 1245 1513 nec
1278 1470 1370 1529 ipsa
1401 1478 1493 1513 crat

93 1554 192 1584 caro
214 1539 382 1599 peccati
396 1574 407 1596 ,
433 1538 510 1583 sed
530 1539 770 1583 similitudo
792 1540 932 1584 carnis
955 1541 1136 1599 peccati.
1162 1543 1260 1585 Non
1279 1541 1395 1584 6111111
1419 1556 1493 1585 36-

93 1611 209 1671 cepit
228 1608 332 1654 inde
353 1618 524 1654 reatum
552 1610 790 1666 moriendi,
817 1611 893 1671 qui
923 1620 1101 1670 apparet
1122 1611 1168 1654 in
1191 1620 1317 1656 motu
1355 1612 1495 1655 6311113

92 1697 183 1726 11011
203 1681 453 1726 voluntario
466 1716 476 1736 ,
511 1681 711 1741 quamvis
731 1680 960 1725 voluntate
981 1681 1227 1741 superando
1244 1718 1255 1738 ,
1289 1682 1494 1727 adversus

93 1767 225 1814 quem
255 1751 429 1811 spiritus
459 1751 754 1811 concupiscit:
787 1751 863 1795 sed
892 1753 1058 1811 accepit
1085 1752 1213 1808 inde,
1249 1769 1339 1797 non
1371 1753 1493 1813 quod

94 1821 340 1880 contagioni
358 1821 746 1881 praevaricationis,
768 1820 844 1865 sed
879 1821 999 1881 quod
1013 1821 1264 1866 exolvendae
1285 1823 1494 1867 indebitae

93 1892 247 1948 morti,
269 1902 312 1936 et
341 1890 624 1937 ostendendae
655 1892 878 1951 promissae
907 1893 1212 1937 resurrectioni
1244 1893 1489 1940 sufficeret:

95 1978 284 2025 quorum
305 1979 446 2007 unum
463 1962 588 2007 nobis
611 1962 667 2006 ad
688 1978 779 2007 non
800 1962 1046 2008 timendum
1059 1999 1070 2018 ,
1096 1963 1281 2008 alterum
1304 1964 1360 2009 ad
1397 1981 1494 2025 spe-

95 2033 283 2078 randum
304 2032 484 2079 valeret.

150 2107 363 2149 XXXIII.
400 2105 597 2165 Denique
631 2104 666 2148 si
698 2121 722 2149 a
750 2120 820 2148 me
848 2115 1094 2166 quaeratur,
1127 2106 1247 2151 unde
1277 2108 1493 2168 acceperit

97 2176 287 2221 animam
309 2178 433 2219 Jesus
450 2176 672 2231 Christus,
698 2174 873 2219 mallem
895 2175 1074 2236 quidem
1092 2176 1194 2221 hinc
1223 2177 1372 2222 audire
1402 2194 1495 2222 me-

96 2246 223 2291 liores
242 2255 373 2306 atque
396 2245 632 2301 doctiores,
659 2245 735 2290 sed
755 2255 903 2290 tamen
924 2262 1003 2306 pro
1025 2262 1122 2291 meo
1139 2257 1270 2307 captu
1286 2247 1495 2293 libentius

97 2317 416 2376 responderim,
440 2316 558 2361 unde
575 2317 737 2372 Adam,
763 2333 895 2378 quam
916 2317 970 2361 de
992 2317 1148 2362 Adam.
1183 2319 1225 2363 Si
1249 2319 1365 2363 enim
1394 2319 1496 2379 pul-

98 2387 161 2432 vis
187 2396 430 2447 assumptus
453 2403 504 2431 ex
534 2397 675 2443 terra,
712 2388 758 2431 in
789 2405 874 2449 qua
906 2388 1053 2434 nullus
1085 2389 1314 2434 hominum
1351 2388 1495 2435 fuerat

99 2466 325 2516 operatus,
350 2458 510 2502 meruit
531 2458 738 2503 divinitus
756 2458 968 2517 animari,
992 2468 1158 2519 quanto
1182 2460 1318 2519 magis
1337 2475 1496 2520 corpus

102 2537 372 2588 assumptum
391 2544 443 2574 ex
460 2545 588 2574 631116
607 2565 618 2585 ,
644 2530 688 2574 in
710 2546 795 2590 qua
813 2529 963 2577 itidem
986 2530 1132 2577 nullus
1156 2531 1384 2578 hominum
1408 2530 1497 2576 sue-
