1854 3219
318 205 371 232 DE
403 204 553 232 GENESI
584 203 639 231 An
672 203 914 242 LITTERAM,
951 205 1031 230 Lm.
1068 204 1128 231 uc.
1331 189 1409 228 471

1046 351 1416 369 mmm

494 455 711 527 CAPUT
755 476 946 525 xvni..

36 622 260 672 Mulieris
279 619 571 687 formandae
593 618 722 668 ratio
736 622 808 668 sic·
827 617 1200 681 praeexistebat,
1222 616 1299 665 uti
1313 627 1421 666 erat

458 692 683 754 mysterio
696 692 994 739 conveniens

94 826 307 871 XXXIII.
333 827 483 871 HABET
504 840 608 886 ergo
628 828 744 871 Deus
763 824 811 870 in
831 838 875 869 se
896 823 990 884 ipso
1013 822 1287 869 absconditas
1306 836 1421 884 quo-

35 896 240 944 rumdam
261 895 478 943 factorum
500 912 649 943 causas
664 931 676 954 ,
708 911 816 958 quas
838 895 969 940 rebus
991 894 1175 940 conditis
1197 909 1288 940 non
1306 893 1422 938 inse-

34 970 143 1026 ruit,
178 984 337 1031 easque
376 968 531 1030 implet
567 985 660 1014 non
691 968 769 1014 illo
806 983 937 1029 opere
979 966 1267 1028 providentiae
1280 1002 1293 1023 ,
1331 982 1422 1028 quo

35 1050 212 1086 naturas
232 1039 459 1086 substituit
479 1048 532 1084 ut
553 1040 666 1095 sint,
688 1039 764 1084 sed
780 1038 857 1084 illo
877 1054 968 1100 quo
990 1054 1062 1083 eas
1078 1037 1352 1082 administrat
1371 1046 1423 1082 ut

35 1111 244 1169 voluerit,
275 1127 383 1173 quas
412 1120 464 1156 ut
494 1110 634 1156 voluit
655 1109 868 1156 condidit.
900 1110 968 1155 Ibi
992 1118 1057 1155 est
1085 1118 1130 1154 et
1160 1109 1318 1169 gratia,
1345 1124 1425 1169 per

34 1198 170 1244 quam
189 1180 296 1228 salvi
311 1182 426 1227 fiunt
438 1191 700 1242 peccatores.
718 1184 828 1227 Nam
844 1180 964 1242 quod
977 1181 1132 1226 attinet
1148 1180 1204 1226 ad
1219 1189 1423 1225 naturam

35 1252 186 1315 iniqua
206 1269 283 1298 sua
308 1252 535 1299 voluntate
564 1253 866 1312 depravatam,
902 1266 1127 1296 recursum
1151 1266 1229 1311 per
1264 1260 1423 1296 semet-

34 1326 172 1385 ipsam
196 1340 288 1370 non
307 1323 465 1379 habet,
485 1322 561 1368 sed
582 1338 659 1383 per
675 1323 753 1368 Dei
776 1322 973 1382 gratiam,
998 1338 1086 1383 qua
1107 1321 1352 1383 adjuvatur,
1378 1332 1423 1367 et

34 1396 315 1442 instauratur.
346 1398 497 1456 Neque
518 1395 635 1440 enim
654 1394 913 1454 desperandi
935 1403 1038 1439 sunt
1058 1393 1258 1448 homines
1281 1394 1328 1437 in
1349 1392 1425 1440 illa

35 1467 274 1520 sententia,
297 1466 345 1511 in
378 1482 466 1527 qua
492 1467 702 1526 scriptum
731 1475 794 1510 est
819 1485 828 1511 :
860 1467 1061 1510 «Omnes
1089 1465 1167 1526 qui
1195 1464 1425 1511 ambulant

37 1556 60 1580 »
94 1539 141 1582 in
164 1553 213 1582 ea
228 1572 240 1593 ,
264 1553 355 1582 non
371 1539 689 1583 revertentur1.
719 1554 739 1578 »
762 1536 940 1581 Dictum
960 1545 1027 1580 est
1043 1535 1158 1579 enim
1182 1535 1425 1581 secundum

35 1607 207 1669 pondus
220 1607 460 1668 iniquitatis
477 1623 566 1651 suae
581 1642 592 1663 ,
612 1615 664 1650 ut
680 1605 801 1666 quod
814 1606 1059 1661 revertitur,
1080 1605 1158 1666 qui
1175 1606 1420 1663 revertitur,

35 1695 127 1724 non
156 1679 239 1724 sibi
267 1678 460 1733 tribuat,
491 1677 569 1723 sed
596 1676 745 1736 gratiae
772 1677 880 1732 Dei,
909 1692 1000 1722 non
1026 1692 1080 1721 ex
1107 1676 1338 1736 operibus,
1367 1693 1422 1722 ne

35 1750 148 1796 forte
164 1749 395 1795 extollatur
407 1753 439 1793 2.

96 1824 301 1866 XXXIV.
340 1825 573 1881 Propterea
593 1821 850 1879 mysterium
873 1820 1022 1880 gratiae
1042 1821 1172 1881 hujus
1190 1821 1423 1881 Apostolus

36 1892 344 1938 absconditum
366 1891 487 1947 dixit,
508 1908 598 1936 non
615 1891 662 1935 in
675 1890 858 1946 mundo,
875 1892 920 1935 in
937 1907 1025 1952 quo
1040 1901 1142 1935 sunt
1158 1891 1423 1937 absconditae

36 1964 228 2010 causales
246 1965 434 2009 rationes
456 1963 653 2008 omnium
670 1979 815 2008 rerum
832 1963 1087 2007 naturaliter
1104 1963 1368 2008 oriturarum
1381 1966 1396 1990 3
1408 2000 1420 2021 ,

36 2037 147 2081 sicut
164 2034 447 2080 absconditus
468 2043 560 2078 erat
576 2035 680 2078 Levi
694 2035 741 2078 in
761 2034 923 2079 lumbis
944 2035 1133 2079 Abrahae
1149 2071 1159 2090 ,
1181 2037 1358 2096 quando
1381 2046 1425 2082 et

36 2107 127 2166 ipse
148 2105 431 2161 decimatus4,
457 2114 544 2162 est3
575 2105 649 2150 sed
677 2106 723 2149 in
749 2109 867 2161 Deo,
905 2106 981 2166 qui
1017 2106 1215 2150 universa
1245 2108 1419 2153 creavit.

37 2176 335 2230 Quamobrem
363 2177 508 2221 omnia
535 2176 666 2220 etiam
693 2192 794 2236 quae
823 2175 878 2221 ad
910 2177 1023 2220 hanc
1046 2176 1227 2235 gratiam
1258 2177 1425 2237 signifi-

36 2247 220 2293 candam
234 2282 246 2302 ‚
268 2262 359 2292 non
381 2246 569 2292 naturali
589 2256 713 2291 motu
740 2262 884 2291 10111111
901 2282 912 2304 ,
938 2246 1013 2291 sed
1038 2247 1292 2292 mirabiliter
1309 2248 1425 2296 facta

37 2327 164 2374 sunt,
197 2333 350 2362 eorum
382 2317 512 2362 etiam
544 2317 811 2369 absconditae
844 2333 985 2363 causae
1016 2318 1060 2362 in
1089 2321 1179 2363 Deo
1211 2317 1385 2365 fuerant
1411 2341 1420 2366 ε

37 2405 227 2449 qnorum
257 2388 423 2433 etiamsi
445 2404 585 2433 unum
606 2397 719 2444 erat,
742 2387 864 2449 quod
887 2389 945 2433 ita
972 2387 1130 2434 mulier
1151 2387 1262 2435 facta
1283 2400 1346 2436 est
1367 2391 1423 2436 de

36 2458 171 2504 latere
198 2458 304 2514 viri,
335 2467 378 2503 et
413 2459 497 2503 hoc
538 2458 792 2503 dormientis
807 2494 818 2514 ,
857 2475 958 2519 quae
987 2474 1065 2520 per
1108 2458 1251 2520 ipsum
1293 2460 1417 2504 firma

86 2562 96 2578 ¹
117 2558 209 2588 Prov.
233 2566 268 2598 n,
292 2566 342 2599 19.
359 2572 400 2578 —
419 2563 432 2578 2
452 2555 566 2598 Eplies.
594 2567 630 2597 ιι,
644 2566 676 2598 9.
699 2554 769 2579 -3
791 2556 837 2588 Id.
857 2567 906 2597 m,
926 2567 959 2598 9.
979 2573 1021 2578 —-
1042 2554 1236 2599 ³Heb,]v11,
1254 2567 1301 2588 10.
