1854 3219
350 249 405 277 ΒΕ
437 248 589 276 aarum
622 243 677 273 Ar>
709 242 953 284 LITTERAM,
975 247 1057 273 mn.
1085 246 1146 274 v1.
1360 232 1444 271 363

56 318 226 363 dicatur
251 316 299 360 in
319 314 552 375 pristinum
569 310 741 366 futura,
773 311 820 354 in
843 309 954 355 illud
983 310 1146 356 scilicet
1166 308 1287 372 quod
1308 308 1450 355 Adam

54 388 276 452 perdidit¹
299 407 310 432 τ
332 393 598 447 putaverunt
612 384 734 443 prius
754 381 935 443 quidem
956 383 1181 427 hominem·
1203 381 1333 426 fuisse
1349 396 1449 427 cor·-

54 461 172 522 poris
195 457 415 513 animalis,
440 455 518 501 sed
539 454 646 499 dum
672 455 717 498 in
738 454 939 514 paradiso
960 453 1223 498 constitutus
1245 462 1324 508 est,
1350 468 1453 497 eum

53 532 187 578 fuisse
215 538 455 583 mutatum,
481 529 591 572 sicut
611 539 690 571 nos
711 539 889 587 quoque
910 524 1224 569 resurrectione
1253 523 1449 568 mutabi-

55 619 168 648 mur.
196 604 291 646 Hoc
312 597 492 661 quidem
512 598 624 643 liber
650 598 863 642 Geneseos
891 611 982 640 non
1006 603 1318 640 commemorat
1339 613 1348 638 ε
1373 593 1450 639 sed

54 683 105 719 ut
124 673 292 734 possint
311 680 499 731 utraque
524 668 771 714 testimonia
794 667 1117 728 Scripturarum
1136 667 1251 711 inter
1270 678 1315 711 s‘e
1343 680 1450 711 eon-

55 745 237 800 sentire,
267 743 357 788 sive
387 740 501 789 illud
530 740 652 802 quod
677 740 733 784 de
763 739 938 784 animali
968 754 1150 800 corpore
1167 738 1338 783 dictum
1355 748 1446 794 est,

55 817 144 862 sive
164 814 238 860 issa
254 829 355 876 quae
376 813 432 858 de
454 811 738 858 renovatione
758 819 906 855 nostra
926 810 1116 870 plurima
1126 810 1173 854 in
1185 810 1341 855 sanctis
1353 809 1448 854 Lit-

54 886 482 946 terisfre'periuntur,
511 885 595 930 hoc
622 891 834 945 tanquam
860 882 1102 928 necessario
1122 881 1332 943 consequi
1352 896 1449 927 cre-

54 957 278 1004 uiderunt«

832 1099 1244 1119 mmtmwm
1248 1099 1451 1118 WMMWWR

59 1106 138 1123 m!
141 1103 336 1122 mmmm

562 1222 786 1270 CAPUT
823 1223 946 1269 XXI.

359 1360 663 1424 Exploditar
681 1364 845 1423 opinio
863 1359 1156 1423 proecedens.

114 1500 304 1544 XXXII.
342 1500 427 1544 SED
448 1499 483 1543 si
510 1499 570 1543 ita
592 1508 679 1555 est,
710 1497 869 1544 frustra
899 1514 1109 1544 conamur
1134 1498 1386 1559 paradisum
1405 1510 1448 1545 et

55 1570 149 1616 illas
170 1564 343 1615 arbores
365 1584 602 1630 earumque
625 1568 818 1625 fructus,
842 1579 1001 1630 praeter
1022 1571 1253 1628 figuratam
1281 1572 1448 1630 signifi-

55 1642 273 1687 cationem
285 1676 296 1697 ,
311 1636 432 1701 prius
445 1640 638 1701 accipere
654 1634 709 1685 ad
723 1655 868 1685 rerum
886 1650 1103 1699 gestarum
1119 1642 1445 1701 proprietatem.

56 1713 162 1766 Quis
184 1712 299 1756 enim
321 1711 470 1756 credat
483 1712 576 1772 jam
597 1710 712 1756 illius
729 1711 850 1756 modi
867 1712 986 1756 cibos
1003 1727 1055 1756 ex
1070 1712 1275 1757 arborum
1289 1714 1446 1773 pomis,

56 1772 374 1827 immortalibus
406 1791 450 1826 et
482 1782 747 1842 spiritalibus
780 1782 1037 1842 corporibus
1066 1785 1325 1840 necessarios
1358 1800 1449 1828 esse

55 1854 246 1914 potuisse
261 1856 280 1897 Ρ
297 1856 610 1897 Verumtamen
631 1854 665 1898 si
678 1853 798 1898 aliud
812 1869 902 1898 non
916 1864 1059 1914 potest
1073 1854 1279 1910 inveniri,
1294 1853 1450 1899 melius

56 1925 254 1983 eligimus
282 1925 532 1985 paradisum
558 1924 804 1985 spiritaliter
826 1925 1067 1986 intelligere
1081 1962 1092 1981 ‚
1124 1942 1258 1986 quam
1278 1926 1349 1971 vel
1363 1942 1449 1986 pu-

56 2006 148 2042 tare
161 2012 251 2041 non
262 1996 461 2042 renovari
474 1997 720 2053 hominem,
745 2013 846 2042 cum
861 1998 986 2042 toties
999 1998 1083 2042 hoc
1101 1998 1323 2058 Scriptura
1334 2013 1452 2042 com-

56 2078 291 2125 memorat,
309 2068 380 2113 vel
402 2084 503 2112 eum
525 2068 768 2114 existimare
796 2070 1006 2130 recipere,
1039 2071 1161 2131 quod
1192 2086 1283 2115 non
1305 2080 1451 2116 osten-

59 2140 178 2186 ditur
199 2139 401 2183 amisisse.
424 2142 522 2184 Huc
544 2140 731 2195 accedit,
758 2140 880 2201 quod
907 2150 951 2185 et
975 2142 1065 2201 ipsa
1089 2156 1205 2186 mors
1233 2142 1421 2186 hominis
1436 2178 1447 2198 ,

59 2226 193 2272 quam
214 2226 314 2255 eum
335 2220 517 2271 peccato
536 2212 864 2268 commeruisse,
888 2211 1027 2257 multa
1041 2212 1188 2257 divina
1205 2213 1452 2258 testimonia

59 2281 395 2343 colloquuntur,
414 2281 579 2327 indicat
592 2298 693 2326 eum
706 2283 797 2327 sine
818 2294 958 2328 morte
975 2283 1177 2329 futurum
1195 2284 1326 2330 fuisse
1337 2321 1348 2341 ,
1369 2285 1450 2329 nisi

59 2362 289 2414 peccasset.
315 2353 547 2407 Quomodo
570 2369 673 2413 ergo
695 2354 787 2398 sine
815 2364 957 2399 morte
983 2355 1206 2417 mortah'35
1240 2366 1316 2402 aut
1337 2371 1451 2417 quo-

61 2424 193 2470 modo
214 2439 305 2470 non
322 2424 538 2483 mortalis,
557 2426 592 2471 si
607 2441 763 2487 corpus
784 2425 999 2472 animale?

111 2528 123 2546 ¹
146 2533 161 2556 1
180 2522 254 2555 Cor.
274 2532 330 2565 xv,
351 2520 408 2565 45.
