1854 3219
395 117 475 153 578
823 129 855 153 s.
895 124 1126 155 Aueusa'iivi
1161 128 1341 155 hrtseorl

397 192 660 251 telligantur,
682 192 882 251 indigent
896 194 1053 237 mentis
1066 193 1242 238 obtutu.
1264 196 1377 239 Cum
1390 202 1536 236 autem
1550 208 1637 236 non
1660 190 1785 236 intel-

393 263 450 323 lig
459 274 606 319 untur,
618 264 664 307 in
677 264 832 323 spiritu
849 281 919 308 eas
934 264 1039 309 dicit
1051 280 1156 320 esse,
1173 281 1263 309 non
1276 265 1321 308 in
1333 273 1478 308 mente
1501 283 1508 308 2
1531 262 1647 308 unde
1661 279 1786 323 aper-

393 334 477 378 tius
501 335 559 378 ait
581 354 590 379 2
619 353 640 376 α
668 334 710 379 Si
731 334 1004 380 benedixeris
1027 336 1181 395 spiritu
1198 371 1208 391 ,
1229 336 1305 396 qui
1328 334 1503 394 supplet
1529 333 1787 378 loeumidiot

397 423 415 445 >›
452 404 680 464 quomodo,
713 405 850 460 dicet,
885 408 1050 465 Amen,
1087 423 1215 466 super
1252 416 1370 451 tuam
1406 404 1756 449 benedictionem
1772 439 1783 460 ,

395 494 414 518 »
451 476 812 537 quandoquidem
838 477 977 522 nescit
998 477 1107 539 quid
1128 477 1301 523 dicas1?
1325 496 1345 519 »
1379 477 1492 531 Quia
1521 493 1624 536 ergo
1656 476 1789 521 etiam

390 546 558 607 lingua,
578 548 625 592 id
637 558 716 604 est,
738 549 937 594 membro
954 550 1145 610 eorporis
1160 548 1281 611 quod
1296 564 1520 594 movemus
1534 549 1580 592 in
1598 564 1672 593 ore
1686 564 1789 593 eum

389 618 629 680 loquimur,
655 620 777 679 signa
802 620 956 681 utique
980 637 1127 666 rerum
1149 621 1327 677 dantur,
1356 636 1448 665 non
1473 636 1540 665 res
1558 621 1663 680 ipsae
1680 635 1788 680 pro-

388 690 621 743 feruntur3
652 701 884 752 propterea
911 692 1119 737 translato
1148 693 1284 738 verbo
1319 691 1517 751 linguam
1554 690 1790 752 appellavit

389 761 635 822 quamlibet
667 763 891 822 signorum
911 764 1201 823 prolationem
1238 763 1355 823 prius
1383 779 1518 824 quam
1540 761 1789 820 intellig-ann

389 842 461 877 tur
483 850 572 895 quo
595 850 699 878 eum
722 834 970 881 intellectus
1004 836 1255 891 accesserit,
1292 836 1370 897 qui
1404 835 1562 879 mentis
1594 844 1657 879 est
1685 849 1790 894 pro-

389 905 508 964 prius
525 941 536 961 ,
567 906 618 950 fit
641 905 848 951 revelatio
863 941 874 962 ,
898 906 969 951 vel
993 907 1181 966 agnitio,
1207 906 1277 952 vel
1300 907 1551 967 prophetia,
1583 905 1653 951 vel
1681 904 1790 950 doc-

397 976 522 1020 trina.
552 976 739 1022 Proinde
765 977 824 1021 ait
851 997 860 1022 ι
899 997 916 1017 «
947 978 989 1022 Si
1020 993 1181 1022 venero
1205 977 1260 1021 ad
1291 994 1367 1022 vos
1396 977 1557 1036 linguis
1578 976 1789 1037 loquens,

397 1064 417 1087 »
452 1046 559 1107 quid
589 1047 709 1092 vobis
742 1047 957 1107 prodero,
983 1048 1065 1092 nisi
1094 1048 1251 1109 loquar
1271 1047 1396 1093 vobis
1426 1047 1472 1091 in
1499 1046 1789 1102 revelatione,

399 1135 419 1158 »
456 1127 531 1161 aut
559 1117 605 1161 in
634 1117 881 1177 agnitione,
909 1127 985 1162 aut
1010 1119 1055 1163 in
1086 1120 1315 1178 prophetia
1335 1153 1346 1174 ,
1375 1127 1452 1162 aut
1476 1119 1523 1162 in
1548 1117 1790 1172 doetrina3,

400 1206 420 1229 »
457 1197 533 1232 aut
550 1188 596 1231 in
618 1188 862 1247 agnitione,
876 1189 1015 1234 autin
1036 1189 1294 1250 prophetia?
1313 1207 1334 1231 »
1361 1189 1407 1234 id
1422 1198 1503 1246 est,
1524 1205 1626 1234 cum
1644 1188 1791 1248 signis,

397 1259 481 1304 hoe
502 1269 581 1315 est,
606 1259 769 1319 linguae
793 1260 1019 1305 accesserit
1040 1259 1310 1317 intellectus,
1337 1270 1387 1305 ut
1405 1276 1495 1306 non
1517 1261 1674 1321 spiritu
1695 1270 1796 1305 tan-

401 1340 517 1387 tum,
542 1331 619 1377 sed
640 1332 772 1378 etiam
791 1342 940 1378 mente
957 1341 1109 1391 agatur
1130 1332 1253 1393 quod
1275 1333 1435 1393 agitur.

399 1466 462 1483 ww}
465 1467 731 1485 mhvwmww
734 1468 802 1485 WW

1003 1469 1272 1485 vwwwwunmvvu
1276 1467 1791 1490 htmmmmwvmkm

914 1567 1133 1616 CAPUT
1177 1569 1267 1615 IX.

637 1686 960 1747 Prophetiam
982 1685 1054 1732 acl
1072 1697 1282 1733 mentem
1299 1690 1556 1747 pertinere.

461 1812 560 1854 XX.
597 1813 792 1856 Paomms
816 1811 977 1872 quibus
994 1811 1117 1872 signa
1139 1827 1216 1872 per
1236 1811 1401 1873 aliquas
1423 1828 1568 1857 rerum
1593 1827 1798 1872 corpora-

400 1881 509 1926 lium
530 1882 834 1927 similitudines
856 1883 1271 1928 demonstrabantur
1287 1885 1332 1927 in
1354 1884 1530 1944 spiritu,
1556 1884 1636 1928 nisi
1654 1900 1799 1928 acees-

401 1954 522 1999 sisset
538 1955 695 2000 mentis
717 1955 913 2000 officium
930 1991 940 2010 ,
970 1964 1021 1999 ut
1043 1955 1175 1999 etiam
1198 1954 1571 2015 intelligerentur,
1597 1954 1798 2000 nondum

402 2036 492 2071 erat
511 2027 764 2087 prophetia,
789 2027 1014 2088 magisque
1033 2028 1248 2088 propheta
1266 2036 1373 2083 erat,
1395 2028 1470 2088 qui
1484 2027 1799 2088 interpretaba-

405 2108 474 2143 tur
492 2099 613 2160 quod
631 2098 740 2144 alius
757 2098 933 2145 vidisset
949 2135 959 2155 ,
987 2116 1119 2161 quam
1144 2100 1234 2160 ipse
1257 2099 1334 2160 qui
1357 2099 1547 2144 vidisset.
1571 2100 1696 2144 Unde
1719 2115 1798 2159 ap-

402 2180 526 2232 paret
546 2171 682 2231 magis
711 2171 765 2216 ad
789 2180 982 2216 mentem
1006 2172 1225 2231 pertinere
1256 2171 1557 2232 prophetiam,
1586 2187 1718 2232 quam
1744 2170 1800 2215 ad

403 2243 533 2288 istum
558 2243 782 2304 spiritum,
803 2244 880 2305 qui
902 2242 1035 2289 modo
1059 2243 1252 2305 quodam
1266 2243 1444 2304 proprio
1464 2252 1647 2288 vocatur
1669 2243 1797 2304 spiri-

404 2324 498 2371 tus,
525 2315 588 2360 vis
611 2315 766 2360 animae
791 2315 994 2377 quaedam
1016 2325 1163 2361 mente
1187 2314 1389 2371 inferior,
1410 2314 1488 2360 ubi
1506 2315 1799 2376 corporalium

404 2401 550 2432 rerum
584 2386 889 2433 similitudines
922 2387 1241 2449 exprimuntur.
1283 2391 1436 2448 Itaque
1465 2387 1601 2447 magis
1637 2387 1798 2448 Joseph

454 2492 463 2508 ¹
489 2496 500 2516 i
528 2485 602 2518 Cor.
633 2496 699 2527 xiv,
725 2486 774 2518 16.
803 2503 843 2508 -—-
864 2484 979 2518 ²1bid.
999 2485 1031 2517 (5.
