1854 3219
368 233 422 260 m:
454 232 604 260 GENESI
637 229 691 257 AD
725 230 963 269 LlTTEnAM,
990 233 1071 259 Lm.
1100 233 1156 259 VI.
1372 221 1456 260 359

561 503 783 557 CAPUT
820 508 986 557 XVII.

366 651 647 715 Eoefuturis
668 666 893 710 quaenam
912 666 1024 696 vere
1023 650 1221 714 futura.

131 786 342 840 XXVIII.
381 795 465 840 SED
482 793 674 839 fortassis
695 795 741 839 in
756 793 924 839 mundo
940 800 1027 850 est,
1048 803 1099 839 ut
1125 799 1299 838 necesse
1320 793 1376 838 sit
1403 792 1464 838 is-

70 876 167 912 tum
188 865 414 911 hominem
435 880 671 911 senescere.
710 866 754 911 Si
782 875 927 911 autem
958 881 1038 911 nec
1057 866 1104 910 in
1125 865 1293 910 mundo
1309 875 1394 921 est,
1419 865 1466 910 in

70 941 162 983 Deo
177 946 255 981 est.
282 939 377 981 Hoc
399 936 515 980 enim
532 937 771 982 necessario
787 935 988 981 futurum
1005 947 1069 982 est
1089 936 1211 998 quod
1239 935 1312 981 ille
1344 935 1461 993 vult,

70 1015 115 1053 et
141 1023 191 1053 ea
211 1022 312 1053 vere
329 1005 478 1052 futura
499 1016 602 1052 sunt
622 1024 722 1068 quae
742 1006 815 1052 ille
838 1008 1067 1068 praescivit.
1092 1011 1203 1054 Nam
1227 1006 1366 1052 multa
1398 1023 1467 1052 se-

70 1077 269 1124 cundum
299 1077 527 1122 inferiores
560 1094 710 1123 causas
737 1077 889 1124 futura
916 1088 1041 1137 sunt,
1057 1079 1132 1124 sed
1149 1080 1183 1124 si
1205 1079 1264 1124 ita
1295 1088 1396 1124 sunt
1424 1088 1467 1124 et

69 1150 115 1194 in
146 1149 416 1210 praescientia
448 1150 547 1206 Dei,
579 1165 680 1194 vere
704 1147 854 1195 futura
875 1160 1002 1195 sunt:
1029 1150 1063 1195 si
1086 1159 1233 1194 autem
1256 1149 1318 1194 ibi
1343 1148 1467 1194 aliter

69 1229 197 1277 sunt,
222 1220 283 1265 ita
304 1221 451 1280 potius
469 1218 619 1265 futura
643 1230 766 1276 sunt,
793 1221 905 1266 sicut
922 1221 982 1265 ibi
999 1230 1123 1277 sunt,
1149 1221 1227 1265 ubi
1241 1221 1317 1281 qui
1330 1236 1468 1281 praes-

68 1292 149 1348 cit,
166 1289 259 1336 falli
276 1307 367 1336 non
383 1301 542 1352 potest.
558 1294 669 1338 Nam
680 1291 829 1337 futura
847 1291 1005 1337 dicitur
1021 1302 1219 1337 senectus
1231 1292 1276 1336 in
1284 1293 1464 1352 juvene,

67 1363 145 1408 sed
170 1372 319 1407 tamen
339 1361 489 1408 futura
515 1379 605 1408 non
625 1373 710 1420 est,
736 1364 771 1408 si
793 1373 894 1408 ante
911 1364 1149 1409 moriturus
1170 1373 1234 1408 est
1251 1364 1361 1409 :hoc
1384 1380 1464 1408 au-

67 1442 157 1479 tem
177 1433 235 1479 ita
258 1434 360 1491 erit,
383 1434 496 1479 sicut
516 1450 560 1478 se
582 1435 749 1479 habent
765 1433 860 1479 aliae
874 1451 1037 1491 causae,
1062 1436 1150 1480 sive
1171 1433 1339 1480 mundo
1357 1451 1467 1480 con-

67 1513 217 1560 textae,
236 1504 384 1550 sivein
406 1505 484 1549 Dci
505 1505 776 1565 praescientia
808 1515 1050 1550 reservatae.
1082 1509 1194 1552 Nam
1222 1505 1468 1553 secundum

66 1574 279 1636 quasdam
306 1574 560 1621 futurorum
584 1591 731 1620 causas
757 1575 996 1620 moriturus
1018 1585 1110 1620 erat
1133 1577 1361 1632 Ezechias,
1397 1577 1469 1621 cui

65 1648 181 1691 Deus
195 1642 364 1690 addidit
374 1644 627 1707 quindecim
641 1662 776 1690 annos
794 1646 849 1690 ad
863 1647 998 1691 vitam
1009 1648 1040 1702 ²,
1059 1645 1106 1691 id
1117 1647 1272 1708 utique
1285 1646 1464 1705 faciens,

66 1716 188 1778 quod
207 1726 308 1761 ante
326 1717 685 1762 constitutionem
698 1717 854 1762 mundi
867 1733 911 1762 se
923 1716 1143 1762 facturum
1162 1734 1253 1763 esse
1263 1720 1468 1779 praescie-

64 1787 164 1844 bat,
189 1797 233 1832 et
254 1788 300 1832 in
322 1803 398 1833 sua
418 1787 647 1833 voluntate
660 1789 874 1832 servabat.
900 1791 999 1834 Non
1015 1804 1117 1847 ergo
1143 1788 1190 1833 id
1220 1787 1322 1835 fecit
1344 1791 1467 1851 quod

65 1857 266 1903 futurum
287 1874 379 1903 non
396 1868 513 1904 erat:
537 1860 622 1904 hoc
640 1859 756 1903 enim
779 1859 916 1918 magis
936 1868 1028 1904 erat
1043 1859 1245 1905 futurum
1257 1897 1268 1916 ,
1285 1860 1408 1922 quod
1421 1878 1466 1907 se

64 1928 285 1974 facturum
304 1945 393 1974 esse
414 1929 682 1990 praesciebat.
706 1932 796 1975 Nec
819 1939 967 1974 tamen
987 1929 1050 1974 illi
1073 1931 1175 1975 anni
1201 1930 1338 1976 additi
1350 1942 1467 1978 recte

0 2023 11 2033 -
65 1999 337 2058 dicerentur,
360 2001 445 2046 nisi
462 2000 628 2063 aliquid
650 2000 906 2058 adderetur,
927 2000 1048 2063 quod
1070 2017 1114 2046 se
1142 2001 1265 2046 aliter
1292 2003 1339 2048 in
1372 2003 1465 2049 aliis

64 2073 201 2118 causis
221 2073 449 2119 habuerat.
478 2072 730 2119 Secundum
751 2072 917 2136 aliquas
939 2074 1072 2134 igitur
1104 2091 1253 2120 causas
1281 2073 1463 2122 inferio-

64 2159 130 2190 res
146 2145 238 2205 jam
257 2145 393 2190 vitam
411 2145 581 2190 finierat
599 2164 608 2190 :
635 2146 878 2190 secundum
893 2145 987 2191 illas
1005 2155 1152 2198 autem
1177 2162 1277 2208 quae
1294 2158 1397 2193 sunt
1417 2149 1464 2194 in

63 2214 290 2261 voluntate
319 2226 363 2261 et
393 2217 664 2277 praescientia
694 2217 799 2273 Dei,
830 2218 908 2279 qui
933 2234 985 2263 ex
1010 2219 1253 2264 aeternitate
1284 2230 1466 2266 noverat

63 2286 171 2347 quid
203 2285 279 2331 illo
314 2296 511 2348 tempore
548 2286 743 2332 facturus
775 2298 892 2345 erat,
929 2290 1002 2347 (et
1024 2290 1108 2335 hoc
1134 2305 1235 2334 vere
1258 2289 1461 2336 futurum

63 2362 209 2414 erat,)
239 2366 346 2403 tunc
386 2368 479 2403 erat
515 2360 719 2404 finiturus
749 2360 883 2405 vitam
908 2361 1089 2422 quando
1129 2362 1271 2407 finivit
1303 2363 1455 2408 vitam.

65 2429 176 2482 Quia
199 2428 278 2473 etsi
299 2430 440 2475 oranti
456 2445 710 2476 concessum
725 2441 788 2476 est
800 2468 810 2488 ‚
831 2432 962 2477 etiam
976 2433 1034 2477 sic
1047 2449 1148 2478 cum
1165 2444 1391 2479 oraturum
1407 2443 1460 2479 ut

65 2498 141 2544 tali
158 2499 344 2544 orationi
360 2502 543 2547 concedi
569 2511 791 2562 oporteret
817 2502 892 2548 ille
915 2504 1072 2564 utique
1092 2505 1370 2565 praesciebat,
1389 2519 1463 2549 cu-

114 2601 124 2618 ¹
147 2596 223 2629 Isa'i.
247 2606 389 2639 xxxvm,
408 2596 440 2630 5.
