1854 3219
325 239 378 266 ΒΕ
409 239 559 267 enimsi
593 237 647 265 An
679 238 923 278 LlTTEnAM,
960 240 1041 267 mn.
1079 241 1145 266 111.
1357 227 1440 266 237

59 317 216 361 genus,
236 318 286 348 ac
306 302 341 348 si
361 303 577 347 diceretur
594 302 853 361 generatim,
874 312 924 348 ut
939 304 1052 348 inter
1072 319 1116 348 se
1137 303 1291 348 similia
1310 312 1442 364 atque

58 373 115 418 ad
136 390 271 419 unam
298 374 510 435 originem
535 373 707 420 seminis
735 374 995 435 pertinentia
1020 375 1389 435 distinguerentur
1419 391 1444 419 a

57 454 238 492 caeterls.

56 591 1018 610 ΜΙΜᾺἏΜΜΜΜΑΛΜΜΜΛΝΜΛΛΜΜΜΝΜἉΜΜΝΙΜΜΜΜ
1021 592 1088 610 ΜΜ
1091 592 1443 610 mmmmm

547 726 765 777 CAPUT
809 728 955 776 ΧΠΙ.

55 867 340 915 Benedictio
368 885 454 915 eur
473 868 586 915 solis
604 868 900 929 aquatilibus
920 871 1043 916 sicut
1063 869 1248 916 homini
1266 871 1442 931 imper-

399 941 504 986 tita.
528 968 584 976 —-
612 941 829 1004 Officium
849 939 1097 1004 gignendi.

113 1077 234 1119 XXI.
262 1078 374 1120 ITEM
396 1077 622 1137 quaeritur,
659 1075 768 1138 quid
792 1086 961 1122 tantum
993 1093 1206 1138 aquarum
1243 1076 1442 1121 animalia

53 1145 108 1190 de
128 1148 332 1192 Creatore
354 1148 613 1203 meruerint,
639 1158 690 1192 ut
711 1148 800 1193 sola
818 1148 1196 1204 benedicerentur,
1228 1149 1339 1193 sicut
1356 1149 1440 1193 ho-

52 1217 204 1261 mines.
229 1220 339 1263 Nam
361 1227 404 1262 et
419 1219 511 1278 ipsa
535 1219 757 1263 benedixit
772 1222 912 1274 Deus,
935 1219 1083 1264 dicens
1106 1239 1114 1264 z
1145 1239 1165 1262 «
1189 1220 1377 1264 Crescite
1400 1228 1442 1262 et
1502 1268 1506 1269 ⁷

55 1305 75 1329 »
110 1288 488 1348 multiplicamini,
526 1299 568 1333 ct
606 1289 784 1349 implete
814 1307 945 1351 aquas
980 1291 1131 1345 maris,
1173 1300 1216 1334 et
1246 1290 1440 1335 volatilia

56 1376 77 1399 ³)
112 1357 458 1418 multiplicentur
479 1375 609 1420 super
625 1369 800 1404 terram.
823 1378 842 1402 ))
869 1364 937 1405 An
959 1361 1005 1404 in
1027 1377 1117 1405 uno
1140 1370 1348 1405 creaturae
1372 1377 1442 1420 ge-

52 1445 156 1474 nere
172 1429 409 1474 dicendum
431 1430 536 1486 fuit,
562 1441 612 1475 ut
633 1432 678 1475 in
700 1433 865 1476 caeteris
883 1442 1199 1493 consequenter
1222 1431 1440 1491 intellige-

52 1509 187 1557 retur,
209 1518 308 1563 quae
331 1503 682 1561 generationibus
706 1506 936 1548 crescunt?
958 1505 1080 1549 Prius
1104 1520 1206 1563 ergo
1225 1503 1441 1548 diceretur

49 1572 99 1616 in
121 1588 172 1617 eo
194 1572 315 1634 quod
346 1574 536 1633 primum
564 1572 651 1618 tale
685 1583 881 1619 creatum
917 1584 1005 1629 est,
1043 1576 1087 1619 in
1113 1575 1249 1619 herba
1278 1574 1442 1619 scilicet

53 1652 183 1704 atque
205 1643 337 1702 ligno.
363 1647 433 1689 An
459 1644 571 1689 sorte
595 1661 695 1706 quae
717 1644 891 1689 nullum
913 1645 1128 1689 haberent
1149 1644 1441 1705 propagandae

51 1714 184 1774 prolis
212 1715 441 1771 affectum,
472 1731 520 1760 ac
544 1716 635 1760 sine
670 1715 761 1761 ullo
784 1732 912 1761 sensu
941 1726 1224 1775 generarent,
1262 1716 1441 1775 indigna

0 1779 1 1794 ¹
47 1785 260 1847 judicavit
280 1786 363 1832 illis
385 1786 699 1832 benedictionis
721 1788 865 1832 verbis
885 1807 893 1832 :
917 1789 1140 1832 «Crescite
1163 1797 1206 1832 ct
1226 1787 1441 1847 multipli-

0 1852 2 1857 ’
55 1875 77 1899 »
111 1858 266 1903 camini
292 1877 301 1903 ι
329 1876 350 1900 »
377 1858 454 1902 ubi
476 1868 623 1903 autem
644 1858 740 1902 talis
756 1860 911 1903 inesset
932 1859 1114 1903 affectus
1130 1895 1140 1914 ‚
1166 1859 1227 1902 ibi
1250 1859 1440 1919 primum

52 1929 137 1974 hoc
170 1928 301 1985 dixit,
332 1938 383 1974 ut
412 1929 459 1974 in
488 1930 669 1975 terrenis
697 1928 958 1975 animalibus
989 1930 1118 1974 etiam
1151 1946 1242 1975 non
1274 1929 1442 1974 dictum

52 1998 398 2059 intelligeretur?
428 2001 728 2046 Necessarium
761 2009 909 2045 autem
942 1999 1029 2046 fuit
1057 2000 1141 2045 hoc
1177 2000 1223 2044 in
1262 2000 1440 2045 homine

2 2064 5 2081 ”
53 2079 276 2131 repetere,
306 2086 362 2116 ne
388 2070 622 2132 quisquam
648 2070 813 2116 diceret
847 2072 894 2116 in
922 2071 1068 2116 officio
1099 2070 1307 2131 gignendi
1328 2070 1440 2115 filios

54 2140 195 2186 ullum
208 2157 298 2187 esse
313 2151 559 2202 peccatum,
579 2142 692 2187 sicut
712 2150 776 2186 est
796 2141 843 2186 in
854 2140 1052 2197 libidine,
1075 2142 1164 2187 sive
1177 2140 1438 2196 fornicandi,

54 2212 143 2259 sive
163 2212 258 2274 ipso
278 2213 483 2274 conjugio
503 2212 830 2259 immoderatius
853 2211 1081 2258 abutendi.
