1854 3219
356 190 410 216 DE
443 189 650 216 noemma
683 190 936 217 emus-rimu
969 193 1051 218 Lm.
1088 189 1150 216 ιιι.
1387 178 1440 218 45

57 252 273 297 vissimam
294 252 378 297 dici
395 287 405 307 ,
436 269 486 297 ex
518 269 607 314 quo
628 252 675 298 id
697 253 894 299 Christus
923 254 1124 315 praedixit
1146 254 1371 309 futurum,
1398 265 1440 299 et

56 331 221 381 partem
254 323 438 383 primam
462 322 548 367 diei
569 338 657 383 quo
678 323 726 367 id
753 323 941 368 ostendit
957 324 1188 384 impletum
1206 359 1216 379 ,
1237 339 1316 383 pro
1340 324 1441 369 totis

55 391 211 437 diebus
232 391 408 437 duobus
426 402 557 453 atque
570 393 747 451 integris
766 393 959 454 posuisse
976 415 986 452 3
1011 395 1045 439 is
1068 409 1187 449 vero,
1205 394 1281 454 qui
1303 394 1409 438 dixit
1425 429 1438 449 ,

58 482 78 505 «
114 466 215 508 Post
235 462 325 508 dies
351 479 444 519 sex,
472 482 493 506 »
513 464 704 524 integros
727 480 878 510 omnes
901 475 945 509 et
964 474 1098 521 totos,
1124 464 1200 510 sed
1216 465 1328 509 solos
1344 481 1439 509 me-

53 533 147 579 dios
168 544 455 595 computasse.
477 539 570 581 Hoc
587 535 720 581 modo
737 535 991 593 locutionis,
1018 553 1106 598 quo
1127 536 1394 595 significatur
1415 553 1439 581 a

53 614 173 666 parte
206 615 349 651 totum
364 641 375 662 ,
401 607 530 652 etiam
559 606 633 652 illa
657 607 712 652 de
736 609 1050 653 resurrectione
1072 608 1232 653 Christi
1257 607 1440 652 solvitur

50 677 250 738 quaestio.
286 681 386 722 Pars
421 678 537 723 enim
566 679 793 724 novissima
832 679 940 736 diei,
964 695 1052 741 quo
1074 695 1220 740 passus
1240 688 1304 722 est
1321 714 1331 734 ,
1357 679 1439 723 nisi

49 762 129 807 pro
142 756 236 792 toto
247 746 319 792 die
334 748 585 808 accipiatur,
602 748 649 793 id
662 758 741 806 est,
760 748 969 810 adjuncta
986 750 1118 794 etiam
1135 758 1264 794 nocte
1282 758 1439 809 praete-

50 817 157 877 rita3
188 827 233 862 et
253 833 339 863 nox
371 817 418 862 in
454 820 579 880 cujus
606 829 729 879 parte
751 819 906 865 ultima
928 821 1185 876 resurrexit,
1212 820 1292 864 nisi
1319 829 1438 864 totus

48 887 138 933 dies
173 888 431 949 accipiatur,
459 888 668 950 adjuncto
700 889 864 936 scilicet
891 890 962 935 die
984 890 1264 935 illucescente
1296 889 1438 935 domi-

48 958 146 1004 nico
161 993 172 1015 ,
199 974 290 1003 non
325 968 508 1019 possunt
545 974 637 1004 esse
657 969 744 1004 tres
764 960 855 1005 dies
888 970 932 1006 et
952 969 1038 1005 tres
1074 969 1223 1006 noctes
1239 995 1250 1016 ‚
1275 961 1438 1021 quibus

47 1029 177 1075 corde
198 1039 325 1074 terrae
345 1029 546 1091 praedixit
566 1029 766 1075 futurum
780 1033 810 1075 ².

105 1104 178 1146 LI.
205 1102 439 1161 Legitimos
472 1111 618 1147 autem
643 1118 849 1148 numeros
872 1102 1004 1158 dicit,
1042 1118 1151 1164 quos
1175 1102 1437 1147 eminentius

45 1170 192 1216 divina
217 1172 438 1232 Scriptura
455 1172 750 1228 commendat,
770 1172 882 1217 sieut
899 1173 1193 1233 septenarium
1207 1172 1278 1216 vel
1300 1172 1437 1216 dena-

44 1242 185 1298 rium,
220 1241 290 1287 vel
322 1241 665 1298 duodenarium,
701 1251 745 1286 et
777 1243 1046 1303 quicumque
1074 1243 1146 1287 alii
1168 1251 1292 1298 sunt,
1326 1258 1436 1303 quos

43 1311 228 1370 legendo
249 1312 430 1357 studiosi
445 1313 634 1357 libenter
649 1322 905 1371 agnoscunt.
929 1313 1193 1373 Plerumque
1211 1314 1327 1357 enim
1350 1314 1437 1357 hu-

38 1382 230 1444 jusmodi
251 1382 422 1441 numeri
445 1398 525 1443 pro
547 1383 749 1427 universo
783 1392 979 1442 tempore
1011 1392 1240 1442 ponuntur
1259 1402 1267 1427 ;
1293 1383 1403 1427 sicut
1420 1419 1432 1439 ,

47 1473 68 1497 ι(
105 1453 268 1514 Septies
290 1454 338 1498 in
361 1453 431 1498 die
463 1453 656 1498 laudabo
685 1456 780 1509 te2,
815 1471 836 1494 »
874 1452 984 1497 nihil
1018 1461 1081 1498 est
1117 1452 1237 1497 aliud
1269 1469 1401 1514 quam
1420 1489 1432 1510 ,

46 1544 68 1568 «
104 1527 282 1586 Semper
297 1523 391 1569 laus
409 1525 498 1585 ejus
517 1525 564 1569 in
586 1540 660 1570 ore
687 1525 827 1568 me0³.
855 1542 876 1565 »
905 1523 1198 1568 Tantumdem
1217 1524 1365 1569 valent
1391 1535 1435 1570 et

42 1611 144 1642 cum
163 1595 526 1656 multiplicantur,
549 1595 638 1641 sive
654 1610 733 1655 per
754 1594 1001 1651 denarium,
1029 1595 1143 1640 sicut
1158 1595 1434 1655 septuaginta

42 1677 87 1713 et
105 1667 392 1728 septingenti3
411 1666 531 1712 unde
552 1675 736 1728 possunt
751 1675 795 1711 et
815 1666 1089 1727 septuaginta
1111 1666 1215 1711 anni
1234 1669 1259 1710 J
1262 1667 1434 1711 eremite

40 1753 120 1799 pro
152 1738 355 1783 universo
390 1746 586 1797 tempore
619 1736 866 1797 spiritaliter
887 1737 1052 1797 aecipi⁴
1069 1772 1079 1792 ,
1105 1753 1195 1798 quo
1228 1746 1292 1781 est
1314 1737 1433 1798 apud

40 1809 203 1855 alienos
215 1808 406 1854 Ecclesia
425 1828 434 1854 z
450 1809 538 1854 sive
550 1824 628 1868 per
649 1824 693 1854 se
704 1808 836 1869 ipsos,
856 1808 968 1853 sicut
985 1807 1138 1854 decem
1155 1823 1234 1868 per
1250 1808 1402 1853 decem
1417 1844 1428 1865 ,

40 1889 218 1926 centum
238 1888 362 1937 sunt,
377 1887 422 1923 et
436 1877 669 1924 duodecim
689 1894 768 1939 per
789 1877 1023 1923 duodecim
1041 1887 1220 1923 centum
1241 1879 1432 1939 quadra-

41 1951 161 2011 ginta
180 1959 397 2012 quatuor3
420 1965 508 2011 quo
532 1964 718 1994 numero
738 1949 1006 2007 significatur
1024 1948 1280 1993 universitas
1303 1965 1430 1995 sanc-

42 2032 185 2067 torum
204 2022 251 2066 in
281 2019 585 2081 Apocalypsi-²².
617 2018 744 2065 Unde
771 2028 951 2080 apparet
984 2035 1075 2064 non
1108 2019 1220 2064 solas
1252 2030 1428 2081 tempo-

40 2109 138 2138 rum
159 2092 418 2154 quaestiones
448 2091 538 2137 istis
560 2091 751 2136 numeris
782 2106 872 2136 esse
901 2089 1151 2147 solvendas,
1190 2091 1267 2136 sed
1298 2091 1427 2137 latius

39 2173 186 2226 patere
207 2163 542 2224 significationes
571 2178 746 2219 eorum,
772 2163 874 2207 etin
888 2161 1027 2207 multa
1044 2178 1311 2222 proserpere.
1338 2167 1426 2209 Ne-

40 2252 127 2298 que
157 2235 274 2281 enim
296 2249 505 2279 numerus
532 2234 612 2279 iste
633 2234 679 2279 in
702 2233 966 2295 Apocalypsi
988 2233 1043 2279 ad
1070 2243 1266 2294 tempora
1288 2236 1425 2295 perti-

41 2317 137 2364 net,
161 2306 238 2353 sed
255 2306 312 2353 ad
331 2307 544 2353 homines.

87 2411 97 2428 ¹
117 2404 230 2438 Matth.
249 2415 305 2448 xn,
323 2402 465 2448 4o.-“²
481 2403 565 2438 Psal.
580 2413 687 2446 cxvm,
702 2402 776 2437 164,
791 2420 834 2428 --
854 2401 930 2437 ³1d.
951 2413 1060 2446 xxxin,
1079 2414 1110 2437 2.
1126 2402 1271 2437 -4Jer.
1293 2414 1370 2446 xxv,
1384 2416 1422 2439 11.

42 2477 84 2485 ·-
107 2459 123 2485 ⁵
140 2463 242 2504 Apoc.
265 2471 323 2504 vn,
341 2460 375 2504 4.
