1854 3219
403 196 485 235 278
846 206 879 234 s.
917 206 1146 237 ,1000511111
1177 211 1359 238 Eriseom

402 290 500 318 mus
524 282 587 317 est
608 273 663 318 ad
687 288 818 334 quem
842 272 1023 331 reditur,
1045 292 1065 320 a
1091 292 1179 337 quo
1195 293 1340 322 rursus
1357 276 1643 322 hebdomadis
1665 278 1793 324 series

402 344 613 390 ordiatur.
643 344 768 389 Unde
790 345 1059 404 probabilius
1081 357 1144 392 est
1165 348 1266 392 istos
1288 347 1467 409 quidem
1483 358 1649 409 septem
1677 349 1790 406 dies,

403 416 580 461 illorum
602 416 854 460 nominibus
877 426 920 461 et
952 433 1135 463 numero
1152 455 1162 474 ‚
1200 418 1304 464 alios
1329 429 1460 481 atque
1488 419 1593 465 alios
1621 420 1795 467 sibimet

398 487 682 532 succedentes
715 488 932 533 currendo
964 489 1219 549 temporalia
1252 505 1456 550 peragere
1490 491 1626 552 spatia
1654 511 1662 536 :
1698 491 1794 537 illos

400 568 547 604 autem
581 559 741 620 primos
771 575 843 603 sex
876 559 966 605 dies
1001 561 1224 621 inexperta
1261 561 1390 605 nobis
1424 571 1557 623 atque
1589 563 1795 609 inusitata

399 632 541 691 specie
563 632 609 675 in
625 632 726 692 ipsis
751 648 897 676 rerum
920 632 1245 678 conditionibus
1273 632 1508 693 explicatos
1527 655 1538 692 3
1563 634 1610 678 in
1631 634 1794 695 quibus

398 713 442 748 et
459 719 636 763 vespera
660 713 703 748 et
725 719 874 760 mane,
899 704 1011 749 sieut
1030 705 1122 765 ipsa
1139 704 1213 749 lux
1234 714 1278 749 et
1295 705 1488 750 tenebrae
1504 741 1515 762 ,
1535 705 1681 762 idest,
1703 707 1795 751 dies

398 783 442 819 et
458 790 543 819 nox
558 810 569 830 ,
595 790 685 819 11011
705 791 800 820 eam
820 775 1163 820 vicissitudinem
1186 776 1471 836 praebuerunt
1485 812 1495 832 ,
1522 792 1655 837 quam
1678 793 1794 837 prae-

398 845 506 890 bent
523 845 592 890 isti
615 861 692 906 per
713 846 811 891 solis
835 847 1070 905 circuitus3
1095 846 1218 908 quod
1239 856 1356 892 certe
1379 847 1434 892 de
1457 846 1540 892 illis
1562 847 1702 893 tribus
1725 846 1794 893 fa-

398 917 480 962 teri
515 918 734 976 cogimur,
772 918 971 979 quiante
993 917 1171 963 condita
1201 918 1434 964 luminaria
1465 920 1796 966 commemorati

399 998 532 1050 atque
549 990 766 1034 numerati
788 999 904 1035 sunt.

457 1064 666 1107 XXXIV.
702 1065 766 1107 Ac
794 1077 870 1122 per
897 1063 979 1106 hoc
1003 1061 1337 1123 qualiscumque
1370 1062 1417 1107 in
1452 1061 1511 1106 eis
1543 1077 1722 1122 vespera
1753 1072 1797 1108 et

398 1148 526 1178 mane
549 1132 680 1178 suerit
694 1170 704 1190 ‚
730 1132 1005 1179 nullomodo
1021 1142 1169 1178 tamen
1187 1132 1460 1193 opinandum
1483 1143 1567 1190 est,
1593 1149 1645 1179 eo
1667 1149 1797 1179 mane

397 1205 520 1265 quod
541 1215 639 1265 post
659 1206 766 1250 sexti
789 1206 875 1250 diei
903 1221 1125 1266 vesperam
1156 1204 1325 1250 factum
1358 1214 1447 1261 est,
1473 1206 1648 1250 initium
1671 1222 1796 1251 acee-

398 1276 510 1336 pisse
553 1277 750 1337 requiem
790 1277 869 1321 Dei
883 1313 894 1332 ,
935 1293 990 1321 110
1034 1276 1273 1337 temporale
1313 1275 1493 1337 aliquod
1527 1276 1696 1321 bonum
1733 1277 1798 1322 illi

397 1348 631 1392 aeternitati
650 1357 692 1392 et
706 1348 1137 1393 incommutabilitati
1150 1347 1353 1392 accidisse
1365 1348 1558 1393 vanitate
1570 1349 1798 1393 temeraria

395 1419 668 1479 suspicemur
686 1439 694 1464 ε
711 1418 787 1463 sed
808 1418 927 1463 illam
944 1419 1126 1479 quidem
1147 1420 1342 1479 requiem
1361 1419 1460 1474 Dei,
1478 1435 1564 1478 qua
1584 1419 1630 1463 in
1646 1434 1690 1463 se
1704 1420 1797 1478 ipso

396 1492 649 1551 requiescit,
677 1507 818 1552 eoque
840 1492 958 1536 bono
982 1491 1135 1535 beatus
1158 1500 1222 1535 est
1241 1490 1364 1551 quod
1386 1492 1476 1550 ipse
1495 1490 1577 1536 sibi
1600 1500 1664 1535 est
1679 1526 1690 1546 ‚
1716 1506 1797 1535 nec

397 1562 572 1607 initium
605 1561 749 1606 eidem
777 1563 858 1622 ipsi
888 1562 1050 1606 habere
1082 1577 1162 1606 nec
1190 1562 1456 1613 terminum3
1482 1571 1797 1606 consummatae

398 1643 546 1679 autem
579 1643 789 1677 creaturae
824 1634 986 1678 habere
1016 1634 1215 1689 initium,
1247 1633 1445 1678 eamdem
1479 1634 1676 1694 requiem
1699 1633 1792 1678 Dei.

399 1705 619 1760 Quoniam
656 1705 718 1749 rei
751 1706 963 1765 cujusque
1000 1703 1236 1764 perfectio,
1270 1721 1360 1749 non
1393 1715 1484 1749 tam
1516 1705 1562 1748 in
1594 1705 1797 1750 universo

398 1779 521 1837 cujus
543 1793 640 1833 pars
674 1785 763 1830 est,
790 1791 923 1836 quam
947 1776 993 1818 in
1022 1791 1072 1819 co
1107 1793 1128 1819 a
1162 1792 1252 1836 quo
1279 1785 1368 1831 est,
1406 1775 1451 1819 in
1477 1792 1566 1836 quo
1590 1785 1633 1820 et
1655 1776 1798 1836 ipsum

396 1849 650 1893 universum
673 1856 757 1902 est,
776 1863 855 1906 pro
874 1847 940 1890 sui
963 1847 1129 1905 generis
1148 1846 1329 1892 modulo
1346 1846 1565 1891 stabilitur
1587 1856 1636 1891 ut
1655 1847 1796 1908 quies-

396 1930 488 1975 cat,
514 1918 560 1963 id
582 1928 667 1975 est,
692 1926 743 1962 ut
764 1919 831 1962 sui
861 1919 1073 1962 momenti
1098 1917 1296 1962 ordinem
1328 1928 1489 1963 teneat.
1522 1922 1585 1963 Ac
1607 1935 1685 1979 per
1711 1920 1795 1964 hoc

397 1993 487 2051 ipsa
515 1990 772 2035 universitas
805 1999 1042 2044 creaturae,
1074 2006 1173 2049 quae
1205 2005 1277 2034 sex
1305 1989 1460 2034 dicbus
1493 2001 1795 2037 consummata

397 2072 462 2107 est
475 2098 485 2117 ‚
512 2061 632 2105 aliud
654 2061 788 2105 habet
809 2061 855 2104 in
873 2076 948 2104 sua
965 2069 1120 2104 natura
1137 2096 1148 2115 ,
1170 2059 1288 2105 aliud
1305 2061 1351 2105 in
1369 2060 1521 2105 ordine
1539 2062 1687 2122 quoin
1705 2066 1795 2107 Deo

400 2143 490 2189 est,
514 2150 603 2178 non
636 2134 748 2177 sicut
780 2137 919 2188 Deus,
946 2132 1022 2177 sed
1044 2141 1190 2176 tamen
1211 2132 1271 2176 ita
1303 2142 1354 2177 ut
1386 2133 1424 2177 ei
1456 2133 1579 2193 quies
1610 2134 1797 2193 propriae

397 2205 644 2250 stabilitatis
667 2222 757 2249 non
779 2205 831 2250 sit
847 2241 857 2261 ,
884 2204 965 2249 nisi
983 2205 1028 2247 in
1050 2203 1164 2248 illius
1188 2205 1336 2265 quiete
1353 2205 1430 2264 qui
1444 2204 1554 2248 nihil
1576 2214 1735 2264 praeter
1752 2221 1796 2250 se

397 2277 587 2338 appetit,
614 2294 702 2338 quo
725 2276 884 2337 adepto
909 2277 1164 2337 requiescat.
1192 2280 1248 2320 Et
1272 2276 1371 2320 ideo
1398 2276 1506 2319 dum
1529 2277 1620 2336 ipse
1648 2286 1796 2322 manet

398 2349 446 2392 in
467 2364 532 2403 se,
549 2347 768 2409 quidquid
787 2363 836 2391 ex
857 2346 932 2391 illo
955 2356 1019 2390 est
1038 2355 1261 2407 retorquet
1279 2345 1333 2390 ad
1350 2362 1410 2401 se,
1436 2356 1486 2391 ut
1508 2347 1647 2392 omnis
1671 2363 1794 2392 crea-

398 2429 496 2464 tura
511 2420 556 2464 111
579 2435 623 2464 se
639 2420 800 2464 habeat
819 2428 985 2462 naturae
1004 2434 1093 2462 suae
1112 2419 1363 2474 terminum,
1385 2434 1474 2479 quo
1491 2435 1582 2463 non
1603 2419 1657 2463 sit
1673 2419 1795 2480 quod

395 2493 487 2552 ipse
508 2501 598 2550 est3
635 2492 681 2535 in
714 2490 790 2535 illo
814 2500 962 2535 autem
985 2491 1141 2550 quietis
1173 2490 1342 2546 locum,
1380 2507 1470 2551 quo
1500 2500 1641 2536 servet
1672 2491 1795 2552 quod

396 2564 486 2624 ipsa
505 2572 581 2608 est.
611 2564 708 2609 Scio
730 2562 850 2622 quod
873 2579 962 2607 non
985 2563 1158 2622 proprie
1180 2561 1363 2607 dixerim
1376 2562 1523 2608 locum
1541 2584 1552 2621 3
1572 2578 1673 2609 nam
1687 2579 1792 2622 pro—
