1854 3219
396 194 480 232 286
781 206 813 231 s.
862 203 1092 232 AUGUSTIM
1126 205 1305 232 EPlSCOPI

391 366 1781 385 mmmmmmmmmwmmmwmmmmmm

855 488 1074 539 CAPUT
1111 491 1298 540 XXIV.

806 635 1024 682 Sez'entz'a
1042 635 1356 698 Angelorum.

442 771 558 813 XLI.
583 771 873 823 QUAPROPTER
906 786 1009 815 cum
1033 770 1170 815 sancti
1192 770 1372 830 Angeli,
1403 770 1565 831 quibus
1587 778 1686 830 post
1708 784 1779 813 rc—

384 843 698 888 surrectionem
720 843 1064 904 coaequabimur,
1091 843 1123 888 si
1143 844 1258 887 viam
1273 845 1289 902 (
1303 842 1423 904 quod
1441 843 1568 887 nobis
1585 843 1781 888 Christus

383 914 522 960 sactus
546 917 635 974 est)
657 931 797 976 usque
826 915 872 959 in
902 916 1036 959 finem
1070 914 1366 970 tenuerimuS,
1403 930 1575 975 semper
1605 913 1783 959 videant

383 985 540 1031 faciem
573 987 651 1032 Dei
668 1023 678 1043 ‚
715 987 952 1047 Verboqne
984 988 1074 1047 ejus
1108 986 1336 1046 unigenito
1371 986 1482 1031 Filio
1519 986 1631 1031 sicut
1666 985 1781 1030 Patri

383 1058 563 1120 aequalis
581 1066 665 1114 est,
690 1058 988 1118 peltruantur,
1009 1058 1055 1102 in
1077 1058 1237 1119 quibus
1260 1058 1398 1118 prima
1417 1058 1615 1103 omnium
1640 1065 1781 1102 creata

384 1141 448 1176 est
469 1131 703 1191 sapientia3
722 1131 878 1190 procul
901 1129 1037 1175 dubio
1061 1131 1307 1175 universam
1330 1140 1597 1186 creaturam,
1619 1130 1667 1173 in
1694 1145 1783 1190 qua

383 1203 465 1263 ipsi
482 1212 585 1247 sunt
599 1201 897 1263 principaliter
914 1202 1095 1258 conditi,
1107 1203 1153 1246 in
1166 1203 1259 1262 ipso
1267 1203 1415 1247 Verbo
1428 1203 1506 1247 Dei
1519 1203 1637 1263 prius
1650 1217 1782 1247 nove-

384 1284 509 1331 runt,
534 1275 581 1319 in
604 1290 693 1335 quo
716 1281 819 1318 sunt
840 1274 1059 1330 omnimn⁷
1087 1274 1217 1318 etiam
1235 1290 1335 1334 quae
1352 1273 1651 1335 temporaliter
1668 1273 1782 1318 facta

383 1356 511 1402 sunt,
537 1355 711 1390 aeternae
729 1345 915 1390 rationes
927 1381 937 1401 ‚
959 1354 1171 1406 tanquam
1193 1346 1238 1389 in
1256 1362 1307 1391 eo
1325 1362 1403 1406 per
1419 1345 1540 1407 quod
1552 1345 1666 1391 facta
1679 1354 1782 1390 sunt

385 1419 561 1464 omnia:
588 1434 636 1462 ac
671 1417 830 1462 deinde
861 1417 909 1461 in
940 1417 1032 1476 ipsa
1067 1426 1288 1472 creatura⁷
1319 1433 1451 1477 quam
1479 1418 1538 1461 sic
1564 1424 1782 1462 noverunt

384 1498 593 1550 tanquam
621 1489 735 1534 infra
765 1487 1076 1549 despicientes,
1110 1503 1293 1549 eamque
1320 1488 1555 1532 referentes
1584 1487 1640 1532 ad
1666 1486 1782 1531 illius

382 1561 586 1617 laudem,
618 1562 664 1605 in
687 1563 812 1622 cujus
834 1560 1184 1605 incommutabili
1206 1561 1387 1606 veritate
1416 1561 1605 1605 rationes
1625 1575 1781 1604 secun-

385 1633 493 1679 dum
515 1649 621 1693 quas
638 1632 751 1677 sacta
765 1642 844 1688 cst,
860 1632 1158 1693 principaliter
1171 1632 1338 1678 vident.
1362 1633 1430 1677 Ibi
1447 1649 1550 1692 ergo
1567 1641 1778 1693 tanquam

383 1720 462 1765 per
491 1704 607 1748 diem
623 1739 633 1758 ‚
665 1703 784 1747 unde
806 1713 849 1747 et
871 1703 1206 1748 concordissima
1230 1704 1373 1748 unitas
1398 1720 1549 1748 corum
1585 1703 1780 1764 ejusdem

383 1775 575 1821 veritatis
598 1774 930 1834 participatione
953 1773 1043 1819 dics
1067 1784 1131 1819 est
1152 1775 1352 1835 primitus
1375 1784 1570 1820 creatus:
1605 1774 1677 1819 hic
1701 1791 1780 1819 au-

384 1857 473 1892 tem
491 1855 701 1906 tanquam
714 1860 792 1905 per
804 1861 1027 1906 vesperam
1051 1866 1060 1891 :
1080 1845 1157 1891 sed
1174 1847 1384 1891 continuo
1401 1848 1451 1891 fit
1466 1862 1610 1902 mane,
1631 1845 1781 1907 (quod

384 1919 430 1963 in
448 1917 653 1963 omnibus
670 1933 742 1961 sex
763 1915 921 1961 diebus
944 1916 1230 1962 animadverti
1253 1919 1451 1977 potest3)
1473 1918 1575 1979 quia
1598 1933 1688 1963 non
1709 1933 1780 1961 re-

384 1999 533 2034 manet
555 1987 750 2048 angelica
770 1988 948 2033 scientia
968 1988 1014 2032 in
1036 2004 1087 2033 eo
1109 1988 1231 2049 quod
1243 1998 1435 2034 creatum
1461 1998 1546 2045 est,
1566 1989 1675 2050 quin
1695 1989 1781 2033 hoe

384 2061 595 2106 continuo
617 2059 775 2104 referat
793 2060 849 2104 ad
871 2061 961 2120 ejus
984 2059 1159 2106 laudem
1183 2070 1316 2122 atque
1335 2061 1607 2116 charitatem,
1629 2061 1675 2104 in
1691 2076 1781 2121 quo

383 2132 427 2177 id
445 2148 535 2177 non
558 2131 724 2177 factum
747 2147 837 2176 esse
853 2167 863 2187 ‚
889 2131 965 2176 sed
986 2129 1237 2176 faciendum
1259 2131 1392 2177 fuisse
1417 2132 1709 2190 cognoscitur,
1735 2131 1780 2175 in

383 2219 471 2264 qua
501 2204 683 2248 veritate
705 2202 860 2248 stando
894 2201 985 2247 dies
1008 2212 1086 2247 est.
1112 2206 1223 2250 Nam
1243 2204 1277 2247 si
1302 2203 1377 2249 vel
1396 2202 1451 2247 ad
1473 2218 1516 2247 se
1538 2202 1675 2262 ipsam
1697 2217 1778 2246 na-

384 2284 481 2319 tura
503 2274 698 2333 angelica
732 2284 1076 2330 converteretur,
1109 2291 1242 2333 seque
1270 2273 1455 2332 amplius
1487 2272 1779 2318 delectaretur

381 2361 515 2406 quam
543 2345 640 2400 illo,
678 2347 801 2405 eujus
835 2344 1167 2404 participatione
1200 2344 1328 2388 beata
1356 2353 1448 2396 est;
1481 2345 1776 2390 intumescens

382 2416 584 2477 superbia
607 2417 796 2471 caderet,
814 2415 923 2460 sicut
941 2414 1168 2459 diabolus:
1188 2414 1243 2459 de
1266 2431 1355 2475 quo
1373 2431 1451 2460 suo
1468 2414 1565 2461 loco
1586 2415 1775 2478 loquen-

325 2541 328 2544 ⁴
383 2488 490 2533 dum
512 2497 576 2532 est
592 2523 602 2542 ‚
630 2503 731 2531 cum
764 2487 819 2531 de
841 2495 1039 2546 serpente
1060 2486 1250 2531 hominIS
1276 2485 1507 2532 seductore
1530 2503 1670 2533 sermo
1692 2488 1774 2533 de-

382 2560 499 2605 bitus
517 2558 798 2617 flagitabitur.
