1854 3219
354 194 408 220 DE
439 192 589 220 GENEs1
622 189 676 216 An
710 187 924 215 Li'rTEnAM
941 205 951 224 ,
987 187 1068 214 Lm.
1106 186 1183 212 vn.
1386 171 1469 210 375

87 259 207 305 modi
235 274 281 303 re
309 257 503 303 similiter
524 254 769 316 adjacente,
786 254 870 297 hoc
892 262 970 307 cst,
996 252 1050 295 de
1069 264 1275 310 corpore,
1293 264 1383 293 non
1415 247 1470 292 de

88 346 133 376 se
155 331 247 391 ipsa
279 330 433 374 flatum
452 327 571 373 facit.
604 328 731 370 Nunc
768 339 871 368 vero
906 323 1007 384 quia
1046 338 1136 367 non
1168 319 1473 366 tantummodo

89 399 245 446 mundi
266 414 423 460 corpus
444 401 535 443 Deo
558 411 648 441 esse
669 394 897 440 subditum
918 393 1118 448 dicimus,
1139 393 1216 437 sed
1239 390 1364 435 illum
1385 405 1476 434 esse

88 488 218 532 supra
239 485 416 517 omnem
428 477 672 514 creaturam
694 466 782 511 sive
804 464 1075 525 corporalem
1099 464 1187 508 sive
1209 459 1473 522 spiritalem3

88 558 169 588 nec
190 541 246 587 de
266 557 311 586 se
333 541 450 601 ipso,
476 554 558 584 nec
585 537 640 583 de
660 536 878 598 corporeis
902 534 1128 581 elementis
1146 530 1390 579 credendus
1411 541 1478 577 est

89 614 279 660 animam
302 611 452 657 fecisse
471 607 702 656 sufflando.

93 777 340 798 ΜΝΜΛΜΜΜ

554 773 838 794 mmmm
842 768 1478 791 mmmmmmmmm

631 891 855 939 CAPUT
889 891 950 936 V,

511 1042 597 1087 An
617 1043 787 1087 anima
808 1056 873 1087 ex
892 1038 1056 1087 nihilo.

149 1182 250 1225 VII.
276 1181 437 1225 U-rmm
459 1188 607 1225 autem
627 1194 680 1224 ex
701 1194 754 1225 eo
774 1177 897 1240 quod
910 1178 1091 1225 omnino
1107 1191 1198 1222 non
1212 1185 1320 1231 erat,
1333 1173 1380 1220 id
1395 1183 1476 1230 est,

89 1267 140 1297 ex
155 1250 319 1310 nihilo,
336 1267 392 1296 an
410 1267 461 1295 ex
478 1250 624 1312 aliqua
642 1266 703 1308 re,
720 1252 922 1312 quaejam
938 1250 993 1294 ab
1010 1247 1086 1294 illo
1101 1245 1481 1312 factaspiritaliter

89 1332 203 1378 erat,
234 1321 310 1366 sed
345 1322 487 1366 anima
509 1320 708 1366 nondum
740 1330 854 1377 erat,
885 1321 1040 1365 merito
1073 1319 1212 1381 quaeri
1238 1327 1396 1379 potest.
1436 1317 1480 1363 Si

89 1393 204 1438 enim
219 1396 361 1437 Deum
383 1392 527 1438 adhuc
544 1391 711 1454 aliquid
730 1409 783 1437 ex
804 1391 942 1437 nihilo
964 1406 1108 1437 creare
1130 1406 1221 1436 non
1241 1388 1477 1444 credimus,

88 1473 239 1525 postea
267 1478 401 1524 quam
432 1463 594 1508 creavit
624 1464 770 1507 omnia
793 1462 944 1518 simul,
966 1472 1009 1507 et
1034 1463 1092 1507 ob
1120 1462 1206 1506 hoc
1227 1477 1252 1505 a
1274 1475 1482 1506 consums-

89 1534 214 1579 matis
248 1533 450 1579 omnibus
482 1533 686 1594 operibus
719 1534 981 1594 requievisse
1013 1532 1252 1587 credimus,
1277 1547 1378 1592 quae
1409 1531 1482 1576 in-

89 1606 263 1651 choavit
276 1605 435 1660 facere,
452 1613 503 1649 ut
523 1603 742 1665 quidquid
763 1603 922 1648 deinde
944 1603 1122 1658 faceret,
1137 1618 1190 1647 ex
1211 1603 1278 1646 his
1293 1601 1480 1661 faceret3

89 1692 181 1722 non
208 1674 337 1723 video
368 1674 742 1736 quemadmodum
775 1673 1092 1733 intelligamus,
1117 1672 1263 1718 adhuc
1299 1688 1401 1717 cum
1430 1688 1484 1717 ex

90 1744 228 1792 nihilo
241 1747 406 1793 animas
418 1744 577 1791 facere.
593 1749 663 1790 An
679 1743 916 1789 dicendum
937 1753 1000 1788 est
1016 1759 1118 1788 eum
1139 1744 1185 1787 in
1201 1743 1285 1788 illis
1301 1742 1484 1805 quidem

91 1817 296 1878 operibus
315 1818 558 1878 primorum
580 1831 651 1860 sex
676 1814 847 1860 dierum
870 1814 1020 1859 secisse
1044 1814 1169 1859 illum
1192 1813 1308 1858 diem
1332 1814 1485 1859 occul-

91 1899 208 1945 tum,
244 1905 295 1934 ac
333 1889 368 1933 si
401 1889 485 1933 hoc
516 1888 661 1948 potius
691 1887 810 1931 credi
848 1896 1043 1947 oportet,
1075 1886 1312 1947 spiritalem
1350 1896 1483 1948 atque

91 1959 434 2004 intellectualem
447 1967 664 2014 naturam,
676 1957 840 2003 scilicet
852 1958 1031 2002 unitatis
1053 1957 1278 2017 angelicae,
1289 1966 1333 2002 et
1349 1973 1484 2002 mun-

92 2031 222 2087 dum,
241 2030 289 2075 id
309 2040 394 2087 est,
415 2031 579 2076 coelum
601 2039 646 2074 et
669 2039 854 2088 terram,
874 2039 1005 2090 atque
1033 2029 1078 2074 in
1100 2028 1185 2074 illis
1206 2030 1298 2089 jam
1325 2038 1479 2074 extan-

92 2102 209 2147 tibus
237 2103 403 2146 naturis
437 2102 624 2147 rationes
660 2117 824 2147 creasse
861 2100 1108 2146 futurarum
1156 2101 1361 2158 aliarum,
1393 2117 1485 2146 non

93 2172 204 2232 ipsas
225 2182 426 2217 naturas:
448 2172 643 2234 alioquin
666 2173 700 2217 si
716 2174 808 2233 jani
829 2173 891 2217 ibi
907 2182 1064 2217 creatae
1078 2181 1220 2217 essent
1235 2172 1347 2218 sicut
1359 2182 1484 2217 erant

94 2242 277 2298 futurae,
300 2259 389 2288 non
421 2243 566 2288 adhuc
587 2253 728 2288 essent
755 2242 945 2288 futurae?
967 2243 1097 2297 Quod
1118 2244 1151 2288 si
1173 2244 1232 2288 ita
1253 2252 1338 2299 est,
1364 2260 1481 2288 non-

94 2312 202 2357 dum
215 2318 315 2358 'erat
335 2314 381 2359 in
402 2313 587 2358 conditis
609 2314 738 2358 rebus
768 2315 922 2358 animae
953 2315 1158 2359 humanae
1185 2314 1276 2358 ulla
1298 2323 1476 2370 natura,

96 2393 140 2428 et
159 2393 266 2428 tunc
287 2400 376 2429 esse
398 2386 557 2446 coepit,
582 2400 682 2429 cum
704 2401 799 2429 eam
828 2389 943 2430 Deus
962 2385 1179 2430 sufflando
1200 2384 1325 2441 fecit,
1352 2395 1484 2446 atque

95 2454 255 2500 indidit
272 2455 455 2500 homini.

158 2529 278 2570 Vln.
307 2527 391 2571 Sed
421 2543 509 2572 non
533 2527 634 2571 ideo
661 2527 844 2587 quaestio
866 2528 1034 2572 sublata
1058 2538 1142 2581 est,
1168 2544 1254 2587 qua
1272 2527 1486 2587 quaeritur
