<?xml version="1.0" encoding="UTF-8"?>
<!DOCTYPE html PUBLIC "-//W3C//DTD XHTML 1.0 Transitional//EN"
    "http://www.w3.org/TR/xhtml1/DTD/xhtml1-transitional.dtd">
<html xmlns="http://www.w3.org/1999/xhtml" xml:lang="en" lang="en">
 <head>
  <title>
</title>
<meta http-equiv="Content-Type" content="text/html;charset=utf-8" />
  <meta name='ocr-system' content='tesseract 3.04.00' />
  <meta name='ocr-capabilities' content='ocr_page ocr_carea ocr_par ocr_line ocrx_word'/>
</head>
<body>
  <div class='ocr_page' id='page_1' title='image "./operaomniaaccura05auguuoft_0277.png"; bbox 0 0 1854 3219; ppageno 0'>
   <div class='ocr_carea' id='block_1_1' title="bbox 346 208 1470 256">
    <p class='ocr_par' dir='ltr' id='par_1_1' title="bbox 346 208 1470 256">
     <span class='ocr_line' id='line_1_1' title="bbox 346 208 1470 256; baseline 0 -10"><span class='ocrx_word' id='word_1_1' title='bbox 346 220 401 246; x_wconf 84' lang='lat' dir='ltr'>DE</span> <span class='ocrx_word' id='word_1_2' title='bbox 434 219 586 246; x_wconf 74' lang='lat' dir='ltr'>GENEsr</span> <span class='ocrx_word' id='word_1_3' title='bbox 620 215 674 245; x_wconf 80' lang='lat' dir='ltr'>An</span> <span class='ocrx_word' id='word_1_4' title='bbox 708 216 953 256; x_wconf 78' lang='lat' dir='ltr'>LITTERAM,</span> <span class='ocrx_word' id='word_1_5' title='bbox 991 220 1072 246; x_wconf 73' lang='lat' dir='ltr'>me.</span> <span class='ocrx_word' id='word_1_6' title='bbox 1110 221 1169 246; x_wconf 77' lang='lat' dir='ltr'>iv.</span> <span class='ocrx_word' id='word_1_7' title='bbox 1387 208 1470 247; x_wconf 81' lang='lat'>255</span> 
     </span>
    </p>
   </div>
   <div class='ocr_carea' id='block_1_2' title="bbox 75 283 1480 2626">
    <p class='ocr_par' dir='ltr' id='par_1_2' title="bbox 75 283 1475 1481">
     <span class='ocr_line' id='line_1_2' title="bbox 78 283 1472 346; baseline 0 -17"><span class='ocrx_word' id='word_1_8' title='bbox 78 285 297 345; x_wconf 86' lang='lat' dir='ltr'>partibus,</span> <span class='ocrx_word' id='word_1_9' title='bbox 322 300 421 346; x_wconf 88' lang='lat' dir='ltr'>quae</span> <span class='ocrx_word' id='word_1_10' title='bbox 449 283 751 344; x_wconf 68' lang='lat' dir='ltr'>multiplicatae</span> <span class='ocrx_word' id='word_1_11' title='bbox 783 285 950 344; x_wconf 83' lang='lat' dir='ltr'>possint</span> <span class='ocrx_word' id='word_1_12' title='bbox 982 300 1283 330; x_wconf 85' lang='lat' dir='ltr'>consummare</span> <span class='ocrx_word' id='word_1_13' title='bbox 1315 301 1472 329; x_wconf 90' lang='lat' dir='ltr'>nume-</span> 
     </span>
     <span class='ocr_line' id='line_1_3' title="bbox 78 354 1472 416; baseline 0.001 -17"><span class='ocrx_word' id='word_1_14' title='bbox 78 370 197 410; x_wconf 87' lang='lat' dir='ltr'>rum,</span> <span class='ocrx_word' id='word_1_15' title='bbox 222 357 345 416; x_wconf 87' lang='lat' dir='ltr'>cujus</span> <span class='ocrx_word' id='word_1_16' title='bbox 368 363 510 415; x_wconf 86' lang='lat' dir='ltr'>partes</span> <span class='ocrx_word' id='word_1_17' title='bbox 533 362 651 398; x_wconf 88' lang='lat' dir='ltr'>sunt.</span> <span class='ocrx_word' id='word_1_18' title='bbox 687 354 799 399; x_wconf 86' lang='lat' dir='ltr'>Talis</span> <span class='ocrx_word' id='word_1_19' title='bbox 822 356 938 399; x_wconf 90' lang='lat' dir='ltr'>enim</span> <span class='ocrx_word' id='word_1_20' title='bbox 969 372 1067 416; x_wconf 88' lang='lat' dir='ltr'>pars</span> <span class='ocrx_word' id='word_1_21' title='bbox 1090 357 1261 400; x_wconf 88' lang='lat' dir='ltr'>numeri</span> <span class='ocrx_word' id='word_1_22' title='bbox 1283 356 1370 400; x_wconf 89' lang='lat' dir='ltr'>dici</span> <span class='ocrx_word' id='word_1_23' title='bbox 1391 372 1472 416; x_wconf 87' lang='lat' dir='ltr'>po-</span> 
     </span>
     <span class='ocr_line' id='line_1_4' title="bbox 78 427 1467 488; baseline 0.001 -18"><span class='ocrx_word' id='word_1_24' title='bbox 78 435 159 471; x_wconf 81' lang='lat' dir='ltr'>test</span> <span class='ocrx_word' id='word_1_25' title='bbox 186 436 321 487; x_wconf 84' lang='lat' dir='ltr'>quota</span> <span class='ocrx_word' id='word_1_26' title='bbox 347 427 415 471; x_wconf 78' lang='lat' dir='ltr'>sit,</span> <span class='ocrx_word' id='word_1_27' title='bbox 442 429 551 472; x_wconf 90' lang='lat' dir='ltr'>Nam</span> <span class='ocrx_word' id='word_1_28' title='bbox 581 427 796 471; x_wconf 86' lang='lat' dir='ltr'>ternarius</span> <span class='ocrx_word' id='word_1_29' title='bbox 828 443 1035 472; x_wconf 84' lang='lat' dir='ltr'>numerus</span> <span class='ocrx_word' id='word_1_30' title='bbox 1063 437 1207 488; x_wconf 87' lang='lat' dir='ltr'>potest</span> <span class='ocrx_word' id='word_1_31' title='bbox 1240 427 1325 472; x_wconf 87' lang='lat' dir='ltr'>dici</span> <span class='ocrx_word' id='word_1_32' title='bbox 1348 443 1467 488; x_wconf 81' lang='lat' dir='ltr'>pars,</span> 
     </span>
     <span class='ocr_line' id='line_1_5' title="bbox 78 497 1472 558; baseline 0.001 -16"><span class='ocrx_word' id='word_1_33' title='bbox 78 513 170 542; x_wconf 92' lang='lat' dir='ltr'>non</span> <span class='ocrx_word' id='word_1_34' title='bbox 199 507 372 542; x_wconf 86' lang='lat' dir='ltr'>tantum</span> <span class='ocrx_word' id='word_1_35' title='bbox 394 498 566 553; x_wconf 84' lang='lat' dir='ltr'>senarii,</span> <span class='ocrx_word' id='word_1_36' title='bbox 592 499 716 558; x_wconf 87' lang='lat' dir='ltr'>cujus</span> <span class='ocrx_word' id='word_1_37' title='bbox 743 497 923 543; x_wconf 78' lang='lat' dir='ltr'>dimidia</span> <span class='ocrx_word' id='word_1_38' title='bbox 946 509 1024 555; x_wconf 88' lang='lat' dir='ltr'>est,</span> <span class='ocrx_word' id='word_1_39' title='bbox 1047 499 1122 544; x_wconf 86' lang='lat' dir='ltr'>sed</span> <span class='ocrx_word' id='word_1_40' title='bbox 1152 499 1348 545; x_wconf 88' lang='lat' dir='ltr'>omnium</span> <span class='ocrx_word' id='word_1_41' title='bbox 1379 515 1472 544; x_wconf 90' lang='lat' dir='ltr'>am—</span> 
     </span>
     <span class='ocr_line' id='line_1_6' title="bbox 77 570 1473 632; baseline 0.001 -18"><span class='ocrx_word' id='word_1_42' title='bbox 77 570 268 631; x_wconf 86' lang='lat' dir='ltr'>pliorum</span> <span class='ocrx_word' id='word_1_43' title='bbox 299 585 432 630; x_wconf 85' lang='lat' dir='ltr'>quam</span> <span class='ocrx_word' id='word_1_44' title='bbox 464 579 528 614; x_wconf 91' lang='lat' dir='ltr'>est</span> <span class='ocrx_word' id='word_1_45' title='bbox 549 570 640 630; x_wconf 90' lang='lat' dir='ltr'>ipse</span> <span class='ocrx_word' id='word_1_46' title='bbox 662 570 891 614; x_wconf 87' lang='lat' dir='ltr'>ternarius.</span> <span class='ocrx_word' id='word_1_47' title='bbox 918 573 1027 615; x_wconf 85' lang='lat' dir='ltr'>Nam</span> <span class='ocrx_word' id='word_1_48' title='bbox 1062 580 1105 614; x_wconf 90' lang='lat' dir='ltr'>et</span> <span class='ocrx_word' id='word_1_49' title='bbox 1136 571 1402 632; x_wconf 76' lang='lat' dir='ltr'>quaternarii</span> <span class='ocrx_word' id='word_1_50' title='bbox 1429 581 1473 616; x_wconf 87' lang='lat' dir='ltr'>et</span> 
     </span>
     <span class='ocr_line' id='line_1_7' title="bbox 77 641 1473 703; baseline 0.001 -18"><span class='ocrx_word' id='word_1_51' title='bbox 77 641 264 703; x_wconf 88' lang='lat' dir='ltr'>quinarii</span> <span class='ocrx_word' id='word_1_52' title='bbox 293 656 392 701; x_wconf 78' lang='lat' dir='ltr'>pars</span> <span class='ocrx_word' id='word_1_53' title='bbox 420 642 558 701; x_wconf 82' lang='lat' dir='ltr'>major</span> <span class='ocrx_word' id='word_1_54' title='bbox 586 642 799 686; x_wconf 84' lang='lat' dir='ltr'>ternarius</span> <span class='ocrx_word' id='word_1_55' title='bbox 829 650 919 686; x_wconf 89' lang='lat' dir='ltr'>est:</span> <span class='ocrx_word' id='word_1_56' title='bbox 947 651 1091 702; x_wconf 87' lang='lat' dir='ltr'>potest</span> <span class='ocrx_word' id='word_1_57' title='bbox 1113 642 1229 686; x_wconf 85' lang='lat' dir='ltr'>enirn</span> <span class='ocrx_word' id='word_1_58' title='bbox 1259 641 1398 687; x_wconf 87' lang='lat' dir='ltr'>dividi</span> <span class='ocrx_word' id='word_1_59' title='bbox 1430 652 1473 686; x_wconf 86' lang='lat' dir='ltr'>et</span> 
     </span>
     <span class='ocr_line' id='line_1_8' title="bbox 77 714 1468 776; baseline 0.001 -19"><span class='ocrx_word' id='word_1_60' title='bbox 77 714 379 775; x_wconf 83' lang='lat' dir='ltr'>quaternarius</span> <span class='ocrx_word' id='word_1_61' title='bbox 401 714 447 758; x_wconf 90' lang='lat' dir='ltr'>in</span> <span class='ocrx_word' id='word_1_62' title='bbox 468 715 550 758; x_wconf 85' lang='lat' dir='ltr'>tria</span> <span class='ocrx_word' id='word_1_63' title='bbox 572 723 616 758; x_wconf 91' lang='lat' dir='ltr'>et</span> <span class='ocrx_word' id='word_1_64' title='bbox 637 730 796 770; x_wconf 86' lang='lat' dir='ltr'>unum,</span> <span class='ocrx_word' id='word_1_65' title='bbox 822 724 866 759; x_wconf 91' lang='lat' dir='ltr'>et</span> <span class='ocrx_word' id='word_1_66' title='bbox 887 716 1114 776; x_wconf 89' lang='lat' dir='ltr'>quinarius</span> <span class='ocrx_word' id='word_1_67' title='bbox 1136 715 1182 759; x_wconf 87' lang='lat' dir='ltr'>in</span> <span class='ocrx_word' id='word_1_68' title='bbox 1204 715 1284 759; x_wconf 85' lang='lat' dir='ltr'>tria</span> <span class='ocrx_word' id='word_1_69' title='bbox 1302 724 1346 760; x_wconf 86' lang='lat' dir='ltr'>et</span> <span class='ocrx_word' id='word_1_70' title='bbox 1363 716 1468 760; x_wconf 85' lang='lat' dir='ltr'>duo.</span> 
     </span>
     <span class='ocr_line' id='line_1_9' title="bbox 76 785 1473 847; baseline 0.001 -18"><span class='ocrx_word' id='word_1_71' title='bbox 76 787 135 829; x_wconf 92' lang='lat' dir='ltr'>Et</span> <span class='ocrx_word' id='word_1_72' title='bbox 156 785 387 845; x_wconf 84' lang='lat' dir='ltr'>septenarii</span> <span class='ocrx_word' id='word_1_73' title='bbox 409 794 452 829; x_wconf 88' lang='lat' dir='ltr'>et</span> <span class='ocrx_word' id='word_1_74' title='bbox 473 785 685 830; x_wconf 83' lang='lat' dir='ltr'>octonarii</span> <span class='ocrx_word' id='word_1_75' title='bbox 707 795 751 830; x_wconf 91' lang='lat' dir='ltr'>et</span> <span class='ocrx_word' id='word_1_76' title='bbox 772 786 995 831; x_wconf 87' lang='lat' dir='ltr'>novenarii</span> <span class='ocrx_word' id='word_1_77' title='bbox 1009 822 1019 842; x_wconf 86' lang='lat'>,</span> <span class='ocrx_word' id='word_1_78' title='bbox 1052 796 1096 830; x_wconf 91' lang='lat' dir='ltr'>et</span> <span class='ocrx_word' id='word_1_79' title='bbox 1117 785 1336 847; x_wconf 82' lang='lat' dir='ltr'>quidquid</span> <span class='ocrx_word' id='word_1_80' title='bbox 1358 785 1473 830; x_wconf 85' lang='lat' dir='ltr'>ultra</span> 
     </span>
     <span class='ocr_line' id='line_1_10' title="bbox 77 856 1469 918; baseline 0.001 -18"><span class='ocrx_word' id='word_1_81' title='bbox 77 865 142 901; x_wconf 86' lang='lat' dir='ltr'>est</span> <span class='ocrx_word' id='word_1_82' title='bbox 163 870 466 912; x_wconf 86' lang='lat' dir='ltr'>numerorum,</span> <span class='ocrx_word' id='word_1_83' title='bbox 482 872 580 916; x_wconf 88' lang='lat' dir='ltr'>pars</span> <span class='ocrx_word' id='word_1_84' title='bbox 592 866 657 901; x_wconf 89' lang='lat' dir='ltr'>est</span> <span class='ocrx_word' id='word_1_85' title='bbox 675 857 904 913; x_wconf 87' lang='lat' dir='ltr'>ternarius,</span> <span class='ocrx_word' id='word_1_86' title='bbox 926 873 1014 902; x_wconf 92' lang='lat' dir='ltr'>non</span> <span class='ocrx_word' id='word_1_87' title='bbox 1032 858 1170 918; x_wconf 86' lang='lat' dir='ltr'>major</span> <span class='ocrx_word' id='word_1_88' title='bbox 1185 856 1256 902; x_wconf 91' lang='lat' dir='ltr'>vel</span> <span class='ocrx_word' id='word_1_89' title='bbox 1274 856 1469 912; x_wconf 80' lang='lat' dir='ltr'>dimidia,</span> 
     </span>
     <span class='ocr_line' id='line_1_11' title="bbox 77 925 1471 990; baseline 0.001 -18"><span class='ocrx_word' id='word_1_90' title='bbox 77 925 153 972; x_wconf 88' lang='lat' dir='ltr'>sed</span> <span class='ocrx_word' id='word_1_91' title='bbox 172 927 332 972; x_wconf 89' lang='lat' dir='ltr'>minor.</span> <span class='ocrx_word' id='word_1_92' title='bbox 357 929 468 973; x_wconf 86' lang='lat' dir='ltr'>Nam</span> <span class='ocrx_word' id='word_1_93' title='bbox 488 929 756 988; x_wconf 80' lang='lat' dir='ltr'>septenarius</span> <span class='ocrx_word' id='word_1_94' title='bbox 786 944 964 990; x_wconf 88' lang='lat' dir='ltr'>quoque</span> <span class='ocrx_word' id='word_1_95' title='bbox 993 928 1129 973; x_wconf 75' lang='lat' dir='ltr'>dividi</span> <span class='ocrx_word' id='word_1_96' title='bbox 1156 937 1300 989; x_wconf 90' lang='lat' dir='ltr'>potest</span> <span class='ocrx_word' id='word_1_97' title='bbox 1324 929 1369 972; x_wconf 90' lang='lat' dir='ltr'>in</span> <span class='ocrx_word' id='word_1_98' title='bbox 1388 928 1471 973; x_wconf 81' lang='lat' dir='ltr'>tria</span> 
     </span>
     <span class='ocr_line' id='line_1_12' title="bbox 76 999 1471 1062; baseline 0 -19"><span class='ocrx_word' id='word_1_99' title='bbox 76 1008 120 1044; x_wconf 89' lang='lat' dir='ltr'>et</span> <span class='ocrx_word' id='word_1_100' title='bbox 137 1008 343 1061; x_wconf 89' lang='lat' dir='ltr'>quatuor,</span> <span class='ocrx_word' id='word_1_101' title='bbox 365 1008 409 1044; x_wconf 91' lang='lat' dir='ltr'>et</span> <span class='ocrx_word' id='word_1_102' title='bbox 430 1001 677 1045; x_wconf 88' lang='lat' dir='ltr'>octonarius</span> <span class='ocrx_word' id='word_1_103' title='bbox 697 1001 743 1044; x_wconf 90' lang='lat' dir='ltr'>in</span> <span class='ocrx_word' id='word_1_104' title='bbox 762 999 841 1045; x_wconf 88' lang='lat' dir='ltr'>tria</span> <span class='ocrx_word' id='word_1_105' title='bbox 859 1010 903 1045; x_wconf 90' lang='lat' dir='ltr'>et</span> <span class='ocrx_word' id='word_1_106' title='bbox 921 1001 1134 1062; x_wconf 85' lang='lat' dir='ltr'>quinque,</span> <span class='ocrx_word' id='word_1_107' title='bbox 1153 1010 1197 1045; x_wconf 87' lang='lat' dir='ltr'>et</span> <span class='ocrx_word' id='word_1_108' title='bbox 1211 999 1471 1046; x_wconf 83' lang='lat' dir='ltr'>novenarius</span> 
     </span>
     <span class='ocr_line' id='line_1_13' title="bbox 78 1069 1471 1132; baseline 0.001 -18"><span class='ocrx_word' id='word_1_109' title='bbox 78 1070 125 1114; x_wconf 89' lang='lat' dir='ltr'>in</span> <span class='ocrx_word' id='word_1_110' title='bbox 152 1070 233 1114; x_wconf 88' lang='lat' dir='ltr'>tria</span> <span class='ocrx_word' id='word_1_111' title='bbox 264 1079 309 1115; x_wconf 92' lang='lat' dir='ltr'>et</span> <span class='ocrx_word' id='word_1_112' title='bbox 341 1085 439 1115; x_wconf 83' lang='lat' dir='ltr'>sex:</span> <span class='ocrx_word' id='word_1_113' title='bbox 480 1069 558 1115; x_wconf 86' lang='lat' dir='ltr'>sed</span> <span class='ocrx_word' id='word_1_114' title='bbox 585 1070 748 1116; x_wconf 86' lang='lat' dir='ltr'>nullius</span> <span class='ocrx_word' id='word_1_115' title='bbox 779 1072 939 1117; x_wconf 91' lang='lat' dir='ltr'>horum</span> <span class='ocrx_word' id='word_1_116' title='bbox 969 1081 1111 1132; x_wconf 85' lang='lat' dir='ltr'>potest</span> <span class='ocrx_word' id='word_1_117' title='bbox 1143 1071 1229 1116; x_wconf 89' lang='lat' dir='ltr'>dici</span> <span class='ocrx_word' id='word_1_118' title='bbox 1258 1071 1471 1116; x_wconf 86' lang='lat' dir='ltr'>ternarius</span> 
     </span>
     <span class='ocr_line' id='line_1_14' title="bbox 77 1141 1468 1204; baseline 0 -18"><span class='ocrx_word' id='word_1_119' title='bbox 77 1151 212 1202; x_wconf 89' lang='lat' dir='ltr'>quota</span> <span class='ocrx_word' id='word_1_120' title='bbox 230 1141 284 1186; x_wconf 91' lang='lat' dir='ltr'>sit</span> <span class='ocrx_word' id='word_1_121' title='bbox 297 1157 412 1202; x_wconf 84' lang='lat' dir='ltr'>pars,</span> <span class='ocrx_word' id='word_1_122' title='bbox 427 1143 509 1187; x_wconf 90' lang='lat' dir='ltr'>nisi</span> <span class='ocrx_word' id='word_1_123' title='bbox 532 1152 706 1188; x_wconf 86' lang='lat' dir='ltr'>tantum</span> <span class='ocrx_word' id='word_1_124' title='bbox 725 1143 964 1200; x_wconf 88' lang='lat' dir='ltr'>novenarii,</span> <span class='ocrx_word' id='word_1_125' title='bbox 983 1145 1106 1204; x_wconf 84' lang='lat' dir='ltr'>cujus</span> <span class='ocrx_word' id='word_1_126' title='bbox 1124 1159 1222 1204; x_wconf 85' lang='lat' dir='ltr'>pars</span> <span class='ocrx_word' id='word_1_127' title='bbox 1245 1142 1372 1187; x_wconf 89' lang='lat' dir='ltr'>tertia</span> <span class='ocrx_word' id='word_1_128' title='bbox 1390 1151 1468 1197; x_wconf 86' lang='lat' dir='ltr'>est,</span> 
     </span>
     <span class='ocr_line' id='line_1_15' title="bbox 78 1212 1471 1275; baseline 0.001 -19"><span class='ocrx_word' id='word_1_129' title='bbox 78 1213 189 1258; x_wconf 89' lang='lat' dir='ltr'>sicut</span> <span class='ocrx_word' id='word_1_130' title='bbox 214 1213 371 1258; x_wconf 87' lang='lat' dir='ltr'>senarii</span> <span class='ocrx_word' id='word_1_131' title='bbox 394 1212 590 1258; x_wconf 87' lang='lat' dir='ltr'>dimidia.</span> <span class='ocrx_word' id='word_1_132' title='bbox 618 1217 771 1275; x_wconf 87' lang='lat' dir='ltr'>Itaque</span> <span class='ocrx_word' id='word_1_133' title='bbox 792 1216 951 1259; x_wconf 86' lang='lat' dir='ltr'>horum</span> <span class='ocrx_word' id='word_1_134' title='bbox 975 1215 1195 1270; x_wconf 88' lang='lat' dir='ltr'>omnium,</span> <span class='ocrx_word' id='word_1_135' title='bbox 1220 1230 1329 1275; x_wconf 87' lang='lat' dir='ltr'>quos</span> <span class='ocrx_word' id='word_1_136' title='bbox 1349 1229 1471 1258; x_wconf 90' lang='lat' dir='ltr'>com-</span> 
     </span>
     <span class='ocr_line' id='line_1_16' title="bbox 75 1283 1472 1347; baseline 0 -19"><span class='ocrx_word' id='word_1_137' title='bbox 75 1284 334 1340; x_wconf 87' lang='lat' dir='ltr'>memoravi,</span> <span class='ocrx_word' id='word_1_138' title='bbox 354 1283 501 1329; x_wconf 90' lang='lat' dir='ltr'>nullus</span> <span class='ocrx_word' id='word_1_139' title='bbox 526 1295 855 1331; x_wconf 86' lang='lat' dir='ltr'>consummatur</span> <span class='ocrx_word' id='word_1_140' title='bbox 876 1302 928 1330; x_wconf 76' lang='lat' dir='ltr'>ex</span> <span class='ocrx_word' id='word_1_141' title='bbox 955 1286 1122 1347; x_wconf 81' lang='lat' dir='ltr'>aliquot</span> <span class='ocrx_word' id='word_1_142' title='bbox 1143 1285 1365 1341; x_wconf 88' lang='lat' dir='ltr'>ternariis,</span> <span class='ocrx_word' id='word_1_143' title='bbox 1389 1284 1472 1329; x_wconf 91' lang='lat' dir='ltr'>nisi</span> 
     </span>
     <span class='ocr_line' id='line_1_17' title="bbox 77 1354 1475 1402; baseline 0.001 -3"><span class='ocrx_word' id='word_1_144' title='bbox 77 1354 270 1399; x_wconf 87' lang='lat' dir='ltr'>senarius</span> <span class='ocrx_word' id='word_1_145' title='bbox 288 1363 332 1399; x_wconf 86' lang='lat' dir='ltr'>et</span> <span class='ocrx_word' id='word_1_146' title='bbox 348 1356 627 1400; x_wconf 83' lang='lat' dir='ltr'>novenarius.</span> <span class='ocrx_word' id='word_1_147' title='bbox 649 1359 759 1401; x_wconf 84' lang='lat' dir='ltr'>Nam</span> <span class='ocrx_word' id='word_1_148' title='bbox 781 1356 855 1401; x_wconf 90' lang='lat' dir='ltr'>ille</span> <span class='ocrx_word' id='word_1_149' title='bbox 876 1365 1046 1402; x_wconf 88' lang='lat' dir='ltr'>constat</span> <span class='ocrx_word' id='word_1_150' title='bbox 1064 1371 1115 1401; x_wconf 86' lang='lat' dir='ltr'>ex</span> <span class='ocrx_word' id='word_1_151' title='bbox 1136 1355 1311 1401; x_wconf 85' lang='lat' dir='ltr'>duobus</span> <span class='ocrx_word' id='word_1_152' title='bbox 1333 1365 1475 1401; x_wconf 87' lang='lat' dir='ltr'>terna-</span> 
     </span>
     <span class='ocr_line' id='line_1_18' title="bbox 78 1425 700 1481; baseline 0.002 -12"><span class='ocrx_word' id='word_1_153' title='bbox 78 1425 172 1481; x_wconf 85' lang='lat' dir='ltr'>riis,</span> <span class='ocrx_word' id='word_1_154' title='bbox 193 1426 273 1470; x_wconf 90' lang='lat' dir='ltr'>iste</span> <span class='ocrx_word' id='word_1_155' title='bbox 296 1435 443 1470; x_wconf 88' lang='lat' dir='ltr'>autem</span> <span class='ocrx_word' id='word_1_156' title='bbox 465 1441 516 1469; x_wconf 82' lang='lat' dir='ltr'>ex</span> <span class='ocrx_word' id='word_1_157' title='bbox 544 1427 700 1471; x_wconf 88' lang='lat' dir='ltr'>tribus.</span> 
     </span>
    </p>

    <p class='ocr_par' dir='ltr' id='par_1_3' title="bbox 80 1497 1480 2626">
     <span class='ocr_line' id='line_1_19' title="bbox 140 1497 1475 1558; baseline 0 -17"><span class='ocrx_word' id='word_1_158' title='bbox 140 1500 223 1541; x_wconf 88' lang='grc' dir='ltr'>ΙΙΙ.</span> <span class='ocrx_word' id='word_1_159' title='bbox 253 1497 455 1542; x_wconf 85' lang='lat' dir='ltr'>Senarius</span> <span class='ocrx_word' id='word_1_160' title='bbox 473 1513 574 1556; x_wconf 83' lang='lat' dir='ltr'>ergo</span> <span class='ocrx_word' id='word_1_161' title='bbox 597 1514 828 1553; x_wconf 88' lang='lat' dir='ltr'>numerus,</span> <span class='ocrx_word' id='word_1_162' title='bbox 849 1508 898 1542; x_wconf 86' lang='lat' dir='ltr'>ut</span> <span class='ocrx_word' id='word_1_163' title='bbox 912 1497 1056 1542; x_wconf 85' lang='lat' dir='ltr'>dicere</span> <span class='ocrx_word' id='word_1_164' title='bbox 1077 1512 1313 1558; x_wconf 78' lang='lat' dir='ltr'>coeperam,</span> <span class='ocrx_word' id='word_1_165' title='bbox 1338 1497 1475 1557; x_wconf 87' lang='lat' dir='ltr'>parti-</span> 
     </span>
     <span class='ocr_line' id='line_1_20' title="bbox 84 1568 1474 1624; baseline -0.001 -12"><span class='ocrx_word' id='word_1_166' title='bbox 84 1568 166 1612; x_wconf 87' lang='lat' dir='ltr'>bus</span> <span class='ocrx_word' id='word_1_167' title='bbox 187 1568 273 1613; x_wconf 89' lang='lat' dir='ltr'>suis</span> <span class='ocrx_word' id='word_1_168' title='bbox 302 1569 627 1614; x_wconf 87' lang='lat' dir='ltr'>connumeratis</span> <span class='ocrx_word' id='word_1_169' title='bbox 656 1579 699 1613; x_wconf 92' lang='lat' dir='ltr'>et</span> <span class='ocrx_word' id='word_1_170' title='bbox 722 1569 768 1613; x_wconf 93' lang='lat' dir='ltr'>in</span> <span class='ocrx_word' id='word_1_171' title='bbox 790 1585 1004 1614; x_wconf 85' lang='lat' dir='ltr'>summam</span> <span class='ocrx_word' id='word_1_172' title='bbox 1028 1568 1193 1624; x_wconf 86' lang='lat' dir='ltr'>ductis,</span> <span class='ocrx_word' id='word_1_173' title='bbox 1218 1569 1263 1613; x_wconf 89' lang='lat' dir='ltr'>in</span> <span class='ocrx_word' id='word_1_174' title='bbox 1285 1584 1328 1612; x_wconf 89' lang='lat' dir='ltr'>se</span> <span class='ocrx_word' id='word_1_175' title='bbox 1351 1583 1474 1613; x_wconf 90' lang='lat' dir='ltr'>com-</span> 
     </span>
     <span class='ocr_line' id='line_1_21' title="bbox 80 1638 1475 1701; baseline 0 -18"><span class='ocrx_word' id='word_1_176' title='bbox 80 1638 242 1699; x_wconf 84' lang='lat' dir='ltr'>pletur.</span> <span class='ocrx_word' id='word_1_177' title='bbox 277 1639 361 1684; x_wconf 85' lang='lat' dir='ltr'>Alii</span> <span class='ocrx_word' id='word_1_178' title='bbox 392 1655 583 1700; x_wconf 84' lang='lat' dir='ltr'>namque</span> <span class='ocrx_word' id='word_1_179' title='bbox 606 1650 708 1685; x_wconf 85' lang='lat' dir='ltr'>sunt</span> <span class='ocrx_word' id='word_1_180' title='bbox 729 1641 917 1695; x_wconf 86' lang='lat' dir='ltr'>numeri,</span> <span class='ocrx_word' id='word_1_181' title='bbox 950 1655 1138 1701; x_wconf 85' lang='lat' dir='ltr'>quorum</span> <span class='ocrx_word' id='word_1_182' title='bbox 1172 1649 1315 1700; x_wconf 89' lang='lat' dir='ltr'>partes</span> <span class='ocrx_word' id='word_1_183' title='bbox 1345 1638 1475 1683; x_wconf 89' lang='lat' dir='ltr'>simul</span> 
     </span>
     <span class='ocr_line' id='line_1_22' title="bbox 80 1710 1472 1770; baseline 0 -16"><span class='ocrx_word' id='word_1_184' title='bbox 80 1710 225 1755; x_wconf 83' lang='lat' dir='ltr'>ductae</span> <span class='ocrx_word' id='word_1_185' title='bbox 257 1710 473 1755; x_wconf 89' lang='lat' dir='ltr'>minorem</span> <span class='ocrx_word' id='word_1_186' title='bbox 504 1727 716 1756; x_wconf 86' lang='lat' dir='ltr'>summam</span> <span class='ocrx_word' id='word_1_187' title='bbox 741 1711 930 1768; x_wconf 85' lang='lat' dir='ltr'>faciunt,</span> <span class='ocrx_word' id='word_1_188' title='bbox 956 1711 1027 1756; x_wconf 89' lang='lat' dir='ltr'>alii</span> <span class='ocrx_word' id='word_1_189' title='bbox 1064 1727 1167 1756; x_wconf 88' lang='lat' dir='ltr'>vero</span> <span class='ocrx_word' id='word_1_190' title='bbox 1193 1710 1472 1770; x_wconf 86' lang='lat' dir='ltr'>ampliorem:</span> 
     </span>
     <span class='ocr_line' id='line_1_23' title="bbox 80 1781 1477 1843; baseline -0.002 -16"><span class='ocrx_word' id='word_1_191' title='bbox 80 1782 208 1827; x_wconf 89' lang='lat' dir='ltr'>certis</span> <span class='ocrx_word' id='word_1_192' title='bbox 237 1797 342 1826; x_wconf 85' lang='lat' dir='ltr'>vero</span> <span class='ocrx_word' id='word_1_193' title='bbox 365 1781 697 1828; x_wconf 86' lang='lat' dir='ltr'>intervallorum</span> <span class='ocrx_word' id='word_1_194' title='bbox 719 1783 961 1828; x_wconf 85' lang='lat' dir='ltr'>rationibus</span> <span class='ocrx_word' id='word_1_195' title='bbox 984 1783 1211 1843; x_wconf 85' lang='lat' dir='ltr'>pauciores</span> <span class='ocrx_word' id='word_1_196' title='bbox 1241 1782 1477 1827; x_wconf 85' lang='lat' dir='ltr'>inveniun-</span> 
     </span>
     <span class='ocr_line' id='line_1_24' title="bbox 80 1853 1477 1914; baseline -0.001 -16"><span class='ocrx_word' id='word_1_197' title='bbox 80 1863 178 1909; x_wconf 88' lang='lat' dir='ltr'>tur,</span> <span class='ocrx_word' id='word_1_198' title='bbox 204 1853 280 1914; x_wconf 89' lang='lat' dir='ltr'>qui</span> <span class='ocrx_word' id='word_1_199' title='bbox 311 1853 398 1897; x_wconf 91' lang='lat' dir='ltr'>suis</span> <span class='ocrx_word' id='word_1_200' title='bbox 419 1854 618 1913; x_wconf 86' lang='lat' dir='ltr'>partibus</span> <span class='ocrx_word' id='word_1_201' title='bbox 646 1853 970 1914; x_wconf 71' lang='lat' dir='ltr'>compleantur,</span> <span class='ocrx_word' id='word_1_202' title='bbox 997 1869 1185 1914; x_wconf 87' lang='lat' dir='ltr'>quarum</span> <span class='ocrx_word' id='word_1_203' title='bbox 1205 1868 1375 1897; x_wconf 90' lang='lat' dir='ltr'>summa</span> <span class='ocrx_word' id='word_1_204' title='bbox 1397 1869 1477 1897; x_wconf 92' lang='lat' dir='ltr'>nec</span> 
     </span>
     <span class='ocr_line' id='line_1_25' title="bbox 81 1924 1473 1983; baseline 0 -14"><span class='ocrx_word' id='word_1_205' title='bbox 81 1926 193 1970; x_wconf 87' lang='lat' dir='ltr'>citra</span> <span class='ocrx_word' id='word_1_206' title='bbox 209 1924 392 1982; x_wconf 80' lang='lat' dir='ltr'>insistat,</span> <span class='ocrx_word' id='word_1_207' title='bbox 409 1941 489 1970; x_wconf 90' lang='lat' dir='ltr'>nec</span> <span class='ocrx_word' id='word_1_208' title='bbox 506 1925 621 1970; x_wconf 86' lang='lat' dir='ltr'>ultra</span> <span class='ocrx_word' id='word_1_209' title='bbox 644 1936 876 1983; x_wconf 79' lang='lat' dir='ltr'>excrescat,</span> <span class='ocrx_word' id='word_1_210' title='bbox 894 1925 969 1972; x_wconf 85' lang='lat' dir='ltr'>sed</span> <span class='ocrx_word' id='word_1_211' title='bbox 987 1925 1042 1970; x_wconf 86' lang='lat' dir='ltr'>ad</span> <span class='ocrx_word' id='word_1_212' title='bbox 1066 1935 1239 1970; x_wconf 88' lang='lat' dir='ltr'>tantum</span> <span class='ocrx_word' id='word_1_213' title='bbox 1257 1934 1473 1981; x_wconf 85' lang='lat' dir='ltr'>occurrat,</span> 
     </span>
     <span class='ocr_line' id='line_1_26' title="bbox 81 1995 1478 2058; baseline -0.002 -16"><span class='ocrx_word' id='word_1_214' title='bbox 81 2005 270 2058; x_wconf 85' lang='lat' dir='ltr'>quantus</span> <span class='ocrx_word' id='word_1_215' title='bbox 290 2006 354 2041; x_wconf 89' lang='lat' dir='ltr'>est</span> <span class='ocrx_word' id='word_1_216' title='bbox 369 1997 461 2057; x_wconf 88' lang='lat' dir='ltr'>ipse</span> <span class='ocrx_word' id='word_1_217' title='bbox 475 2013 684 2043; x_wconf 91' lang='lat' dir='ltr'>numerus</span> <span class='ocrx_word' id='word_1_218' title='bbox 701 1999 824 2058; x_wconf 87' lang='lat' dir='ltr'>cujus</span> <span class='ocrx_word' id='word_1_219' title='bbox 837 2007 981 2058; x_wconf 89' lang='lat' dir='ltr'>partes</span> <span class='ocrx_word' id='word_1_220' title='bbox 996 2006 1113 2042; x_wconf 90' lang='lat' dir='ltr'>sunt.</span> <span class='ocrx_word' id='word_1_221' title='bbox 1131 1998 1299 2040; x_wconf 86' lang='lat' dir='ltr'>Horum</span> <span class='ocrx_word' id='word_1_222' title='bbox 1313 1995 1478 2056; x_wconf 89' lang='lat' dir='ltr'>primus</span> 
     </span>
     <span class='ocr_line' id='line_1_27' title="bbox 81 2066 1478 2128; baseline 0.001 -17"><span class='ocrx_word' id='word_1_223' title='bbox 81 2066 273 2112; x_wconf 86' lang='lat' dir='ltr'>senarius</span> <span class='ocrx_word' id='word_1_224' title='bbox 294 2076 372 2112; x_wconf 86' lang='lat' dir='ltr'>est.</span> <span class='ocrx_word' id='word_1_225' title='bbox 394 2070 505 2113; x_wconf 87' lang='lat' dir='ltr'>Nam</span> <span class='ocrx_word' id='word_1_226' title='bbox 521 2068 652 2113; x_wconf 88' lang='lat' dir='ltr'>unius</span> <span class='ocrx_word' id='word_1_227' title='bbox 674 2069 720 2113; x_wconf 90' lang='lat' dir='ltr'>in</span> <span class='ocrx_word' id='word_1_228' title='bbox 742 2070 933 2113; x_wconf 88' lang='lat' dir='ltr'>numeris</span> <span class='ocrx_word' id='word_1_229' title='bbox 951 2067 1086 2113; x_wconf 83' lang='lat' dir='ltr'>nullae</span> <span class='ocrx_word' id='word_1_230' title='bbox 1104 2077 1247 2128; x_wconf 87' lang='lat' dir='ltr'>partes</span> <span class='ocrx_word' id='word_1_231' title='bbox 1269 2077 1386 2112; x_wconf 91' lang='lat' dir='ltr'>sunt.</span> <span class='ocrx_word' id='word_1_232' title='bbox 1409 2067 1478 2113; x_wconf 86' lang='lat' dir='ltr'>Sic</span> 
     </span>
     <span class='ocr_line' id='line_1_28' title="bbox 82 2137 1480 2201; baseline 0.001 -20"><span class='ocrx_word' id='word_1_233' title='bbox 82 2137 198 2182; x_wconf 89' lang='lat' dir='ltr'>enim</span> <span class='ocrx_word' id='word_1_234' title='bbox 231 2137 391 2183; x_wconf 82' lang='lat' dir='ltr'>dicitur</span> <span class='ocrx_word' id='word_1_235' title='bbox 423 2155 564 2184; x_wconf 89' lang='lat' dir='ltr'>unum</span> <span class='ocrx_word' id='word_1_236' title='bbox 592 2139 639 2183; x_wconf 89' lang='lat' dir='ltr'>in</span> <span class='ocrx_word' id='word_1_237' title='bbox 672 2140 864 2185; x_wconf 87' lang='lat' dir='ltr'>numeris</span> <span class='ocrx_word' id='word_1_238' title='bbox 898 2140 1059 2201; x_wconf 86' lang='lat' dir='ltr'>quibus</span> <span class='ocrx_word' id='word_1_239' title='bbox 1090 2155 1393 2195; x_wconf 88' lang='lat' dir='ltr'>numeramus,</span> <span class='ocrx_word' id='word_1_240' title='bbox 1429 2148 1480 2182; x_wconf 89' lang='lat' dir='ltr'>ut</span> 
     </span>
     <span class='ocr_line' id='line_1_29' title="bbox 82 2208 1479 2272; baseline 0.001 -19"><span class='ocrx_word' id='word_1_241' title='bbox 82 2224 173 2253; x_wconf 88' lang='lat' dir='ltr'>non</span> <span class='ocrx_word' id='word_1_242' title='bbox 200 2209 362 2254; x_wconf 85' lang='lat' dir='ltr'>habeat</span> <span class='ocrx_word' id='word_1_243' title='bbox 391 2208 624 2254; x_wconf 89' lang='lat' dir='ltr'>dimidium</span> <span class='ocrx_word' id='word_1_244' title='bbox 654 2210 723 2256; x_wconf 91' lang='lat' dir='ltr'>vel</span> <span class='ocrx_word' id='word_1_245' title='bbox 759 2210 950 2272; x_wconf 86' lang='lat' dir='ltr'>aliquam</span> <span class='ocrx_word' id='word_1_246' title='bbox 987 2219 1178 2271; x_wconf 84' lang='lat' dir='ltr'>partem,</span> <span class='ocrx_word' id='word_1_247' title='bbox 1204 2209 1280 2255; x_wconf 88' lang='lat' dir='ltr'>sed</span> <span class='ocrx_word' id='word_1_248' title='bbox 1301 2226 1402 2255; x_wconf 88' lang='lat' dir='ltr'>vere</span> <span class='ocrx_word' id='word_1_249' title='bbox 1430 2226 1479 2254; x_wconf 87' lang='lat' dir='ltr'>ac</span> 
     </span>
     <span class='ocr_line' id='line_1_30' title="bbox 82 2279 1479 2342; baseline 0.001 -19"><span class='ocrx_word' id='word_1_250' title='bbox 82 2295 191 2340; x_wconf 89' lang='lat' dir='ltr'>pure</span> <span class='ocrx_word' id='word_1_251' title='bbox 215 2289 259 2325; x_wconf 88' lang='lat' dir='ltr'>et</span> <span class='ocrx_word' id='word_1_252' title='bbox 286 2279 538 2340; x_wconf 87' lang='lat' dir='ltr'>simpliciter</span> <span class='ocrx_word' id='word_1_253' title='bbox 566 2296 705 2327; x_wconf 89' lang='lat' dir='ltr'>unum</span> <span class='ocrx_word' id='word_1_254' title='bbox 729 2282 796 2327; x_wconf 89' lang='lat' dir='ltr'>sit.</span> <span class='ocrx_word' id='word_1_255' title='bbox 831 2286 1029 2327; x_wconf 86' lang='lat' dir='ltr'>Duorum</span> <span class='ocrx_word' id='word_1_256' title='bbox 1051 2291 1198 2326; x_wconf 86' lang='lat' dir='ltr'>autem</span> <span class='ocrx_word' id='word_1_257' title='bbox 1219 2298 1318 2342; x_wconf 79' lang='lat' dir='ltr'>pars</span> <span class='ocrx_word' id='word_1_258' title='bbox 1339 2296 1479 2325; x_wconf 88' lang='lat' dir='ltr'>unum</span> 
     </span>
     <span class='ocr_line' id='line_1_31' title="bbox 84 2350 1479 2408; baseline 0 -13"><span class='ocrx_word' id='word_1_259' title='bbox 84 2360 169 2406; x_wconf 85' lang='lat' dir='ltr'>est,</span> <span class='ocrx_word' id='word_1_260' title='bbox 195 2359 239 2395; x_wconf 86' lang='lat' dir='ltr'>et</span> <span class='ocrx_word' id='word_1_261' title='bbox 267 2366 317 2396; x_wconf 86' lang='lat' dir='ltr'>ea</span> <span class='ocrx_word' id='word_1_262' title='bbox 339 2350 542 2408; x_wconf 89' lang='lat' dir='ltr'>dimidia,</span> <span class='ocrx_word' id='word_1_263' title='bbox 568 2368 649 2397; x_wconf 86' lang='lat' dir='ltr'>nec</span> <span class='ocrx_word' id='word_1_264' title='bbox 676 2351 766 2397; x_wconf 89' lang='lat' dir='ltr'>ulla</span> <span class='ocrx_word' id='word_1_265' title='bbox 798 2353 948 2398; x_wconf 85' lang='lat' dir='ltr'>altera.</span> <span class='ocrx_word' id='word_1_266' title='bbox 987 2353 1217 2397; x_wconf 84' lang='lat' dir='ltr'>Ternarius</span> <span class='ocrx_word' id='word_1_267' title='bbox 1246 2368 1349 2398; x_wconf 92' lang='lat' dir='ltr'>vero</span> <span class='ocrx_word' id='word_1_268' title='bbox 1371 2352 1479 2396; x_wconf 85' lang='lat' dir='ltr'>duas</span> 
     </span>
     <span class='ocr_line' id='line_1_32' title="bbox 82 2422 1475 2485; baseline 0.001 -20"><span class='ocrx_word' id='word_1_269' title='bbox 82 2422 240 2477; x_wconf 82' lang='lat' dir='ltr'>habet,</span> <span class='ocrx_word' id='word_1_270' title='bbox 265 2438 400 2467; x_wconf 86' lang='lat' dir='ltr'>unam</span> <span class='ocrx_word' id='word_1_271' title='bbox 422 2439 520 2484; x_wconf 78' lang='lat' dir='ltr'>quae</span> <span class='ocrx_word' id='word_1_272' title='bbox 543 2423 628 2468; x_wconf 88' lang='lat' dir='ltr'>dici</span> <span class='ocrx_word' id='word_1_273' title='bbox 657 2425 791 2483; x_wconf 87' lang='lat' dir='ltr'>possit</span> <span class='ocrx_word' id='word_1_274' title='bbox 819 2433 952 2485; x_wconf 85' lang='lat' dir='ltr'>quota</span> <span class='ocrx_word' id='word_1_275' title='bbox 978 2424 1053 2479; x_wconf 87' lang='lat' dir='ltr'>sit,</span> <span class='ocrx_word' id='word_1_276' title='bbox 1080 2423 1201 2485; x_wconf 86' lang='lat' dir='ltr'>quod</span> <span class='ocrx_word' id='word_1_277' title='bbox 1229 2433 1292 2468; x_wconf 91' lang='lat' dir='ltr'>est</span> <span class='ocrx_word' id='word_1_278' title='bbox 1313 2438 1475 2477; x_wconf 88' lang='lat' dir='ltr'>unum,</span> 
     </span>
     <span class='ocr_line' id='line_1_33' title="bbox 85 2493 1480 2556; baseline 0.001 -20"><span class='ocrx_word' id='word_1_279' title='bbox 85 2508 186 2537; x_wconf 88' lang='lat' dir='ltr'>nam</span> <span class='ocrx_word' id='word_1_280' title='bbox 213 2493 340 2537; x_wconf 84' lang='lat' dir='ltr'>tertia</span> <span class='ocrx_word' id='word_1_281' title='bbox 373 2495 463 2555; x_wconf 84' lang='lat' dir='ltr'>ejus</span> <span class='ocrx_word' id='word_1_282' title='bbox 493 2503 584 2553; x_wconf 72' lang='lat' dir='ltr'>est,</span> <span class='ocrx_word' id='word_1_283' title='bbox 615 2503 658 2538; x_wconf 90' lang='lat' dir='ltr'>et</span> <span class='ocrx_word' id='word_1_284' title='bbox 691 2493 818 2539; x_wconf 83' lang='lat' dir='ltr'>aliam</span> <span class='ocrx_word' id='word_1_285' title='bbox 847 2496 1056 2556; x_wconf 85' lang='lat' dir='ltr'>majorem</span> <span class='ocrx_word' id='word_1_286' title='bbox 1096 2511 1195 2555; x_wconf 66' lang='lat' dir='ltr'>quae</span> <span class='ocrx_word' id='word_1_287' title='bbox 1228 2511 1317 2539; x_wconf 92' lang='lat' dir='ltr'>non</span> <span class='ocrx_word' id='word_1_288' title='bbox 1344 2493 1480 2554; x_wconf 88' lang='lat' dir='ltr'>possit</span> 
     </span>
     <span class='ocr_line' id='line_1_34' title="bbox 86 2562 1480 2626; baseline 0.001 -19"><span class='ocrx_word' id='word_1_289' title='bbox 86 2562 171 2608; x_wconf 87' lang='lat' dir='ltr'>dici</span> <span class='ocrx_word' id='word_1_290' title='bbox 191 2573 327 2625; x_wconf 81' lang='lat' dir='ltr'>quota</span> <span class='ocrx_word' id='word_1_291' title='bbox 349 2564 424 2621; x_wconf 88' lang='lat' dir='ltr'>sit,</span> <span class='ocrx_word' id='word_1_292' title='bbox 449 2565 495 2610; x_wconf 88' lang='lat' dir='ltr'>id</span> <span class='ocrx_word' id='word_1_293' title='bbox 516 2575 595 2623; x_wconf 88' lang='lat' dir='ltr'>est,</span> <span class='ocrx_word' id='word_1_294' title='bbox 621 2565 734 2611; x_wconf 86' lang='lat' dir='ltr'>duo:</span> <span class='ocrx_word' id='word_1_295' title='bbox 761 2565 840 2611; x_wconf 72' lang='lat' dir='ltr'>nec</span> <span class='ocrx_word' id='word_1_296' title='bbox 857 2566 988 2626; x_wconf 83' lang='lat' dir='ltr'>hujus</span> <span class='ocrx_word' id='word_1_297' title='bbox 1009 2581 1113 2625; x_wconf 82' lang='lat' dir='ltr'>ergo</span> <span class='ocrx_word' id='word_1_298' title='bbox 1128 2575 1272 2625; x_wconf 88' lang='lat' dir='ltr'>partes</span> <span class='ocrx_word' id='word_1_299' title='bbox 1295 2580 1480 2625; x_wconf 89' lang='lat' dir='ltr'>compu-</span> 
     </span>
    </p>
   </div>
  </div>
 </body>
</html>
