1854 3219
233 219 288 248 DE
320 219 472 248 GENEsx
503 215 559 244 An
591 213 831 253 ΜΤΤΕΜΜ,
866 215 1158 244 IMPEnFEC'rUs
1191 215 1273 242 Lm.
1353 200 1435 240 155

55 286 147 342 Dii,
177 284 254 331 sed
284 299 398 330 unus
435 291 498 327 est
530 284 671 336 Deus,
696 279 796 325 ideo
822 279 1158 339 intelligendum
1195 288 1258 324 est
1289 287 1436 339 postea

58 357 324 417 Scripturam
350 352 625 413 singulariter
659 350 884 406 intulisse,
921 360 1052 412 atque
1084 349 1238 395 dixisse
1275 370 1284 395 ι
1330 369 1348 392 «
1380 352 1436 394 Et

57 445 78 470 »
114 427 217 473 fecit
249 430 363 472 Deus
384 424 608 470 hominem
635 421 691 466 ad
712 422 946 481 imaginem
967 423 1044 466 Dei
1060 424 1100 479 ¹3
1127 440 1148 463 »
1184 431 1234 466 ut
1267 438 1356 466 non
1378 421 1437 465 sic

54 498 311 558 accipiatur,
347 504 558 557 tanquam
592 497 706 539 Deus
740 496 868 538 Pater
889 492 944 537 ad
965 493 1197 552 imaginem
1220 492 1321 547 Dei,
1355 493 1439 536 hoc

53 578 118 614 est
140 568 237 614 Filii
259 568 325 613 sui
346 586 355 613 ε
380 565 574 627 alioquin
594 564 817 627 quomodo
837 579 990 610 verum
1013 573 1103 620 est,
1129 563 1250 625 quod
1271 562 1438 608 dictum

54 648 144 696 est,
188 657 209 682 «
230 638 301 684 Ad
320 637 557 697 imaginem
581 646 798 692 nostram,
827 653 848 677 »
880 635 915 680 si
937 634 992 679 ad
1012 635 1111 680 Filii
1132 634 1263 681 solius
1283 633 1439 692 imagi-

54 725 156 755 nem
194 707 333 754 factus
357 718 422 754 est
442 709 600 753 homo?
627 710 689 753 Ac
724 722 802 768 per
823 707 907 751 hoc
930 707 1031 767 quia
1054 722 1206 750 verum
1233 715 1297 750 est
1318 703 1439 766 quod

55 781 115 826 ait
146 783 290 831 Deus:
333 799 354 823 «
386 778 457 824 Ad
483 778 714 838 imaginem
749 786 970 835 nostram3
1009 795 1029 818 ³>
1056 777 1115 821 ita
1152 777 1319 821 dictum
1341 785 1437 820 est:

14 859 18 863 ’
59 871 80 896 «
114 852 237 896 Fecit
257 854 372 896 Deus
393 850 617 895 hominem
639 848 694 893 ad
710 849 943 908 imaginem
966 848 1065 904 Dei,
1091 866 1111 890 »
1139 858 1347 909 tanquam
1373 846 1441 892 di-

54 931 241 978 ceretur,
268 921 322 966 ad
343 920 579 979 imaginem
601 936 749 976 suam,
775 920 897 980 quod
918 928 981 963 est
998 919 1089 979 ipsa
1113 919 1312 963 Trinitas.

114 995 254 1037 LXII.
280 990 491 1038 Nonnulli
506 1000 651 1036 autem
671 1000 831 1051 putant
852 990 950 1035 ideo
973 1006 1063 1035 non
1081 990 1308 1050 repetitam
1329 989 1444 1033 simi-

54 1064 310 1120 litudinem,
348 1078 492 1124 neque
534 1062 726 1107 dictum:
752 1066 808 1108 Et
844 1060 947 1107 fecit
980 1065 1095 1107 Deus
1127 1062 1350 1106 hominem
1388 1059 1444 1104 ad

54 1136 291 1196 imaginem
328 1144 371 1180 et
403 1134 732 1180 similitudinem
754 1135 857 1190 Dei,
885 1134 986 1195 quia
1008 1143 1113 1178 tunc
1135 1131 1444 1178 tantummodo

55 1207 111 1251 ad
131 1207 366 1266 imaginem
387 1205 527 1251 factus
553 1216 641 1265 est3
667 1205 906 1250 similitudo
931 1214 1078 1249 autem
1100 1203 1163 1248 illi
1185 1214 1334 1264 postea
1351 1219 1443 1248 ser-

54 1277 240 1321 vabatur
274 1277 320 1320 in
352 1277 667 1321 resurrectione
704 1285 980 1320 mortuorum
1007 1295 1015 1320 :
1054 1277 1177 1336 quasi
1199 1275 1333 1335 possit
1355 1290 1444 1319 esse

53 1348 198 1406 imago
225 1346 391 1406 aliqua,
418 1348 463 1391 in
481 1363 568 1407 qua
589 1346 828 1392 similitudo
849 1363 938 1393 non
961 1347 1028 1391 sit.
1058 1348 1100 1392 Si
1122 1346 1240 1390 enim
1262 1346 1443 1391 omnino

54 1417 202 1462 similis
219 1433 309 1462 non
330 1427 409 1473 est,
424 1416 579 1477 procul
601 1418 737 1461 dubio
759 1433 839 1461 nec
860 1418 1004 1475 imago
1029 1426 1106 1460 est.
1129 1419 1444 1461 Verumtamen

54 1498 105 1533 ut
125 1504 214 1533 non
233 1487 323 1532 sola
352 1488 519 1532 ratione
555 1487 601 1532 id
630 1502 754 1546 agere
776 1486 1017 1542 videamur,
1044 1495 1088 1531 et
1110 1487 1342 1532 auctoritas
1366 1490 1442 1532 Ja-

55 1559 154 1605 cobi
176 1558 359 1620 apostoli
381 1557 630 1603 adhibenda
662 1567 726 1602 est
741 1594 752 1614 ,
777 1558 855 1619 qui
878 1574 979 1602 cum
1003 1557 1057 1602 de
1079 1557 1231 1617 lingua
1253 1559 1442 1604 hominis

53 1631 322 1693 loqueretur,
349 1631 436 1677 ait:
467 1651 487 1674 «
514 1635 566 1675 In
587 1632 678 1691 ipsa
705 1630 1006 1675 benedicimus
1028 1633 1170 1675 Deum
1186 1666 1196 1686 ,
1222 1640 1265 1675 et
1281 1632 1327 1675 in
1350 1631 1442 1692 ipsa

57 1721 78 1746 »
112 1702 408 1748 maledicimus
427 1702 647 1758 homines,
670 1702 747 1763 qui
782 1701 838 1746 ad
873 1700 1205 1747 similitudinem
1236 1702 1313 1747 Dei
1337 1700 1440 1746 facti

61 1795 79 1816 »
114 1776 261 1819 sunt2.
290 1792 311 1815 »

105 1878 113 1893 ¹
135 1873 214 1904 Gen.
241 1882 270 1913 ι,
288 1878 343 1913 27.
364 1886 406 1893 —
426 1875 438 1893 2
457 1871 525 1902 Jac.
546 1879 592 1912 ιιι,
612 1880 644 1912 9.
