1854 3219
373 192 426 230 64
814 194 846 222 s.
885 195 1114 224 AUGUSTIM
1146 194 1327 222 EPISCOPI

372 282 488 322 scm,
514 278 658 309 nonne
687 262 854 306 facilius
877 277 1025 320 graves
1054 260 1253 305 homines
1282 273 1352 302 me
1381 256 1594 310 nimium,
1630 270 1763 315 quam

373 338 603 398 quisquam
627 334 920 379 studiosorum
956 332 1037 376 sibi
1067 331 1357 376 sufficientem
1388 328 1626 388 putarent?
1660 328 1764 371 Haec

374 407 518 453 omnia
535 404 714 467 quando
732 419 755 448 a
778 403 990 462 magistris
1007 402 1236 456 docentur,
1254 415 1333 460 pro
1351 413 1509 457 magno
1527 397 1763 452 habentur,

376 494 532 537 magno
570 485 776 521 emuntur
814 475 953 536 pretio
971 510 981 530 ,
1029 489 1186 533 magna
1218 472 1454 532 jactatione
1494 468 1763 514 venduntur.

376 554 517 603 Quam
535 548 817 609 jactationem
832 547 963 590 etiam
981 561 1061 604 ego
1079 543 1275 588 redolere
1292 557 1461 596 vereor,
1483 539 1592 584 dum
1610 540 1691 584 ista
1709 539 1769 584 sic

376 621 553 666 dissero.
592 618 678 664 Sed
700 616 812 662 male
835 617 974 662 doctis
994 614 1247 660 hominibus
1269 610 1625 672 respondendum
1654 609 1739 653 fuit
1755 644 1766 665 ,

376 692 453 752 qui
471 700 638 735 nostros
657 697 853 733 auctores
875 684 1220 733 contemnendos
1238 692 1422 744 putant,
1448 697 1538 726 non
1556 680 1658 741 quia
1681 696 1771 724 non

379 762 560 815 habent,
577 759 653 805 sed
675 759 777 819 quia
792 774 882 804 non
899 765 1135 811 ostentant,
1156 770 1289 816 quam
1304 753 1434 798 nimis
1455 751 1521 796 isti
1562 750 1768 810 diligunt,

380 830 693 892 eloquentiam.

438 904 535 946 XV.
569 900 653 946 Sed
677 900 791 944 forte
812 898 909 959 quis
941 905 1094 957 putat,
1123 904 1336 956 tanquam
1364 894 1644 955 eloquentem
1670 907 1774 937 nos-

383 983 498 1017 trum
526 971 703 1031 elegisse
735 985 805 1014 me
838 968 1084 1029 apostolum
1117 965 1319 1011 Paulum.
1346 963 1531 1009 Videtur
1554 964 1670 1008 enim
1697 962 1775 1007 ubi

382 1044 467 1098 ait,
498 1063 519 1086 «
543 1042 635 1087 Etsi
657 1040 883 1101 imperitus
906 1052 1127 1093 sermone,
1153 1035 1229 1081 sed
1250 1052 1341 1081 non
1361 1035 1563 1080 scientia¹
1587 1052 1627 1090 ³),
1654 1033 1778 1094 quasi

381 1112 664 1158 concedendo
687 1108 1053 1156 obtrectatoribus
1074 1108 1133 1152 sie
1156 1107 1352 1163 loeutus,
1378 1122 1468 1151 non
1494 1115 1705 1166 tanquam
1732 1103 1779 1148 id

383 1200 537 1229 verum
565 1192 839 1243 agnosceret,
873 1179 1139 1226 confitendo.
1170 1179 1213 1224 Si
1236 1188 1382 1223 autern
1404 1177 1599 1232 dixisset,
1640 1195 1660 1218 «
1686 1179 1779 1220 Im-

387 1275 406 1296 «
441 1255 606 1314 peritus
622 1253 801 1314 quidem
818 1266 1039 1305 sermone,
1058 1249 1135 1294 sed
1149 1265 1239 1294 non
1257 1249 1434 1294 scientia
1448 1266 1489 1304 »,
1506 1245 1631 1291 nullo
1645 1244 1779 1291 modo

384 1324 503 1369 aliud
534 1333 678 1385 posset
700 1322 900 1382 intelligi.
935 1321 1169 1367 Scientiam
1192 1320 1322 1380 plane
1345 1335 1435 1364 11011
1456 1327 1688 1363 cunctatus
1717 1326 1781 1361 est

383 1395 603 1455 profiteri,
630 1395 720 1438 sine
742 1408 830 1452 qua
851 1407 941 1436 esse
960 1393 1113 1435 doctor
1129 1391 1327 1449 gentium
1345 1405 1435 1434 non
1457 1388 1635 1433 valeret.
1653 1390 1781 1434 Certe

384 1467 417 1510 si
439 1466 548 1526 quid
570 1467 661 1525 ejus
683 1463 942 1524 proferimus
961 1460 1017 1506 ad
1040 1461 1291 1520 exemplum
1315 1460 1599 1518 eloquentiae,
1624 1474 1677 1503 ex
1699 1459 1782 1503 illis

385 1535 589 1596 Epistolis
611 1535 764 1595 utique
786 1532 1068 1594 proserimUS,
1089 1547 1196 1592 quas
1218 1531 1349 1576 etiam
1367 1531 1446 1591 ipsi
1469 1531 1783 1575 obtrectatores

384 1608 491 1666 ejus,
511 1606 587 1666 qui
606 1619 849 1649 sermonem
864 1604 1087 1663 praesentis
1109 1602 1485 1662 contemptibilem
1504 1602 1649 1662 putari
1661 1601 1784 1646 vole-

385 1676 493 1721 bant
508 1712 519 1731 ,
542 1691 689 1734 graves
709 1684 753 1719 et
768 1674 901 1718 fortes
926 1689 1015 1718 esse
1037 1672 1222 1717 confessi
1243 1676 1386 1717 sunt2.
1413 1672 1659 1717 Dicendum
1681 1687 1785 1732 ergo

385 1747 492 1791 mihi
510 1746 678 1808 aliquid
695 1761 785 1790 esse
802 1744 930 1790 video
948 1753 990 1788 et
1008 1744 1063 1788 de
1080 1743 1332 1803 eloquentia
1350 1743 1685 1804 Prophetarum,
1707 1743 1786 1787 ubi

385 1833 462 1877 per
490 1817 781 1876 tropologiam
811 1814 948 1859 multa
983 1814 1267 1872 obteguntur.
1309 1815 1419 1868 Quae
1452 1806 1620 1874 quanto
1649 1814 1786 1873 magis

386 1888 600 1933 translatis
623 1889 766 1933 verbis
782 1887 989 1932 videntur
1007 1887 1180 1944 operiri,
1202 1895 1325 1930 tanto
1341 1887 1475 1945 magis
1498 1902 1599 1930 eum
1622 1884 1788 1930 fuerint

386 1971 530 2020 aperta
551 1959 826 2003 dulcescunt.
845 1955 929 2001 Sed
946 1957 1030 2000 hoc
1047 1955 1145 2000 loeo
1159 1954 1246 2000 tale
1259 1955 1426 2017 aliquid
1443 1972 1787 2002 commemorare
1822 1959 1823 1962 ’

386 2030 546 2085 debeo,
583 2029 661 2073 ubi
695 2044 795 2089 quae
830 2026 946 2071 dicta
985 2037 1115 2082 sunt,
1148 2043 1238 2072 11011
1268 2042 1398 2085 cogar
1427 2044 1674 2088 exponere,
1711 2028 1788 2073 sed

386 2099 689 2145 commendem
713 2108 886 2143 tantum
908 2096 1131 2159 quomodo
1147 2097 1263 2142 dicta
1280 2098 1380 2142 sint.
1397 2100 1455 2143 Et
1472 2113 1524 2141 ex
1543 2097 1660 2142 illius
1680 2101 1788 2143 Pro-

387 2172 530 2231 phetae
552 2170 663 2215 libro
690 2169 964 2230 potissimum
989 2170 1072 2213 1100
1096 2167 1250 2213 faciam
1267 2203 1278 2224 ‚
1304 2168 1382 2229 qui
1409 2183 1453 2212 se
1476 2177 1695 2228 pastorem
1716 2169 1787 2215 vel

387 2243 698 2287 armentarium
730 2241 860 2287 fuisse
894 2240 1020 2296 dicit,
1055 2250 1186 2301 atque
1217 2239 1321 2284 inde
1349 2240 1557 2285 divinitus
1589 2241 1786 2286 ablatum

388 2324 519 2375 atque
545 2315 720 2359 missum
739 2348 749 2368 ,
786 2323 835 2358 ut
869 2313 942 2357 Dei
964 2313 1129 2372 populo
1151 2311 1475 2372 p1·ophetaret³.
1504 2314 1603 2358 Non
1638 2322 1786 2357 autem

388 2385 630 2430 secundum
657 2385 941 2444 Septuaginta
963 2384 1218 2442 interpretes
1234 2418 1245 2438 ,
1270 2383 1345 2443 qui
1374 2382 1506 2427 etiam
1531 2382 1611 2443 ipsi
1634 2382 1786 2429 divino

391 2456 555 2516 Spiritu
594 2455 863 2515 interpretati
883 2490 893 2510 ,
940 2454 997 2499 ol)
1039 2454 1123 2499 hoc
1161 2453 1285 2498 aliter
1322 2453 1526 2498 videntur
1569 2454 1786 2500 nonnulla

443 2550 491 2576 ¹2
511 2545 585 2575 Cor.
602 2542 694 2582 x1,G.
717 2558 757 2564 ——
774 2548 786 2564 ²
812 2553 820 2573 ι
843 2544 916 2574 Cor.
939 2552 973 2582 x,
998 2552 1047 2573 10.
1066 2558 1107 2564 —--
1124 2539 1136 2563 3
1161 2542 1256 2574 Amos
1273 2551 1330 2582 vn,
1353 2539 1405 2582 14,
1424 2539 1476 2573 15.
