1854 3219
366 211 450 252 362
800 218 833 247 s.
870 220 1102 249 ancnsnm
1135 216 1319 249 Emscom

368 309 389 331 »
425 287 627 333 coelestis.
653 285 803 340 Qualis
826 295 1037 341 terrenus,
1063 285 1169 331 tales
1192 287 1429 341 ettcrreni,
1450 295 1493 330 et
1511 287 1650 348 qualis
1665 303 1760 333 coc-

368 381 388 403 »
424 359 538 404 lestis
550 395 561 413 ‚
581 357 687 403 tales
699 367 742 402 et
754 355 964 402 coelestes.
979 360 1035 402 Et
1047 357 1269 418 quomodo
1283 358 1504 403 induimus
1524 359 1761 418 imaginem

370 453 388 474 »
424 431 606 485 terreni,
631 428 864 473 induamus
880 438 923 474 ct
944 430 1174 488 imaginem
1188 431 1278 490 ejus
1296 429 1443 490 quide
1460 429 1572 474 coelo
1595 433 1704 474 est1.
1735 448 1756 472 »

365 503 484 556 Quid
506 501 560 546 ad
582 502 665 546 hoc
681 501 767 545 dici
787 502 958 560 potest?
976 501 1215 559 Imaginem
1241 516 1343 559 crgo
1367 500 1552 546 coelestis
1572 501 1761 546 hominis

365 589 484 618 nunc
507 589 557 616 ex
572 571 913 631 fidcportamus‚
938 571 1129 615 habituri
1143 572 1187 615 in
1201 572 1513 617 resurrectione
1530 571 1651 633 quod
1667 587 1760 617 cre-

364 644 537 689 dimus:
564 642 798 702 imaginem
817 652 960 687 autcm
984 643 1141 686 terreni
1164 642 1352 688 hominis
1378 643 1432 687 ab
1464 644 1557 704 ipso
1585 642 1761 689 exordio

364 716 570 760 humanae
582 714 869 774 generationis
882 713 1120 759 induimus.

366 866 1686 894 wwwutwummmmwvuwuwvwmumwummmmwfflmswumwmwm
1693 875 1763 893 »ww

889 983 1109 1035 CAPUT
1147 986 1259 1034 XX·

362 1129 637 1195 Dffcztltas
663 1140 834 1176 contra
856 1132 1151 1193 superiorem
1178 1133 1480 1178 sententiam.
1503 1161 1559 1167 —
1586 1133 1762 1194 Opinio

421 1217 595 1262 corpus
610 1204 659 1247 A
663 1200 801 1247 darni
807 1204 943 1263 prius
960 1200 1175 1248 animale
1185 1239 1201 1260 ,
1221 1213 1396 1263 postea
1410 1204 1761 1268 spz'ritalefac‘-

425 1282 523 1318 tum
568 1274 692 1319 uisse
714 1275 764 1319 z'n
781 1272 1035 1334 paradiso.

421 1406 586 1453 XXXI.
625 1412 705 1453 Hm
719 1410 908 1455 occurrit
922 1409 1004 1455 alia
1018 1410 1202 1471 quaestio
1216 1445 1227 1466 ‚
1244 1411 1469 1472 quomodo
1481 1424 1763 1469 renovemur‚'

362 1482 396 1525 si
420 1497 510 1525 non
543 1480 599 1525 ad
626 1481 711 1525 hoc
742 1496 819 1541 per
841 1482 1065 1526 Christum
1093 1496 1370 1538 revocamur,
1401 1483 1523 1543 quod
1546 1483 1591 1526 in
1620 1483 1761 1528 Adam

362 1554 483 1613 prius
506 1554 712 1597 eramus?
733 1555 997 1613 Quanquam
1020 1553 1135 1597 enim
1159 1553 1299 1598 multa
1320 1570 1411 1598 non
1427 1554 1473 1598 in
1501 1554 1757 1614 pristinum⁷

361 1624 438 1668 sed
468 1624 514 1667 in
536 1623 689 1668 melius
707 1633 993 1679 renoventur,
1019 1624 1075 1668 ab
1096 1623 1299 1669 inferiore
1312 1634 1458 1669 tamen
1470 1634 1606 1681 statu,
1628 1641 1761 1686 quam

361 1711 452 1756 quo
474 1705 598 1740 erant
621 1704 768 1750 antea,
795 1704 1077 1739 renovantur.
1103 1715 1124 1738 ‹<
1151 1695 1276 1740 Unde
1293 1710 1395 1754 ergo
1414 1694 1487 1740 ille
1509 1696 1623 1741 filius
1640 1712 1761 1742 mor-

360 1785 381 1808 «
416 1774 517 1810 tuus
548 1775 640 1810 erat
667 1775 711 1811 et
743 1766 919 1821 revixit,
946 1765 1133 1826 perierat
1156 1775 1200 1810 et
1223 1767 1427 1811 inventus
1451 1770 1541 1811 est‘2
1557 1803 1568 1824 ‚
1597 1785 1617 1808 »
1639 1767 1760 1812 unde

355 1837 419 1882 illi
440 1835 663 1897 profertur
680 1836 789 1881 stola
814 1837 976 1896 prima,
1002 1837 1035 1880 si
1053 1852 1145 1881 non
1176 1837 1550 1882 immortalitatem
1579 1839 1757 1898 recipit,

356 1925 489 1971 quam
517 1908 711 1969 perdidit
743 1908 911 1953 Adam?
939 1909 1170 1962 Quomodo
1194 1918 1340 1954 autem
1367 1908 1560 1970 perdidit
1579 1910 1761 1955 immor-

355 1981 588 2036 talitatem,
613 1981 647 2025 si
668 1996 826 2041 corpus
843 1980 1000 2025 habuit
1022 1980 1240 2025 animale?
1262 1983 1414 2043 Neque
1437 1981 1555 2026 enim
1572 1980 1761 2027 animale

356 2068 536 2113 corpus,
563 2052 641 2098 sed
669 2053 860 2113 spiritale
896 2052 999 2108 erit,
1026 2068 1127 2097 cum
1153 2052 1438 2114 corruptibile
1458 2054 1544 2099 hoc
1565 2053 1761 2099 induerit

355 2123 730 2182 incorruptionem
743 2159 753 2178 ‚
771 2131 814 2168 ct
832 2121 1015 2167 mortale
1028 2124 1112 2168 hoc
1125 2121 1321 2168 induerit
1333 2122 1732 2169 immortalitatem3
1745 2159 1754 2168 .

355 2193 566 2240 Nonnulli
589 2194 656 2238 his
678 2194 882 2252 angustiis
903 2194 1130 2249 coarctati,
1155 2203 1206 2239 ut
1226 2203 1269 2238 et
1297 2193 1372 2239 illa
1390 2204 1559 2239 constet
1584 2205 1760 2240 senten-

357 2267 434 2321 tia,
460 2281 546 2327 qua
564 2265 812 2326 exemplum
835 2265 890 2310 de
913 2266 1090 2310 animali
1109 2281 1291 2326 corpore
1308 2265 1410 2310 hinc
1424 2265 1577 2311 datum
1596 2274 1686 2323 est,
1708 2276 1759 2312 ut

358 2338 605 2382 diceretur:
634 2355 655 2379 «
684 2339 844 2381 Factus
880 2345 944 2381 est
973 2337 1141 2398 primus
1169 2337 1304 2382 homo
1335 2337 1477 2382 Adam
1498 2338 1545 2382 in
1566 2338 1757 2382 animam

360 2427 382 2451 »
416 2409 659 2464 viventem,
683 2408 940 2453 novissimus
963 2409 1103 2454 Adam
1116 2409 1162 2454 in
1176 2409 1376 2469 spiritum
1391 2409 1683 2454 vivificantem
1701 2431 1712 2468 3
1731 2427 1753 2451 »

359 2490 404 2526 et
422 2481 504 2525 ista
522 2480 747 2526 renovatio
768 2481 1048 2541 receptioque
1070 2480 1406 2526 immortalitatis
1420 2517 1432 2537 ,
1454 2497 1545 2526 non
1566 2480 1756 2527 absurde

409 2585 420 2602 ¹
439 2590 451 2611 1
473 2580 547 2612 Cor.
570 2589 624 2623 κν,
646 2577 689 2621 44
711 2582 746 2612 et
762 2587 850 2623 seqq.
871 2595 914 2602 —
931 2585 945 2603 ²
963 2579 1042 2612 Luc.
1065 2589 1120 2621 xv,
1135 2578 1189 2612 32.
1212 2595 1253 2602 -
1276 2576 1290 2603 3
1305 2590 1318 2612 1
1340 2577 1414 2613 Cor.
1429 2588 1485 2620 xv,
1503 2577 1556 2611 53.
