1854 3219
382 319 401 340 »
437 296 608 343 Gaudet
628 309 706 357 per
726 296 837 354 ipsas
853 329 863 348 ,
890 302 1020 353 atque
1041 293 1085 337 in
1107 291 1190 336 illis
1212 291 1387 351 largiter
1408 291 1535 335 ssoret
1556 289 1764 335 Ecclesiae

381 389 401 411 »
437 368 583 413 matris
622 366 805 426 gloriosa
840 363 1103 409 foecunditas
1129 385 1138 410 :
1163 373 1420 425 quantoque
1453 360 1551 423 plus
1581 360 1765 421 gloriosa

381 459 401 480 ³>
436 438 658 498 virginitas
678 452 757 481 suo
790 451 974 480 numero
996 434 1138 491 addit,
1162 444 1286 480 tanto
1314 434 1413 494 plus
1436 432 1644 493 gaudium
1669 448 1766 477 ma-

380 529 400 551 »
436 509 512 553 tris
535 508 739 568 augescit.
763 509 819 550 Et
841 505 925 551 alio
953 505 1050 551 loco
1073 507 1115 550 in
1132 506 1218 549 fine
1242 504 1448 565 Epistolae
1470 523 1478 549 :
1513 501 1767 566 Quomodo

380 600 400 622 >›
432 579 730 641 portavimus
745 614 755 633 ,
781 577 948 638 inquit,
970 577 1230 638 imaginem
1246 575 1348 637 ejus
1362 575 1447 633 qui
1461 573 1520 618 de
1545 572 1656 619 limo
1679 580 1765 629 est,

381 671 400 693 »
436 652 504 696 sic
526 659 771 711 portemus
800 657 846 692 et
881 648 1140 710 imaginem
1172 646 1273 707 ejus
1305 646 1388 705 qui
1418 644 1477 689 cle
1500 642 1618 690 coelo
1650 647 1763 689 εδει.

383 741 401 763 »
438 725 560 766 Hanc
597 719 828 779 imaginem
867 717 1088 777 virginitas
1122 725 1293 777 portat,
1334 725 1480 776 portat
1518 714 1766 773 integritas,
1844 758 1846 767 ,

381 810 401 833 »
437 792 638 837 sanctitas
660 799 804 851 portat
831 799 874 834 et
893 790 1071 845 veritas,
1106 796 1284 848 portant
1311 785 1552 846 disciplinae
1575 785 1653 829 Dei
1674 800 1770 829 me·
1844 763 1852 863 i

381 882 403 905 n
437 879 601 917 mores,
634 863 847 924 justitiam
878 876 978 905 cum
1005 859 1214 918 religione
1235 854 1497 913 retinentes,
1523 855 1698 901 stabiles
1725 856 1771 900 in
1845 867 1851 909 ¹1

381 954 402 977 »
438 935 546 991 fide,
572 933 758 979 humiles
780 933 825 978 in
842 933 1018 987 timore,
1045 929 1100 974 ad
1123 945 1300 975 omnem
1316 928 1593 973 tolerantiam
1611 926 1767 984 fortes,
1844 909 1854 976 *i

382 1024 402 1048 >›
439 1005 494 1050 ad
515 1004 787 1051 sustinendas
810 1003 984 1065 injurias
1007 1003 1131 1046 mites
1147 1037 1157 1057 ,
1184 1000 1238 1045 ad
1262 999 1507 1044 faciendam
1527 998 1770 1044 misericor-

383 1097 404 1120 »
440 1078 556 1123 diam
576 1076 725 1122 faciles
741 1113 751 1132 ,
776 1075 965 1120 fraterna
987 1089 1092 1135 pace
1109 1073 1338 1118 unanimes
1361 1081 1492 1133 atque
1513 1071 1767 1117 concordes.

384 1168 404 1190 ›>
440 1151 548 1202 Qnae
565 1164 640 1192 vos
665 1138 848 1206 singula,
875 1162 900 1190 o
920 1146 1049 1190 bonae
1070 1145 1275 1204 virgines,
1301 1142 1545 1198 observare,
1567 1142 1769 1201 diligere,

383 1238 403 1260 >›
439 1218 619 1278 implere
642 1217 829 1271 debetis,
856 1232 955 1275 quae
978 1219 1067 1259 Deo
1091 1224 1135 1258 et
1152 1215 1325 1259 Christo
1344 1222 1546 1259 vacantes
1565 1247 1576 1268 ,
1601 1211 1657 1256 ad
1686 1215 1774 1257 Do-

384 1307 404 1330 »
440 1289 625 1342 minum,
648 1287 719 1331 cui
741 1302 817 1330 vos
840 1285 1034 1339 dicastis,
1056 1286 1220 1345 majore
1244 1294 1287 1328 et
1309 1284 1488 1328 meliore
1514 1292 1637 1343 parte
1658 1298 1773 1343 prae-

386 1380 404 1401 »
440 1358 606 1403 ceditis.
634 1361 857 1401 Provectae
878 1356 1016 1411 annis,
1036 1355 1284 1415 junioribus
1304 1354 1433 1399 facite
1447 1354 1772 1413 magisterium,

384 1448 405 1472 >›
441 1430 629 1474 minores
645 1438 772 1483 natu,
790 1427 982 1487 praebcte
1002 1427 1238 1487 majoribus
1256 1426 1546 1470 ministerium
1561 1461 1572 1481 ,
1599 1440 1777 1485 compa-

386 1520 406 1544 »
442 1502 559 1545 ribus
582 1500 942 1556 incitamentum,
966 1498 1252 1542 hortamentis
1275 1513 1350 1542 vos
1373 1497 1537 1541 mutuis
1563 1497 1772 1552 excitate,

385 1591 406 1614 >›
441 1571 609 1617 zemulis
638 1571 692 1615 de
723 1571 886 1614 virtute
921 1569 1194 1614 documentis
1218 1568 1271 1612 ad
1307 1568 1489 1627 gloriam
1511 1577 1775 1627 provocate,

387 1662 407 1685 »
445 1642 599 1688 durate
623 1640 807 1696 fortiter,
833 1639 1080 1700 spiritaliter
1101 1640 1269 1700 pergite
1292 1658 1300 1683 :
1325 1638 1550 1699 pervenite
1573 1637 1775 1695 feliciter,

387 1733 407 1757 ³)
444 1724 614 1759 tantum
637 1722 901 1758 mementote
925 1721 1031 1757 tunc
1061 1711 1223 1767 nostri,
1257 1727 1358 1756 cum
1389 1710 1567 1770 incipiet
1587 1710 1633 1754 in
1655 1709 1778 1755 vohis

444 1786 668 1845 virginitas
690 1785 941 1829 honorari2.
972 1803 990 1825 »

443 1860 647 1901 XLVIII.
670 1856 924 1901 Ambrosius
947 1855 1075 1899 etiam
1096 1869 1252 1914 genere
1275 1852 1450 1898 dicendi
1472 1861 1714 1913 temperato
1736 1863 1780 1898 et

386 1938 539 1974 ornato
556 1926 758 1987 professis
773 1926 1015 1986 virginibus
1030 1926 1252 1986 proponit,
1269 1934 1480 1985 tanquam
1494 1925 1576 1969 sub
1595 1924 1782 1984 exempli

388 2000 527 2045 forma
544 2036 553 2053 ,
583 1999 704 2060 quod
728 1998 922 2042 moribus
944 1998 1185 2052 imitentur,
1217 2005 1260 2040 et
1290 1996 1422 2041 dicit:
1461 2015 1477 2036 «
1502 1996 1637 2055 Virgo
1661 2006 1776 2052 erat,

394 2092 410 2113 »
446 2087 535 2115 non
560 2070 700 2114 solum
723 2085 903 2130 corpore
920 2104 930 2123 ,
967 2067 1043 2112 sed
1065 2068 1195 2112 etiam
1216 2076 1363 2111 mente
1380 2103 1391 2123 ,
1417 2083 1516 2127 quse
1547 2066 1670 2112 nullo
1692 2066 1781 2112 doli

392 2161 412 2183 »
449 2142 617 2186 ambitu
639 2142 853 2186 sincerum
873 2139 1137 2184 adulteraret
1159 2138 1365 2182 affectum
1386 2156 1395 2182 ε
1426 2137 1557 2182 corde
1578 2137 1777 2193 humilis,

393 2231 412 2254 n
448 2213 591 2257 verbis
610 2212 769 2271 gravis,
787 2211 919 2255 animi
940 2209 1133 2271 prudens
1146 2246 1157 2266 ,
1176 2208 1388 2270 loquendi
1403 2209 1589 2269 parcior,
1605 2209 1781 2269 legendi

392 2303 412 2326 »
448 2285 700 2339 studiosior,
738 2300 827 2328 non
862 2284 908 2327 in
946 2284 1112 2327 incerto
1148 2280 1420 2337 divitiarum,
1458 2280 1534 2325 sed
1567 2281 1614 2324 in
1653 2296 1781 2340 prece

393 2373 403 2396 ›
448 2355 648 2416 pauperis
671 2370 791 2414 spem
814 2369 1051 2414 reponens,
1072 2353 1239 2397 intenta
1258 2351 1405 2413 operi,
1429 2349 1678 2396 'verecunda
1701 2367 1782 2395 ser-

449 2427 595 2485 moni,
621 2426 831 2471 arbitrum
852 2425 1009 2471 mentis
1031 2424 1155 2471 solita
1172 2441 1263 2470 non
1284 2424 1529 2480 hominem,
1549 2423 1625 2469 sed
1642 2427 1781 2469 Deum

379 223 432 263 94
812 227 845 255 s.
882 225 1112 255 Ancus-nm
1145 227 1324 255 EPISeol‘l
1839 0 1849 631 ἲ

388 1805 398 1828 )

399 1805 408 1827 ν

404 2374 413 2396 ν

394 2444 403 2467 )

405 2445 413 2467 υ

440 2532 444 2545 ·
468 2536 478 2554 1
501 2527 573 2556 Cor.
590 2536 643 2567 xv,
663 2522 715 2567 49.
737 2541 778 2547 --
798 2531 811 2547 ²
828 2526 871 2556 Ex
889 2524 1046 2566 (typi-iano
1064 2523 1095 2557 in
1114 2527 1258 2557 tractatu
1275 2522 1316 2556 dc
1334 2521 1504 2567 Disciplina
1521 2526 1555 2555 ct
1573 2521 1691 2555 habitu
1713 2521 1782 2555 Vir-

392 2591 509 2622 guium.
