1854 3219
96 621 168 651 (Lm.
193 632 204 652 1

680 215 812 240 INDEX
821 232 827 239 .

630 366 802 407 LIBER
835 367 889 407 X.

355 512 400 546 lu
418 523 493 557 quo
514 514 692 548 tractatur
710 514 757 549 de
778 514 990 550 animarum
1011 516 1169 561 origine.

211 647 215 651 .
243 619 388 651 Animam
413 618 550 651 mulieris
582 629 621 651 ex
657 620 759 651 anima
788 620 848 651 viri
879 621 998 652 factam
1036 632 1103 653 esse
1134 622 1343 663 quorumdam

291 675 409 716 opinio.

181 743 215 763 11.
244 731 324 771 Quid
338 731 368 763 in
382 730 599 773 superioribus
611 731 699 763 libris
716 731 942 773 investigatum
959 732 1045 764 eirca
1057 732 1207 774 originem
1223 732 1343 764 animm.

175 800 219 819 m.
245 787 382 829 Originis
396 787 571 820 animarum
587 787 703 830 triplex
719 789 842 819 modus.

173 854 216 875 ιν.
244 847 290 876 De
303 844 413 876 anima:
428 848 540 876 natura
560 849 593 875 et
613 843 733 886 origine
754 844 829 886 quid
844 849 980 877 certum.

182 912 211 932 v.
241 901 351 932 Anima
380 912 441 933 nec
461 912 500 933 ex
523 900 652 942 Angelis
667 926 676 941 ‚
699 912 760 933 nec
779 912 816 932 ex
839 901 1022 942 elementis,
1047 913 1105 933 nec
1127 913 1165 934 ex
1186 901 1242 935 Dei
1266 902 1342 933 sub-

292 956 420 988 stantia.

173 1023 217 1043 vi.
241 1011 411 1053 Opiniones
424 1011 464 1042 de
475 1012 576 1043 anima
594 1011 663 1043 duae
676 1011 715 1043 ad
730 1010 899 1053 Scripturae
914 1012 1095 1043 testimonia
1110 1013 1337 1055 expendeudae.

167 1078 219 1098 vu.
248 1067 314 1099 Utri
330 1066 472 1110 opinioni
486 1066 595 1099 faveat
612 1067 708 1108 illud3
734 1067 879 1099 Sortitus
899 1079 969 1098 sum
987 1067 1130 1099 unimam
1147 1066 1277 1099 bonam.

154 1135 219 1154 vm,
246 1123 357 1155 Neutri
383 1123 550 1155 sententiae
581 1123 744 1155 adversari
768 1123 842 1155 illu-1
867 1123 981 1155 Psalmi
1009 1134 1088 1161 cm,
1115 1125 1174 1155 29:
1206 1123 1346 1167 Anseres

292 1178 444 1220 ,ψίιίἰιιιη
462 1189 576 1209 eorum
587 1205 595 1219 ‚
616 1183 680 1210 etc.

177 1244 216 1265 ix.
247 1236 327 1265 Item
345 1233 420 1265 iilud
436 1246 442 1264 ε
463 1234 498 1265 Ε
502 1241 514 1266 t
530 1241 767 1275 conver-latur,
785 1238 848 1266 etc.
875 1234 958 1266 inter
975 1237 1144 1276 utramque
1166 1233 1349 1276 opinionem

295 1289 480 1322 consistere.

190 1356 219 1377 x.
246 1345 385 1384 Quaestio
402 1345 442 1377 de
455 1344 558 1377 anima
577 1356 639 1377 non
657 1345 754 1378 facile
771 1345 904 1377 solvitur
916 1357 955 1378 ex
971 1346 1152 1388 ScripturiS.

177 1413 216 1434 xi.
245 1403 292 1434 An
316 1401 444 1444 utrique
468 1402 634 1434 sententiae
657 1402 756 1444 possit
778 1403 1014 1435 accommodari
1038 1402 1135 1434 illud:
1166 1403 1233 1434 Per
1252 1414 1348 1434 mmm

293 1457 480 1498 hominem,
499 1462 565 1489 etc.
585 1474 627 1480 —
649 1458 826 1500 Baptismus
842 1458 1012 1490 infantum.

166 1524 220 1545 xn.
247 1513 386 1547 Carnalis
403 1514 673 1556 concupiscentia:
692 1525 821 1547 causam
838 1526 900 1546 non
919 1515 949 1546 in
963 1525 1060 1546 earne
1078 1515 1140 1546 sola
1155 1540 1163 1556 ‚
1183 1514 1238 1546 scd
1254 1514 1350 1546 etiam

292 1570 324 1602 in
344 1570 448 1603 anima
467 1581 547 1602 esse.

73 1637 128 1658 xm
147 1630 181 1658 et
199 1636 262 1658 xiv.
291 1625 347 1658 ma
370 1625 530 1658 sententia
549 1625 589 1657 de
601 1626 862 1669 concupiscentia
877 1626 979 1658 earnis
994 1651 1002 1666 ,
1019 1637 1115 1668 quam
1133 1626 1173 1657 sit
1188 1626 1346 1668 expedita.

294 1698 336 1704 —
353 1683 492 1713 Peccata
517 1691 701 1722 puerorum.
721 1698 765 1702 —-
782 1683 1010 1722 Argumentum
1034 1693 1091 1723 pro
1111 1681 1262 1723 opinione
1279 1681 1349 1713 ani-

295 1746 416 1767 marum
434 1746 474 1767 ex
487 1735 620 1767 traduce
630 1735 832 1778 desumptum
851 1746 889 1767 ex
902 1740 995 1768 reatu
1013 1740 1047 1768 et
1064 1735 1221 1778 baptismo
1238 1747 1351 1778 parvu-

294 1790 393 1823 lorum
406 1816 414 1832 ‚
433 1790 616 1823 discutitur.

167 1858 219 1879 xv.
248 1846 342 1878 Idem
357 1850 578 1888 argumentum
598 1845 737 1888 penitius
754 1845 962 1878 examinatur.

158 1913 222 1935 xvr.
249 1904 294 1934 De
305 1902 422 1933 eodem
440 1907 640 1944 argumento.

146 1969 222 1990 xvu.
248 1956 476 1989 Testimonium
494 1968 533 1989 ex
545 1957 593 1989 his
615 1958 783 2000 Sapientiae
804 1957 913 1990 verbis
930 1969 936 1989 :
956 1957 1048 1989 Puer·
1064 1965 1176 1989 autem
1194 1969 1284 1989 eram
1299 1960 1351 1990 ιή-

294 2014 464 2056 gemmus,
483 2018 548 2045 etc.
570 2014 601 2045 in
617 2018 788 2056 utramque
800 2017 922 2055 partem
937 2017 1104 2044 tractatur.

134 2079 223 2100 xvul.
248 2071 294 2100 De
305 2067 410 2100 anima
430 2069 559 2110 Christi,
575 2079 614 2100 an
632 2069 752 2111 possint
762 2069 795 2100 in
808 2069 909 2111 ipsum
922 2068 1095 2100 convenire
1112 2068 1163 2100 illa
1182 2069 1349 2112 Sapientia:

295 2124 396 2156 verba
416 2137 423 2156 :
444 2125 537 2157 Puer
550 2133 661 2157 autem
675 2126 872 2169 ingeniosus
890 2136 981 2156 eram
993 2149 1002 2166 ‚
1023 2129 1086 2157 etc.

156 2190 222 2212 x1x.
249 2180 361 2212 Anima
377 2179 494 2212 Christi
517 2191 580 2212 non
610 2180 673 2213 fuit
697 2180 729 2213 in
755 2180 870 2213 lumbis
889 2180 1031 2219 Abrahae
1045 2205 1054 2222 ,
1072 2180 1209 2222 ideoque
1233 2191 1296 2212 non
1315 2191 1353 2213 ex

299 2235 444 2268 traduce.

172 2302 224 2324 xx.
251 2291 299 2324 Ad
311 2297 530 2333 argumentum
552 2303 636 2324 nunc
649 2292 780 2325 allatum
798 2292 874 2334 quid
885 2292 1223 2335 respondendum-{pro
1240 2292 1353 2324 desen-

299 2347 445 2379 dentibus
459 2347 635 2380 animarum
653 2348 830 2380 traducem.

166 2413 228 2434 xxi.
251 2402 423 2444 Christum,
437 2402 462 2435 si
478 2403 511 2435 in
528 2403 709 2436 Abrahamo
725 2404 898 2436 secundum
915 2403 1052 2436 animam
1069 2403 1192 2445 fuisset,
1215 2414 1275 2435 non
1295 2414 1351 2445 po-

301 2457 400 2490 tuisse
415 2469 477 2490 non
495 2457 658 2491 decimari.

155 2524 229 2547 xxu.
255 2513 386 2557 Utrique
402 2514 541 2556 opinioni
562 2514 601 2548 de
619 2514 729 2548 animae
751 2515 870 2557 origine
883 2515 1142 2550 accommodatur
1151 2515 1256 2548 locus.

1369 204 1450 243 643

1390 681 1454 709 474

1393 736 1457 765 476

1394 791 1457 820 477

1392 847 1456 877 479

1393 959 1459 990 484

1388 1014 1452 1044 482

1395 1070 1457 1100 483

1399 1906 1462 1936 496

1399 2016 1465 2047 498
