<?xml version="1.0" encoding="UTF-8"?>
<!DOCTYPE html PUBLIC "-//W3C//DTD XHTML 1.0 Transitional//EN"
    "http://www.w3.org/TR/xhtml1/DTD/xhtml1-transitional.dtd">
<html xmlns="http://www.w3.org/1999/xhtml" xml:lang="en" lang="en">
 <head>
  <title>
</title>
<meta http-equiv="Content-Type" content="text/html;charset=utf-8" />
  <meta name='ocr-system' content='tesseract 3.04.00' />
  <meta name='ocr-capabilities' content='ocr_page ocr_carea ocr_par ocr_line ocrx_word'/>
</head>
<body>
  <div class='ocr_page' id='page_1' title='image "./operaomniaaccura05auguuoft_0333.png"; bbox 0 0 1854 3219; ppageno 0'>
   <div class='ocr_carea' id='block_1_1' title="bbox 356 182 1442 234">
    <p class='ocr_par' dir='ltr' id='par_1_1' title="bbox 356 182 1442 234">
     <span class='ocr_line' id='line_1_1' title="bbox 356 182 1442 234; baseline -0.003 -11"><span class='ocrx_word' id='word_1_1' title='bbox 356 197 409 223; x_wconf 84' lang='lat' dir='ltr'>DE</span> <span class='ocrx_word' id='word_1_2' title='bbox 443 196 593 224; x_wconf 72' lang='lat' dir='ltr'>GENEsl</span> <span class='ocrx_word' id='word_1_3' title='bbox 626 193 681 222; x_wconf 84' lang='lat' dir='ltr'>An</span> <span class='ocrx_word' id='word_1_4' title='bbox 713 192 953 234; x_wconf 67' lang='grc' dir='ltr'>ΜΤΤΕΒΑΜ,</span> <span class='ocrx_word' id='word_1_5' title='bbox 979 196 1060 222; x_wconf 75' lang='lat' dir='ltr'>Lm.</span> <span class='ocrx_word' id='word_1_6' title='bbox 1098 196 1139 222; x_wconf 89' lang='lat' dir='ltr'>v.</span> <span class='ocrx_word' id='word_1_7' title='bbox 1359 182 1442 221; x_wconf 85' lang='lat'>307</span> 
     </span>
    </p>
   </div>
   <div class='ocr_carea' id='block_1_2' title="bbox 54 258 1454 2655">
    <p class='ocr_par' dir='ltr' id='par_1_2' title="bbox 54 258 1454 2655">
     <span class='ocr_line' id='line_1_2' title="bbox 59 258 1445 317; baseline -0.004 -9"><span class='ocrx_word' id='word_1_8' title='bbox 59 273 133 308; x_wconf 90' lang='lat' dir='ltr'>tur</span> <span class='ocrx_word' id='word_1_9' title='bbox 152 263 200 307; x_wconf 91' lang='lat' dir='ltr'>in</span> <span class='ocrx_word' id='word_1_10' title='bbox 216 264 360 307; x_wconf 77' lang='lat' dir='ltr'>terra?</span> <span class='ocrx_word' id='word_1_11' title='bbox 384 261 469 308; x_wconf 85' lang='lat' dir='ltr'>Sed</span> <span class='ocrx_word' id='word_1_12' title='bbox 489 263 522 306; x_wconf 87' lang='lat' dir='ltr'>si</span> <span class='ocrx_word' id='word_1_13' title='bbox 539 262 621 305; x_wconf 92' lang='lat' dir='ltr'>hoc</span> <span class='ocrx_word' id='word_1_14' title='bbox 646 261 777 305; x_wconf 89' lang='lat' dir='ltr'>modo</span> <span class='ocrx_word' id='word_1_15' title='bbox 795 262 909 309; x_wconf 86' lang='lat' dir='ltr'>facta</span> <span class='ocrx_word' id='word_1_16' title='bbox 928 271 1049 317; x_wconf 77' lang='lat' dir='ltr'>sunt,</span> <span class='ocrx_word' id='word_1_17' title='bbox 1070 275 1160 306; x_wconf 92' lang='lat' dir='ltr'>non</span> <span class='ocrx_word' id='word_1_18' title='bbox 1181 275 1281 304; x_wconf 91' lang='lat' dir='ltr'>cum</span> <span class='ocrx_word' id='word_1_19' title='bbox 1305 258 1445 304; x_wconf 84' lang='lat' dir='ltr'>factus</span> 
     </span>
     <span class='ocr_line' id='line_1_3' title="bbox 57 330 1441 393; baseline -0.004 -15"><span class='ocrx_word' id='word_1_20' title='bbox 57 342 120 378; x_wconf 88' lang='lat' dir='ltr'>est</span> <span class='ocrx_word' id='word_1_21' title='bbox 139 334 251 389; x_wconf 83' lang='lat' dir='ltr'>dies,</span> <span class='ocrx_word' id='word_1_22' title='bbox 272 333 348 378; x_wconf 89' lang='lat' dir='ltr'>sed</span> <span class='ocrx_word' id='word_1_23' title='bbox 369 342 603 393; x_wconf 82' lang='lat' dir='ltr'>antequam</span> <span class='ocrx_word' id='word_1_24' title='bbox 629 332 752 375; x_wconf 88' lang='lat' dir='ltr'>fieret</span> <span class='ocrx_word' id='word_1_25' title='bbox 773 330 885 387; x_wconf 79' lang='lat' dir='ltr'>dies,</span> <span class='ocrx_word' id='word_1_26' title='bbox 908 331 1019 376; x_wconf 81' lang='lat' dir='ltr'>facta</span> <span class='ocrx_word' id='word_1_27' title='bbox 1042 341 1169 376; x_wconf 87' lang='lat' dir='ltr'>sunt:</span> <span class='ocrx_word' id='word_1_28' title='bbox 1192 339 1338 391; x_wconf 84' lang='lat' dir='ltr'>aperte</span> <span class='ocrx_word' id='word_1_29' title='bbox 1361 346 1441 374; x_wconf 86' lang='lat' dir='ltr'>au-</span> 
     </span>
     <span class='ocr_line' id='line_1_4' title="bbox 55 400 1439 464; baseline -0.002 -15"><span class='ocrx_word' id='word_1_30' title='bbox 55 413 145 449; x_wconf 83' lang='lat' dir='ltr'>tem</span> <span class='ocrx_word' id='word_1_31' title='bbox 168 405 387 464; x_wconf 81' lang='lat' dir='ltr'>Scriptura</span> <span class='ocrx_word' id='word_1_32' title='bbox 404 403 530 448; x_wconf 83' lang='lat' dir='ltr'>dicit:</span> <span class='ocrx_word' id='word_1_33' title='bbox 559 404 707 447; x_wconf 85' lang='lat' dir='ltr'>»Cum</span> <span class='ocrx_word' id='word_1_34' title='bbox 730 400 869 446; x_wconf 73' lang='lat' dir='ltr'>factus</span> <span class='ocrx_word' id='word_1_35' title='bbox 891 412 955 447; x_wconf 90' lang='lat' dir='ltr'>est</span> <span class='ocrx_word' id='word_1_36' title='bbox 975 402 1082 459; x_wconf 81' lang='lat' dir='ltr'>dies,</span> <span class='ocrx_word' id='word_1_37' title='bbox 1100 401 1202 447; x_wconf 86' lang='lat' dir='ltr'>fecit</span> <span class='ocrx_word' id='word_1_38' title='bbox 1218 405 1333 447; x_wconf 86' lang='lat' dir='ltr'>Deus</span> <span class='ocrx_word' id='word_1_39' title='bbox 1351 416 1439 446; x_wconf 84' lang='grc'>606-</span> 
     </span>
     <span class='ocr_line' id='line_1_5' title="bbox 57 472 1442 535; baseline -0.001 -18"><span class='ocrx_word' id='word_1_40' title='bbox 57 492 78 517; x_wconf 80' lang='grc'>»</span> <span class='ocrx_word' id='word_1_41' title='bbox 112 474 207 519; x_wconf 88' lang='grc'>111111</span> <span class='ocrx_word' id='word_1_42' title='bbox 227 485 271 519; x_wconf 88' lang='lat' dir='ltr'>et</span> <span class='ocrx_word' id='word_1_43' title='bbox 284 484 457 530; x_wconf 77' lang='lat' dir='ltr'>terram,</span> <span class='ocrx_word' id='word_1_44' title='bbox 475 483 518 519; x_wconf 89' lang='lat' dir='ltr'>et</span> <span class='ocrx_word' id='word_1_45' title='bbox 531 488 659 519; x_wconf 91' lang='lat' dir='ltr'>omne</span> <span class='ocrx_word' id='word_1_46' title='bbox 677 472 813 519; x_wconf 83' lang='lat' dir='ltr'>viride</span> <span class='ocrx_word' id='word_1_47' title='bbox 830 473 919 532; x_wconf 81' lang='lat' dir='ltr'>agri</span> <span class='ocrx_word' id='word_1_48' title='bbox 933 483 1168 535; x_wconf 81' lang='lat' dir='ltr'>antequam</span> <span class='ocrx_word' id='word_1_49' title='bbox 1187 483 1296 518; x_wconf 86' lang='lat' dir='ltr'>esset</span> <span class='ocrx_word' id='word_1_50' title='bbox 1312 488 1442 533; x_wconf 86' lang='lat' dir='ltr'>super</span> 
     </span>
     <span class='ocr_line' id='line_1_6' title="bbox 59 545 1444 605; baseline 0.001 -17"><span class='ocrx_word' id='word_1_51' title='bbox 59 564 80 588; x_wconf 81' lang='lat'>))</span> <span class='ocrx_word' id='word_1_52' title='bbox 115 556 290 602; x_wconf 74' lang='lat' dir='ltr'>terram,</span> <span class='ocrx_word' id='word_1_53' title='bbox 306 555 349 591; x_wconf 88' lang='lat' dir='ltr'>et</span> <span class='ocrx_word' id='word_1_54' title='bbox 364 562 493 591; x_wconf 89' lang='lat' dir='ltr'>omne</span> <span class='ocrx_word' id='word_1_55' title='bbox 512 545 683 590; x_wconf 73' lang='grc'>1061111111</span> <span class='ocrx_word' id='word_1_56' title='bbox 702 553 936 605; x_wconf 85' lang='lat' dir='ltr'>antequam</span> <span class='ocrx_word' id='word_1_57' title='bbox 956 546 1209 590; x_wconf 79' lang='lat' dir='ltr'>exoriretur.</span> <span class='ocrx_word' id='word_1_58' title='bbox 1238 563 1258 585; x_wconf 71' lang='lat' dir='ltr'>n</span> <span class='ocrx_word' id='word_1_59' title='bbox 1283 545 1326 590; x_wconf 83' lang='lat' dir='ltr'>Si</span> <span class='ocrx_word' id='word_1_60' title='bbox 1341 560 1444 604; x_wconf 79' lang='lat' dir='ltr'>ergo</span> 
     </span>
     <span class='ocr_line' id='line_1_7' title="bbox 57 615 1441 677; baseline -0.001 -15"><span class='ocrx_word' id='word_1_61' title='bbox 57 634 158 663; x_wconf 86' lang='lat' dir='ltr'>cum</span> <span class='ocrx_word' id='word_1_62' title='bbox 174 617 315 663; x_wconf 89' lang='lat' dir='ltr'>factus</span> <span class='ocrx_word' id='word_1_63' title='bbox 339 627 402 662; x_wconf 79' lang='lat' dir='ltr'>est</span> <span class='ocrx_word' id='word_1_64' title='bbox 424 617 535 673; x_wconf 79' lang='lat' dir='ltr'>dies,</span> <span class='ocrx_word' id='word_1_65' title='bbox 557 633 646 662; x_wconf 91' lang='lat' dir='ltr'>non</span> <span class='ocrx_word' id='word_1_66' title='bbox 673 617 824 677; x_wconf 84' lang='lat' dir='ltr'>utique</span> <span class='ocrx_word' id='word_1_67' title='bbox 846 626 1083 677; x_wconf 87' lang='lat' dir='ltr'>antequam</span> <span class='ocrx_word' id='word_1_68' title='bbox 1106 617 1229 661; x_wconf 81' lang='lat' dir='ltr'>fleret</span> <span class='ocrx_word' id='word_1_69' title='bbox 1250 615 1365 660; x_wconf 83' lang='lat' dir='ltr'>dies:</span> <span class='ocrx_word' id='word_1_70' title='bbox 1392 631 1441 660; x_wconf 90' lang='lat' dir='ltr'>ac</span> 
     </span>
     <span class='ocr_line' id='line_1_8' title="bbox 56 686 1449 749; baseline -0.002 -16"><span class='ocrx_word' id='word_1_71' title='bbox 56 704 134 749; x_wconf 90' lang='lat' dir='ltr'>per</span> <span class='ocrx_word' id='word_1_72' title='bbox 154 690 239 734; x_wconf 88' lang='lat' dir='ltr'>hoc</span> <span class='ocrx_word' id='word_1_73' title='bbox 266 704 356 734; x_wconf 90' lang='lat' dir='ltr'>non</span> <span class='ocrx_word' id='word_1_74' title='bbox 377 686 424 733; x_wconf 89' lang='lat' dir='ltr'>in</span> <span class='ocrx_word' id='word_1_75' title='bbox 444 688 614 743; x_wconf 76' lang='lat' dir='ltr'>Verbo,</span> <span class='ocrx_word' id='word_1_76' title='bbox 639 686 761 748; x_wconf 84' lang='lat' dir='ltr'>quod</span> <span class='ocrx_word' id='word_1_77' title='bbox 790 687 906 731; x_wconf 88' lang='lat' dir='ltr'>Patri</span> <span class='ocrx_word' id='word_1_78' title='bbox 930 697 1196 732; x_wconf 68' lang='lat' dir='ltr'>coaeternum</span> <span class='ocrx_word' id='word_1_79' title='bbox 1233 696 1298 731; x_wconf 91' lang='lat' dir='ltr'>est</span> <span class='ocrx_word' id='word_1_80' title='bbox 1325 696 1449 731; x_wconf 88' lang='lat' dir='ltr'>ante-</span> 
     </span>
     <span class='ocr_line' id='line_1_9' title="bbox 57 756 1449 820; baseline -0.002 -16"><span class='ocrx_word' id='word_1_81' title='bbox 57 776 185 820; x_wconf 88' lang='lat' dir='ltr'>quam</span> <span class='ocrx_word' id='word_1_82' title='bbox 206 759 312 816; x_wconf 72' lang='grc'>11165,</span> <span class='ocrx_word' id='word_1_83' title='bbox 338 769 574 820; x_wconf 80' lang='lat' dir='ltr'>antequam</span> <span class='ocrx_word' id='word_1_84' title='bbox 588 759 766 804; x_wconf 83' lang='lat' dir='ltr'>omnino</span> <span class='ocrx_word' id='word_1_85' title='bbox 788 758 953 819; x_wconf 85' lang='lat' dir='ltr'>aliquid</span> <span class='ocrx_word' id='word_1_86' title='bbox 970 759 1116 817; x_wconf 77' lang='lat' dir='ltr'>fieret3</span> <span class='ocrx_word' id='word_1_87' title='bbox 1142 758 1217 803; x_wconf 85' lang='lat' dir='ltr'>sed</span> <span class='ocrx_word' id='word_1_88' title='bbox 1238 773 1339 803; x_wconf 88' lang='lat' dir='ltr'>cum</span> <span class='ocrx_word' id='word_1_89' title='bbox 1358 756 1449 802; x_wconf 88' lang='lat' dir='ltr'>fac-</span> 
     </span>
     <span class='ocr_line' id='line_1_10' title="bbox 57 829 1449 890; baseline -0.001 -15"><span class='ocrx_word' id='word_1_90' title='bbox 57 839 127 875; x_wconf 81' lang='lat' dir='ltr'>tus</span> <span class='ocrx_word' id='word_1_91' title='bbox 157 840 221 875; x_wconf 81' lang='lat' dir='ltr'>est</span> <span class='ocrx_word' id='word_1_92' title='bbox 247 831 350 875; x_wconf 84' lang='lat' dir='ltr'>dies.</span> <span class='ocrx_word' id='word_1_93' title='bbox 382 833 491 876; x_wconf 88' lang='lat' dir='ltr'>Nam</span> <span class='ocrx_word' id='word_1_94' title='bbox 516 829 612 886; x_wconf 82' lang='lat' dir='ltr'>illa,</span> <span class='ocrx_word' id='word_1_95' title='bbox 636 845 736 890; x_wconf 77' lang='lat' dir='ltr'>quae</span> <span class='ocrx_word' id='word_1_96' title='bbox 767 830 814 872; x_wconf 91' lang='grc'>111</span> <span class='ocrx_word' id='word_1_97' title='bbox 844 830 991 874; x_wconf 77' lang='lat' dir='ltr'>Verbo</span> <span class='ocrx_word' id='word_1_98' title='bbox 1028 830 1106 874; x_wconf 90' lang='lat' dir='ltr'>Dei</span> <span class='ocrx_word' id='word_1_99' title='bbox 1138 839 1238 874; x_wconf 87' lang='lat' dir='ltr'>ante</span> <span class='ocrx_word' id='word_1_100' title='bbox 1273 845 1449 874; x_wconf 89' lang='grc'>0111116111</span> 
     </span>
     <span class='ocr_line' id='line_1_11' title="bbox 58 899 1449 962; baseline -0.001 -16"><span class='ocrx_word' id='word_1_101' title='bbox 58 911 301 947; x_wconf 88' lang='lat' dir='ltr'>creaturam</span> <span class='ocrx_word' id='word_1_102' title='bbox 322 911 439 957; x_wconf 80' lang='lat' dir='ltr'>sunt,</span> <span class='ocrx_word' id='word_1_103' title='bbox 465 915 556 946; x_wconf 92' lang='lat' dir='ltr'>non</span> <span class='ocrx_word' id='word_1_104' title='bbox 578 901 731 962; x_wconf 86' lang='lat' dir='ltr'>utique</span> <span class='ocrx_word' id='word_1_105' title='bbox 757 899 870 945; x_wconf 88' lang='lat' dir='ltr'>facta</span> <span class='ocrx_word' id='word_1_106' title='bbox 894 911 1020 946; x_wconf 89' lang='lat' dir='ltr'>sunt:</span> <span class='ocrx_word' id='word_1_107' title='bbox 1047 902 1142 946; x_wconf 82' lang='lat' dir='ltr'>haec</span> <span class='ocrx_word' id='word_1_108' title='bbox 1165 911 1310 946; x_wconf 89' lang='lat' dir='ltr'>autem</span> <span class='ocrx_word' id='word_1_109' title='bbox 1333 901 1449 945; x_wconf 84' lang='lat' dir='ltr'>sacta</span> 
     </span>
     <span class='ocr_line' id='line_1_12' title="bbox 61 970 1448 1033; baseline -0.001 -17"><span class='ocrx_word' id='word_1_110' title='bbox 61 981 187 1029; x_wconf 82' lang='lat' dir='ltr'>sunt,</span> <span class='ocrx_word' id='word_1_111' title='bbox 207 987 309 1017; x_wconf 90' lang='lat' dir='ltr'>cum</span> <span class='ocrx_word' id='word_1_112' title='bbox 330 970 470 1017; x_wconf 89' lang='lat' dir='ltr'>factus</span> <span class='ocrx_word' id='word_1_113' title='bbox 495 981 559 1016; x_wconf 83' lang='lat' dir='ltr'>est</span> <span class='ocrx_word' id='word_1_114' title='bbox 586 972 699 1028; x_wconf 84' lang='lat' dir='ltr'>dies,</span> <span class='ocrx_word' id='word_1_115' title='bbox 726 972 836 1017; x_wconf 88' lang='lat' dir='ltr'>sicut</span> <span class='ocrx_word' id='word_1_116' title='bbox 870 972 1102 1033; x_wconf 79' lang='lat' dir='ltr'>Scripturae</span> <span class='ocrx_word' id='word_1_117' title='bbox 1134 973 1267 1017; x_wconf 83' lang='lat' dir='ltr'>verba</span> <span class='ocrx_word' id='word_1_118' title='bbox 1298 971 1448 1016; x_wconf 84' lang='lat' dir='ltr'>decla-</span> 
     </span>
     <span class='ocr_line' id='line_1_13' title="bbox 61 1043 1448 1105; baseline -0.001 -17"><span class='ocrx_word' id='word_1_119' title='bbox 61 1051 183 1089; x_wconf 83' lang='lat' dir='ltr'>rant:</span> <span class='ocrx_word' id='word_1_120' title='bbox 215 1043 291 1088; x_wconf 86' lang='lat' dir='ltr'>sed</span> <span class='ocrx_word' id='word_1_121' title='bbox 325 1052 473 1088; x_wconf 87' lang='lat' dir='ltr'>tamen</span> <span class='ocrx_word' id='word_1_122' title='bbox 508 1053 742 1104; x_wconf 82' lang='lat' dir='ltr'>antequam</span> <span class='ocrx_word' id='word_1_123' title='bbox 778 1053 918 1088; x_wconf 83' lang='lat' dir='ltr'>essent</span> <span class='ocrx_word' id='word_1_124' title='bbox 952 1060 1081 1105; x_wconf 87' lang='lat' dir='ltr'>super</span> <span class='ocrx_word' id='word_1_125' title='bbox 1110 1054 1292 1100; x_wconf 80' lang='lat' dir='ltr'>terram,</span> <span class='ocrx_word' id='word_1_126' title='bbox 1323 1052 1448 1088; x_wconf 87' lang='lat' dir='ltr'>ante-</span> 
     </span>
     <span class='ocr_line' id='line_1_14' title="bbox 61 1115 1447 1178; baseline 0.001 -18"><span class='ocrx_word' id='word_1_127' title='bbox 61 1131 194 1178; x_wconf 87' lang='lat' dir='ltr'>quam</span> <span class='ocrx_word' id='word_1_128' title='bbox 208 1116 480 1161; x_wconf 85' lang='lat' dir='ltr'>exorirentur</span> <span class='ocrx_word' id='word_1_129' title='bbox 490 1152 501 1172; x_wconf 86' lang='grc'>,</span> <span class='ocrx_word' id='word_1_130' title='bbox 515 1115 637 1177; x_wconf 85' lang='lat' dir='ltr'>quod</span> <span class='ocrx_word' id='word_1_131' title='bbox 649 1116 704 1160; x_wconf 89' lang='lat' dir='ltr'>de</span> <span class='ocrx_word' id='word_1_132' title='bbox 716 1116 880 1161; x_wconf 84' lang='lat' dir='ltr'>viribus</span> <span class='ocrx_word' id='word_1_133' title='bbox 895 1126 937 1161; x_wconf 89' lang='lat' dir='ltr'>et</span> <span class='ocrx_word' id='word_1_134' title='bbox 949 1116 1072 1162; x_wconf 87' lang='lat' dir='ltr'>foeno</span> <span class='ocrx_word' id='word_1_135' title='bbox 1087 1118 1176 1177; x_wconf 82' lang='lat' dir='ltr'>agri</span> <span class='ocrx_word' id='word_1_136' title='bbox 1192 1117 1359 1163; x_wconf 88' lang='lat' dir='ltr'>dictum</span> <span class='ocrx_word' id='word_1_137' title='bbox 1369 1125 1447 1161; x_wconf 87' lang='lat' dir='ltr'>est.</span> 
     </span>
     <span class='ocr_line' id='line_1_15' title="bbox 75 1187 1439 1248; baseline 0.001 -16"><span class='ocrx_word' id='word_1_138' title='bbox 75 1188 79 1192; x_wconf 81' lang='grc'><strong>’</strong></span> <span class='ocrx_word' id='word_1_139' title='bbox 117 1190 194 1232; x_wconf 85' lang='grc' dir='ltr'>ΙΧ.</span> <span class='ocrx_word' id='word_1_140' title='bbox 212 1187 297 1232; x_wconf 85' lang='lat' dir='ltr'>Ubi</span> <span class='ocrx_word' id='word_1_141' title='bbox 312 1190 444 1247; x_wconf 74' lang='lat' dir='ltr'>ergo?</span> <span class='ocrx_word' id='word_1_142' title='bbox 459 1191 528 1232; x_wconf 88' lang='lat' dir='ltr'>An</span> <span class='ocrx_word' id='word_1_143' title='bbox 542 1188 586 1231; x_wconf 91' lang='lat' dir='ltr'>in</span> <span class='ocrx_word' id='word_1_144' title='bbox 600 1187 691 1248; x_wconf 86' lang='lat' dir='ltr'>ipsa</span> <span class='ocrx_word' id='word_1_145' title='bbox 706 1197 820 1233; x_wconf 85' lang='lat' dir='ltr'>terra</span> <span class='ocrx_word' id='word_1_146' title='bbox 840 1189 1068 1234; x_wconf 81' lang='lat' dir='ltr'>causaliter</span> <span class='ocrx_word' id='word_1_147' title='bbox 1084 1200 1127 1234; x_wconf 91' lang='lat' dir='ltr'>et</span> <span class='ocrx_word' id='word_1_148' title='bbox 1147 1189 1439 1247; x_wconf 78' lang='lat' dir='ltr'>rationaliter3</span> 
     </span>
     <span class='ocr_line' id='line_1_16' title="bbox 58 1258 1450 1322; baseline 0.002 -21"><span class='ocrx_word' id='word_1_149' title='bbox 58 1258 167 1302; x_wconf 88' lang='lat' dir='ltr'>sicut</span> <span class='ocrx_word' id='word_1_150' title='bbox 193 1258 240 1302; x_wconf 93' lang='lat' dir='ltr'>in</span> <span class='ocrx_word' id='word_1_151' title='bbox 268 1259 505 1304; x_wconf 90' lang='lat' dir='ltr'>seminibus</span> <span class='ocrx_word' id='word_1_152' title='bbox 530 1259 622 1319; x_wconf 88' lang='lat' dir='ltr'>jam</span> <span class='ocrx_word' id='word_1_153' title='bbox 650 1268 753 1303; x_wconf 89' lang='lat' dir='ltr'>sunt</span> <span class='ocrx_word' id='word_1_154' title='bbox 780 1260 947 1315; x_wconf 81' lang='lat' dir='ltr'>omnia,</span> <span class='ocrx_word' id='word_1_155' title='bbox 981 1270 1218 1322; x_wconf 87' lang='lat' dir='ltr'>antequam</span> <span class='ocrx_word' id='word_1_156' title='bbox 1246 1260 1450 1306; x_wconf 85' lang='lat' dir='ltr'>evolvant</span> 
     </span>
     <span class='ocr_line' id='line_1_17' title="bbox 58 1328 1448 1393; baseline 0.002 -19"><span class='ocrx_word' id='word_1_157' title='bbox 58 1329 251 1390; x_wconf 87' lang='lat' dir='ltr'>quodam</span> <span class='ocrx_word' id='word_1_158' title='bbox 272 1328 421 1385; x_wconf 86' lang='lat' dir='ltr'>modo,</span> <span class='ocrx_word' id='word_1_159' title='bbox 439 1338 570 1390; x_wconf 88' lang='lat' dir='ltr'>atque</span> <span class='ocrx_word' id='word_1_160' title='bbox 591 1329 811 1389; x_wconf 83' lang='lat' dir='ltr'>explicent</span> <span class='ocrx_word' id='word_1_161' title='bbox 827 1331 1093 1377; x_wconf 85' lang='lat' dir='ltr'>incrementa</span> <span class='ocrx_word' id='word_1_162' title='bbox 1111 1342 1154 1377; x_wconf 90' lang='lat' dir='ltr'>et</span> <span class='ocrx_word' id='word_1_163' title='bbox 1171 1333 1332 1393; x_wconf 85' lang='lat' dir='ltr'>species</span> <span class='ocrx_word' id='word_1_164' title='bbox 1351 1347 1448 1377; x_wconf 87' lang='lat' dir='ltr'>suas</span> 
     </span>
     <span class='ocr_line' id='line_1_18' title="bbox 59 1401 1445 1464; baseline 0.003 -20"><span class='ocrx_word' id='word_1_165' title='bbox 59 1415 137 1461; x_wconf 87' lang='lat' dir='ltr'>per</span> <span class='ocrx_word' id='word_1_166' title='bbox 157 1416 360 1445; x_wconf 89' lang='lat' dir='ltr'>numeros</span> <span class='ocrx_word' id='word_1_167' title='bbox 383 1402 662 1461; x_wconf 81' lang='lat' dir='ltr'>temporum?</span> <span class='ocrx_word' id='word_1_168' title='bbox 687 1401 770 1446; x_wconf 87' lang='lat' dir='ltr'>Sed</span> <span class='ocrx_word' id='word_1_169' title='bbox 780 1402 859 1446; x_wconf 88' lang='lat' dir='ltr'>ista</span> <span class='ocrx_word' id='word_1_170' title='bbox 887 1402 1073 1459; x_wconf 70' lang='lat' dir='ltr'>semina,</span> <span class='ocrx_word' id='word_1_171' title='bbox 1099 1419 1198 1464; x_wconf 83' lang='lat' dir='ltr'>quae</span> <span class='ocrx_word' id='word_1_172' title='bbox 1224 1403 1445 1459; x_wconf 80' lang='lat' dir='ltr'>videmus,</span> 
     </span>
     <span class='ocr_line' id='line_1_19' title="bbox 54 1472 1454 1533; baseline 0.002 -16"><span class='ocrx_word' id='word_1_173' title='bbox 54 1472 145 1533; x_wconf 87' lang='lat' dir='ltr'>jam</span> <span class='ocrx_word' id='word_1_174' title='bbox 173 1487 302 1532; x_wconf 87' lang='lat' dir='ltr'>super</span> <span class='ocrx_word' id='word_1_175' title='bbox 331 1481 492 1516; x_wconf 80' lang='lat' dir='ltr'>terram</span> <span class='ocrx_word' id='word_1_176' title='bbox 526 1481 651 1527; x_wconf 83' lang='lat' dir='ltr'>sunt,</span> <span class='ocrx_word' id='word_1_177' title='bbox 683 1473 775 1532; x_wconf 88' lang='lat' dir='ltr'>jam</span> <span class='ocrx_word' id='word_1_178' title='bbox 805 1482 953 1517; x_wconf 82' lang='lat' dir='ltr'>exorta</span> <span class='ocrx_word' id='word_1_179' title='bbox 993 1484 1119 1518; x_wconf 90' lang='lat' dir='ltr'>sunt:</span> <span class='ocrx_word' id='word_1_180' title='bbox 1153 1491 1299 1520; x_wconf 90' lang='lat' dir='ltr'>annon</span> <span class='ocrx_word' id='word_1_181' title='bbox 1328 1485 1454 1520; x_wconf 86' lang='lat' dir='ltr'>erant</span> 
     </span>
     <span class='ocr_line' id='line_1_20' title="bbox 59 1541 1453 1606; baseline 0.003 -18"><span class='ocrx_word' id='word_1_182' title='bbox 59 1557 188 1604; x_wconf 87' lang='lat' dir='ltr'>super</span> <span class='ocrx_word' id='word_1_183' title='bbox 209 1552 391 1600; x_wconf 78' lang='lat' dir='ltr'>terram,</span> <span class='ocrx_word' id='word_1_184' title='bbox 409 1543 486 1588; x_wconf 88' lang='lat' dir='ltr'>sed</span> <span class='ocrx_word' id='word_1_185' title='bbox 506 1541 620 1587; x_wconf 88' lang='lat' dir='ltr'>infra</span> <span class='ocrx_word' id='word_1_186' title='bbox 642 1552 829 1602; x_wconf 84' lang='lat' dir='ltr'>terram·⁷</span> <span class='ocrx_word' id='word_1_187' title='bbox 854 1553 897 1588; x_wconf 90' lang='lat' dir='ltr'>et</span> <span class='ocrx_word' id='word_1_188' title='bbox 918 1542 1017 1589; x_wconf 87' lang='lat' dir='ltr'>ideo</span> <span class='ocrx_word' id='word_1_189' title='bbox 1041 1554 1273 1606; x_wconf 86' lang='lat' dir='ltr'>antequam</span> <span class='ocrx_word' id='word_1_190' title='bbox 1306 1556 1453 1592; x_wconf 87' lang='lat' dir='ltr'>exorta</span> 
     </span>
     <span class='ocr_line' id='line_1_21' title="bbox 59 1613 1454 1676; baseline 0.002 -17"><span class='ocrx_word' id='word_1_191' title='bbox 59 1623 175 1670; x_wconf 79' lang='lat' dir='ltr'>sunt,</span> <span class='ocrx_word' id='word_1_192' title='bbox 202 1613 314 1659; x_wconf 88' lang='lat' dir='ltr'>facta</span> <span class='ocrx_word' id='word_1_193' title='bbox 330 1624 453 1671; x_wconf 83' lang='lat' dir='ltr'>sunt,</span> <span class='ocrx_word' id='word_1_194' title='bbox 474 1616 577 1676; x_wconf 88' lang='lat' dir='ltr'>quia</span> <span class='ocrx_word' id='word_1_195' title='bbox 604 1624 711 1659; x_wconf 87' lang='lat' dir='ltr'>tunc</span> <span class='ocrx_word' id='word_1_196' title='bbox 734 1624 882 1660; x_wconf 86' lang='lat' dir='ltr'>exorta</span> <span class='ocrx_word' id='word_1_197' title='bbox 900 1625 1023 1672; x_wconf 82' lang='lat' dir='ltr'>sunt⁷</span> <span class='ocrx_word' id='word_1_198' title='bbox 1049 1632 1151 1661; x_wconf 90' lang='lat' dir='ltr'>cum</span> <span class='ocrx_word' id='word_1_199' title='bbox 1173 1618 1339 1661; x_wconf 86' lang='lat' dir='ltr'>semina</span> <span class='ocrx_word' id='word_1_200' title='bbox 1357 1632 1454 1676; x_wconf 83' lang='lat' dir='ltr'>ger-</span> 
     </span>
     <span class='ocr_line' id='line_1_22' title="bbox 59 1686 1448 1749; baseline 0.003 -19"><span class='ocrx_word' id='word_1_201' title='bbox 59 1686 305 1743; x_wconf 84' lang='lat' dir='ltr'>minarunt,</span> <span class='ocrx_word' id='word_1_202' title='bbox 321 1695 365 1731; x_wconf 88' lang='lat' dir='ltr'>et</span> <span class='ocrx_word' id='word_1_203' title='bbox 388 1702 562 1731; x_wconf 88' lang='lat' dir='ltr'>accessu</span> <span class='ocrx_word' id='word_1_204' title='bbox 583 1687 955 1732; x_wconf 86' lang='lat' dir='ltr'>incrementorum</span> <span class='ocrx_word' id='word_1_205' title='bbox 975 1687 1021 1731; x_wconf 89' lang='lat' dir='ltr'>in</span> <span class='ocrx_word' id='word_1_206' title='bbox 1044 1704 1167 1733; x_wconf 88' lang='lat' dir='ltr'>auras</span> <span class='ocrx_word' id='word_1_207' title='bbox 1186 1699 1448 1749; x_wconf 81' lang='lat' dir='ltr'>eruperunt,</span> 
     </span>
     <span class='ocr_line' id='line_1_23' title="bbox 60 1758 1452 1819; baseline 0.002 -16"><span class='ocrx_word' id='word_1_208' title='bbox 60 1758 180 1819; x_wconf 89' lang='lat' dir='ltr'>quod</span> <span class='ocrx_word' id='word_1_209' title='bbox 211 1773 290 1818; x_wconf 85' lang='lat' dir='ltr'>per</span> <span class='ocrx_word' id='word_1_210' title='bbox 316 1773 459 1802; x_wconf 83' lang='lat' dir='ltr'>moras</span> <span class='ocrx_word' id='word_1_211' title='bbox 489 1767 739 1817; x_wconf 89' lang='lat' dir='ltr'>temporum</span> <span class='ocrx_word' id='word_1_212' title='bbox 772 1774 891 1803; x_wconf 89' lang='lat' dir='ltr'>nunc</span> <span class='ocrx_word' id='word_1_213' title='bbox 920 1759 1014 1803; x_wconf 86' lang='lat' dir='ltr'>fieri</span> <span class='ocrx_word' id='word_1_214' title='bbox 1034 1759 1232 1805; x_wconf 83' lang='lat' dir='ltr'>videmus</span> <span class='ocrx_word' id='word_1_215' title='bbox 1255 1777 1334 1806; x_wconf 88' lang='grc'>5110</span> <span class='ocrx_word' id='word_1_216' title='bbox 1356 1762 1452 1806; x_wconf 85' lang='grc'>6111-</span> 
     </span>
     <span class='ocr_line' id='line_1_24' title="bbox 60 1828 1446 1890; baseline 0.004 -17"><span class='ocrx_word' id='word_1_217' title='bbox 60 1844 146 1890; x_wconf 87' lang='lat' dir='ltr'>que</span> <span class='ocrx_word' id='word_1_218' title='bbox 160 1829 305 1888; x_wconf 84' lang='lat' dir='ltr'>generi</span> <span class='ocrx_word' id='word_1_219' title='bbox 322 1828 606 1874; x_wconf 76' lang='lat' dir='ltr'>distributas?</span> <span class='ocrx_word' id='word_1_220' title='bbox 625 1832 741 1875; x_wconf 85' lang='lat' dir='ltr'>Num</span> <span class='ocrx_word' id='word_1_221' title='bbox 764 1844 867 1888; x_wconf 82' lang='lat' dir='ltr'>ergo</span> <span class='ocrx_word' id='word_1_222' title='bbox 885 1830 1048 1874; x_wconf 89' lang='lat' dir='ltr'>semina</span> <span class='ocrx_word' id='word_1_223' title='bbox 1067 1839 1173 1875; x_wconf 90' lang='lat' dir='ltr'>tunc</span> <span class='ocrx_word' id='word_1_224' title='bbox 1195 1831 1310 1877; x_wconf 88' lang='lat' dir='ltr'>facta</span> <span class='ocrx_word' id='word_1_225' title='bbox 1327 1843 1446 1889; x_wconf 82' lang='lat' dir='ltr'>sunt,</span> 
     </span>
     <span class='ocr_line' id='line_1_25' title="bbox 59 1899 1451 1962; baseline 0.004 -17"><span class='ocrx_word' id='word_1_226' title='bbox 59 1915 162 1945; x_wconf 89' lang='lat' dir='ltr'>cum</span> <span class='ocrx_word' id='word_1_227' title='bbox 189 1899 328 1946; x_wconf 84' lang='lat' dir='ltr'>factus</span> <span class='ocrx_word' id='word_1_228' title='bbox 353 1910 418 1945; x_wconf 89' lang='lat' dir='ltr'>est</span> <span class='ocrx_word' id='word_1_229' title='bbox 438 1900 550 1955; x_wconf 82' lang='lat' dir='ltr'>dies,</span> <span class='ocrx_word' id='word_1_230' title='bbox 576 1909 620 1945; x_wconf 89' lang='lat' dir='ltr'>et</span> <span class='ocrx_word' id='word_1_231' title='bbox 640 1901 686 1944; x_wconf 91' lang='lat' dir='ltr'>in</span> <span class='ocrx_word' id='word_1_232' title='bbox 707 1901 808 1960; x_wconf 88' lang='lat' dir='ltr'>ipsis</span> <span class='ocrx_word' id='word_1_233' title='bbox 834 1910 926 1945; x_wconf 86' lang='lat' dir='ltr'>erat</span> <span class='ocrx_word' id='word_1_234' title='bbox 957 1917 1085 1946; x_wconf 93' lang='lat' dir='ltr'>omne</span> <span class='ocrx_word' id='word_1_235' title='bbox 1111 1902 1251 1948; x_wconf 80' lang='lat' dir='ltr'>viride</span> <span class='ocrx_word' id='word_1_236' title='bbox 1274 1905 1385 1962; x_wconf 82' lang='lat' dir='ltr'>agri,</span> <span class='ocrx_word' id='word_1_237' title='bbox 1407 1914 1451 1950; x_wconf 91' lang='lat' dir='ltr'>et</span> 
     </span>
     <span class='ocr_line' id='line_1_26' title="bbox 60 1970 1451 2034; baseline 0.003 -18"><span class='ocrx_word' id='word_1_238' title='bbox 60 1986 188 2016; x_wconf 87' lang='lat' dir='ltr'>omne</span> <span class='ocrx_word' id='word_1_239' title='bbox 210 1970 403 2027; x_wconf 84' lang='lat' dir='ltr'>foenum,</span> <span class='ocrx_word' id='word_1_240' title='bbox 423 1970 624 2016; x_wconf 88' lang='lat' dir='ltr'>nondum</span> <span class='ocrx_word' id='word_1_241' title='bbox 648 1986 697 2016; x_wconf 88' lang='grc'>63</span> <span class='ocrx_word' id='word_1_242' title='bbox 720 1971 860 2031; x_wconf 83' lang='lat' dir='ltr'>specie</span> <span class='ocrx_word' id='word_1_243' title='bbox 888 1988 975 2032; x_wconf 91' lang='lat' dir='ltr'>qua</span> <span class='ocrx_word' id='word_1_244' title='bbox 1007 1981 1110 2017; x_wconf 90' lang='lat' dir='ltr'>sunt</span> <span class='ocrx_word' id='word_1_245' title='bbox 1137 1989 1268 2034; x_wconf 85' lang='lat' dir='ltr'>super</span> <span class='ocrx_word' id='word_1_246' title='bbox 1289 1983 1451 2020; x_wconf 87' lang='lat' dir='ltr'>terram</span> 
     </span>
     <span class='ocr_line' id='line_1_27' title="bbox 54 2042 1449 2103; baseline 0.004 -17"><span class='ocrx_word' id='word_1_247' title='bbox 54 2043 146 2103; x_wconf 87' lang='lat' dir='ltr'>jam</span> <span class='ocrx_word' id='word_1_248' title='bbox 161 2051 324 2099; x_wconf 81' lang='lat' dir='ltr'>exorta,</span> <span class='ocrx_word' id='word_1_249' title='bbox 342 2042 419 2087; x_wconf 90' lang='lat' dir='ltr'>sed</span> <span class='ocrx_word' id='word_1_250' title='bbox 436 2058 485 2087; x_wconf 92' lang='grc'>63</span> <span class='ocrx_word' id='word_1_251' title='bbox 505 2043 548 2088; x_wconf 90' lang='lat' dir='ltr'>vi</span> <span class='ocrx_word' id='word_1_252' title='bbox 566 2058 653 2103; x_wconf 84' lang='lat' dir='ltr'>qua</span> <span class='ocrx_word' id='word_1_253' title='bbox 671 2052 773 2087; x_wconf 85' lang='lat' dir='ltr'>sun-t</span> <span class='ocrx_word' id='word_1_254' title='bbox 794 2043 840 2086; x_wconf 93' lang='lat' dir='ltr'>in</span> <span class='ocrx_word' id='word_1_255' title='bbox 858 2043 1100 2088; x_wconf 86' lang='lat' dir='ltr'>rationibus</span> <span class='ocrx_word' id='word_1_256' title='bbox 1117 2045 1362 2091; x_wconf 76' lang='lat' dir='ltr'>seminum?</span> <span class='ocrx_word' id='word_1_257' title='bbox 1380 2047 1449 2092; x_wconf 88' lang='lat' dir='ltr'>Se-</span> 
     </span>
     <span class='ocr_line' id='line_1_28' title="bbox 59 2113 1449 2178; baseline 0.004 -21"><span class='ocrx_word' id='word_1_258' title='bbox 59 2113 176 2158; x_wconf 88' lang='lat' dir='ltr'>mina</span> <span class='ocrx_word' id='word_1_259' title='bbox 201 2129 301 2173; x_wconf 84' lang='lat' dir='ltr'>ergo</span> <span class='ocrx_word' id='word_1_260' title='bbox 322 2114 514 2175; x_wconf 90' lang='lat' dir='ltr'>primum</span> <span class='ocrx_word' id='word_1_261' title='bbox 532 2122 645 2158; x_wconf 87' lang='lat' dir='ltr'>terra</span> <span class='ocrx_word' id='word_1_262' title='bbox 666 2114 905 2174; x_wconf 75' lang='lat' dir='ltr'>produxit?</span> <span class='ocrx_word' id='word_1_263' title='bbox 925 2114 1009 2159; x_wconf 88' lang='lat' dir='ltr'>Sed</span> <span class='ocrx_word' id='word_1_264' title='bbox 1031 2131 1119 2160; x_wconf 91' lang='lat' dir='ltr'>non</span> <span class='ocrx_word' id='word_1_265' title='bbox 1142 2116 1201 2161; x_wconf 88' lang='lat' dir='ltr'>ita</span> <span class='ocrx_word' id='word_1_266' title='bbox 1227 2118 1449 2178; x_wconf 87' lang='lat' dir='ltr'>Scriptura</span> 
     </span>
     <span class='ocr_line' id='line_1_29' title="bbox 58 2182 1450 2246; baseline 0.005 -18"><span class='ocrx_word' id='word_1_267' title='bbox 58 2182 348 2246; x_wconf 81' lang='lat' dir='ltr'>loquebatur,</span> <span class='ocrx_word' id='word_1_268' title='bbox 382 2200 484 2230; x_wconf 90' lang='lat' dir='ltr'>cum</span> <span class='ocrx_word' id='word_1_269' title='bbox 515 2184 703 2229; x_wconf 84' lang='lat' dir='ltr'>diceret:</span> <span class='ocrx_word' id='word_1_270' title='bbox 742 2204 762 2227; x_wconf 92' lang='lat'>«</span> <span class='ocrx_word' id='word_1_271' title='bbox 795 2188 853 2230; x_wconf 87' lang='lat' dir='ltr'>Et</span> <span class='ocrx_word' id='word_1_272' title='bbox 884 2185 1092 2245; x_wconf 79' lang='lat' dir='ltr'>produxit</span> <span class='ocrx_word' id='word_1_273' title='bbox 1122 2196 1236 2232; x_wconf 89' lang='lat' dir='ltr'>terra</span> <span class='ocrx_word' id='word_1_274' title='bbox 1267 2189 1450 2235; x_wconf 84' lang='lat' dir='ltr'>herbam</span> 
     </span>
     <span class='ocr_line' id='line_1_30' title="bbox 61 2254 1441 2315; baseline 0.007 -18"><span class='ocrx_word' id='word_1_275' title='bbox 61 2273 82 2297; x_wconf 88' lang='lat'>»</span> <span class='ocrx_word' id='word_1_276' title='bbox 115 2255 290 2315; x_wconf 77' lang='lat' dir='ltr'>pabuli,</span> <span class='ocrx_word' id='word_1_277' title='bbox 314 2255 386 2301; x_wconf 91' lang='lat' dir='ltr'>vel</span> <span class='ocrx_word' id='word_1_278' title='bbox 414 2256 597 2301; x_wconf 87' lang='lat' dir='ltr'>herbam</span> <span class='ocrx_word' id='word_1_279' title='bbox 628 2254 758 2312; x_wconf 77' lang='lat' dir='ltr'>foeni⁷</span> <span class='ocrx_word' id='word_1_280' title='bbox 793 2259 1079 2301; x_wconf 88' lang='lat' dir='ltr'>seminantem</span> <span class='ocrx_word' id='word_1_281' title='bbox 1110 2273 1257 2303; x_wconf 88' lang='lat' dir='ltr'>semen</span> <span class='ocrx_word' id='word_1_282' title='bbox 1281 2275 1441 2306; x_wconf 86' lang='lat' dir='ltr'>secun-</span> 
     </span>
     <span class='ocr_line' id='line_1_31' title="bbox 63 2325 1444 2390; baseline 0.006 -21"><span class='ocrx_word' id='word_1_283' title='bbox 63 2343 85 2368; x_wconf 82' lang='lat'>»</span> <span class='ocrx_word' id='word_1_284' title='bbox 118 2325 226 2370; x_wconf 91' lang='lat' dir='ltr'>dum</span> <span class='ocrx_word' id='word_1_285' title='bbox 264 2342 422 2386; x_wconf 79' lang='lat' dir='ltr'>genus,</span> <span class='ocrx_word' id='word_1_286' title='bbox 457 2336 500 2371; x_wconf 93' lang='lat' dir='ltr'>et</span> <span class='ocrx_word' id='word_1_287' title='bbox 530 2326 773 2371; x_wconf 88' lang='lat' dir='ltr'>secundum</span> <span class='ocrx_word' id='word_1_288' title='bbox 810 2327 1136 2373; x_wconf 84' lang='lat' dir='ltr'>similitudinem</span> <span class='ocrx_word' id='word_1_289' title='bbox 1155 2351 1166 2388; x_wconf 81' lang='lat'><em>3</em></span> <span class='ocrx_word' id='word_1_290' title='bbox 1202 2340 1245 2375; x_wconf 88' lang='lat' dir='ltr'>et</span> <span class='ocrx_word' id='word_1_291' title='bbox 1275 2330 1444 2390; x_wconf 83' lang='lat' dir='ltr'>lignum</span> 
     </span>
     <span class='ocr_line' id='line_1_32' title="bbox 63 2395 1446 2460; baseline 0.007 -23"><span class='ocrx_word' id='word_1_292' title='bbox 63 2414 83 2438; x_wconf 90' lang='lat'>»</span> <span class='ocrx_word' id='word_1_293' title='bbox 118 2395 393 2442; x_wconf 85' lang='lat' dir='ltr'>fructuosum</span> <span class='ocrx_word' id='word_1_294' title='bbox 423 2396 583 2443; x_wconf 86' lang='lat' dir='ltr'>faciens</span> <span class='ocrx_word' id='word_1_295' title='bbox 610 2395 827 2454; x_wconf 76' lang='lat' dir='ltr'>fructum,</span> <span class='ocrx_word' id='word_1_296' title='bbox 849 2400 972 2460; x_wconf 86' lang='lat' dir='ltr'>cujus</span> <span class='ocrx_word' id='word_1_297' title='bbox 1004 2415 1151 2444; x_wconf 87' lang='lat' dir='ltr'>semen</span> <span class='ocrx_word' id='word_1_298' title='bbox 1183 2417 1311 2447; x_wconf 89' lang='lat' dir='ltr'>suum</span> <span class='ocrx_word' id='word_1_299' title='bbox 1335 2405 1380 2449; x_wconf 88' lang='lat' dir='ltr'>in</span> <span class='ocrx_word' id='word_1_300' title='bbox 1402 2419 1446 2448; x_wconf 89' lang='lat' dir='ltr'>se</span> 
     </span>
     <span class='ocr_line' id='line_1_33' title="bbox 63 2468 1448 2533; baseline 0.006 -22"><span class='ocrx_word' id='word_1_301' title='bbox 63 2485 86 2510; x_wconf 74' lang='lat'>&gt;1</span> <span class='ocrx_word' id='word_1_302' title='bbox 119 2468 362 2513; x_wconf 88' lang='lat' dir='ltr'>secundum</span> <span class='ocrx_word' id='word_1_303' title='bbox 383 2484 518 2529; x_wconf 87' lang='lat' dir='ltr'>genus</span> <span class='ocrx_word' id='word_1_304' title='bbox 540 2484 670 2529; x_wconf 88' lang='lat' dir='ltr'>super</span> <span class='ocrx_word' id='word_1_305' title='bbox 691 2478 865 2514; x_wconf 85' lang='lat' dir='ltr'>terram.</span> <span class='ocrx_word' id='word_1_306' title='bbox 889 2488 909 2511; x_wconf 92' lang='lat'>»</span> <span class='ocrx_word' id='word_1_307' title='bbox 928 2471 1003 2515; x_wconf 87' lang='lat' dir='ltr'>His</span> <span class='ocrx_word' id='word_1_308' title='bbox 1018 2471 1134 2516; x_wconf 92' lang='lat' dir='ltr'>enim</span> <span class='ocrx_word' id='word_1_309' title='bbox 1154 2473 1296 2518; x_wconf 85' lang='lat' dir='ltr'>verbis</span> <span class='ocrx_word' id='word_1_310' title='bbox 1312 2475 1448 2533; x_wconf 84' lang='lat' dir='ltr'>magis</span> 
     </span>
     <span class='ocr_line' id='line_1_34' title="bbox 61 2539 1445 2602; baseline 0.005 -19"><span class='ocrx_word' id='word_1_311' title='bbox 61 2548 238 2599; x_wconf 80' lang='lat' dir='ltr'>apparet</span> <span class='ocrx_word' id='word_1_312' title='bbox 263 2539 428 2585; x_wconf 85' lang='lat' dir='ltr'>semina</span> <span class='ocrx_word' id='word_1_313' title='bbox 456 2555 547 2585; x_wconf 87' lang='lat' dir='ltr'>esse</span> <span class='ocrx_word' id='word_1_314' title='bbox 573 2549 667 2585; x_wconf 86' lang='lat' dir='ltr'>orta</span> <span class='ocrx_word' id='word_1_315' title='bbox 689 2555 740 2584; x_wconf 86' lang='lat' dir='ltr'>ex</span> <span class='ocrx_word' id='word_1_316' title='bbox 761 2539 908 2586; x_wconf 86' lang='lat' dir='ltr'>herbis</span> <span class='ocrx_word' id='word_1_317' title='bbox 937 2550 980 2586; x_wconf 91' lang='lat' dir='ltr'>et</span> <span class='ocrx_word' id='word_1_318' title='bbox 1006 2540 1161 2602; x_wconf 83' lang='lat' dir='ltr'>lignis;</span> <span class='ocrx_word' id='word_1_319' title='bbox 1187 2559 1276 2588; x_wconf 93' lang='lat' dir='ltr'>non</span> <span class='ocrx_word' id='word_1_320' title='bbox 1297 2554 1445 2590; x_wconf 86' lang='lat' dir='ltr'>autem</span> 
     </span>
     <span class='ocr_line' id='line_1_35' title="bbox 1191 2616 1256 2655; baseline 0.031 -2"><span class='ocrx_word' id='word_1_321' title='bbox 1191 2616 1256 2655; x_wconf 75' lang='lat'>20.</span> 
     </span>
    </p>
   </div>
  </div>
 </body>
</html>
