1854 3219
402 200 453 239 58
841 207 874 236 s.
902 207 1132 236 Aneusruu
1155 207 1338 236 131‘1scor1

399 363 437 378 Μ
441 362 505 378 §m
512 362 577 378 ὶνΙΑ
583 361 650 377 xvv}
654 361 863 377 ummwtm
867 359 1789 378 Wn‘lm'mwwwwmflmmwmwmm

930 483 1148 533 CAPUT
1191 485 1282 532 VI.

537 629 575 677 S
581 631 984 692 apz'entz'czjzcncta
1001 644 1111 675 cum
1128 628 1403 688 eloquentia
1425 628 1475 675 in
1497 630 1654 675 sacris

944 699 1235 748 auctoribus.

459 839 538 883 IX.
566 840 646 883 H1c
666 836 822 899 aliquis
844 835 1026 883 forsitan
1053 837 1212 898 quaerit
1233 845 1384 882 utrum
1408 844 1607 882 auctores
1631 835 1791 892 nostri,

401 925 592 972 quorum
615 910 772 970 scripta
799 908 1007 954 divinitus
1036 908 1244 969 inspirata
1273 923 1489 954 canonem
1516 907 1644 952 nobis
1673 906 1792 952 salu-

400 981 588 1026 berrima
605 981 865 1027 auctoritate
888 980 1087 1026 fecerunt
1101 1015 1113 1036 ,
1145 980 1360 1040 sapientes
1380 978 1713 1035 tantummodo,
1737 993 1794 1024 an

398 1052 653 1114 eloquentes
676 1052 808 1097 etiam
830 1051 1119 1112 nuncupandi
1145 1052 1246 1098 sint.
1275 1054 1385 1106 Quae
1406 1049 1587 1112 quidem
1609 1051 1794 1111 quaestio

398 1125 516 1184 apud
538 1140 608 1169 me
630 1125 796 1184 ipsum,
821 1133 864 1168 et
886 1122 1004 1183 apud
1029 1138 1118 1179 eos,
1135 1123 1213 1183 qui
1234 1138 1408 1167 mecum
1425 1120 1548 1183 quod
1571 1120 1670 1166 dico
1693 1137 1793 1167 sen-

399 1196 539 1251 tiunt,
558 1195 763 1241 facillime
780 1195 977 1240 solvitur.
998 1197 1109 1240 Nam
1126 1195 1205 1238 uhi
1219 1210 1291 1239 eos
1306 1193 1525 1253 intelligo,
1543 1209 1635 1238 non
1653 1193 1794 1239 solum

398 1265 509 1310 nihil
543 1267 603 1311 eis
640 1266 902 1326 sapientius,
927 1266 1215 1310 verumetiam
1243 1265 1353 1310 nihil
1384 1265 1660 1326 eloquentius
1685 1265 1794 1309 mihi

397 1336 535 1382 videri
564 1346 723 1398 potest.
750 1341 808 1382 Et
830 1336 972 1381 audeo
1005 1336 1151 1381 dicere
1174 1352 1347 1392 omnes,
1372 1337 1448 1396 qui
1478 1345 1594 1380 recte
1629 1335 1793 1380 intelli-

398 1418 507 1468 gunt
529 1408 651 1469 quod
673 1407 736 1452 illi
760 1407 1022 1468 loquuntur,
1048 1407 1176 1452 simul
1198 1406 1442 1466 intelligere
1465 1422 1556 1451 non
1577 1422 1649 1451 eos
1671 1406 1794 1451 aliter

396 1480 519 1541 loqui
556 1479 775 1524 debuisse.
809 1480 929 1524 Sicut
953 1488 1015 1523 est
1048 1479 1164 1523 enim
1187 1477 1391 1539 quaedam
1418 1477 1670 1538 eloquentia
1695 1494 1795 1539 quae

396 1553 532 1611 magis
546 1560 718 1596 aetatem
726 1550 967 1610 juvenilem
979 1549 1120 1606 decet,
1133 1559 1196 1595 est
1209 1566 1308 1611 quae
1323 1550 1500 1594 senilem
1514 1571 1525 1608 ς
1540 1566 1620 1595 nec
1628 1551 1719 1611 jam
1731 1550 1794 1594 di-

396 1622 536 1668 cenda
555 1631 619 1667 est
636 1622 904 1683 eloquentia,
921 1623 954 1666 si
972 1637 1168 1683 personae
1183 1637 1274 1666 non
1291 1631 1504 1680 congruat
1520 1621 1764 1682 eloquentis
1781 1640 1790 1667 :

396 1697 456 1740 ita
479 1705 542 1740 est
559 1695 785 1757 quaedam,
802 1711 902 1756 quae
922 1695 1036 1740 viros
1049 1710 1219 1740 summa
1241 1694 1499 1739 auctoritate
1522 1694 1794 1754 dignissimos

396 1767 615 1828 planeque
647 1767 817 1812 divinos
850 1767 991 1812 decet.
1025 1769 1116 1811 Hac
1143 1766 1206 1810 illi
1238 1766 1376 1812 locuti
1407 1776 1535 1822 sunt,
1568 1781 1649 1811 nec
1679 1767 1794 1826 ipsos

398 1838 524 1884 decet.
539 1838 619 1883 alia
633 1874 643 1894 ‚
659 1854 740 1883 nee
758 1837 864 1883 alios
887 1839 978 1898 ipsa
997 1858 1006 1884 :
1024 1839 1124 1898 ipsis
1143 1839 1259 1882 enim
1277 1838 1500 1896 congruit,
1517 1838 1624 1883 alios
1646 1847 1793 1883 autem

397 1920 565 1971 quanto
585 1911 759 1955 videtur
781 1908 1005 1964 humilior,
1025 1919 1149 1954 tanto
1163 1909 1292 1953 altius
1307 1925 1397 1954 non
1419 1910 1701 1966 ventositate,
1718 1910 1793 1955 sed

397 1979 613 2024 soliditate
635 1979 917 2024 transcendit.
957 1980 1042 2024 Ubi
1063 1995 1167 2025 vero
1191 1996 1281 2025 non
1304 1996 1376 2025 eos
1398 1981 1598 2041 intelligo
1612 2018 1622 2037 ‚
1647 1982 1793 2028 minus

398 2051 577 2112 quidem
599 2051 706 2095 mihi
731 2061 912 2112 apparet
933 2067 1085 2097 eorum
1109 2051 1359 2113 eloquentia
1376 2088 1387 2108 ,
1418 2051 1495 2097 sed
1524 2068 1619 2097 eam
1645 2063 1794 2098 tamen

396 2138 487 2166 non
508 2121 664 2167 dubito
686 2138 775 2167 esse
793 2121 925 2166 talem
941 2157 952 2178 ‚
979 2122 1118 2184 qualis
1140 2132 1204 2168 est
1227 2123 1305 2167 ubi
1321 2122 1533 2181 intelligo.
1561 2126 1659 2183 Ipsa
1679 2140 1793 2185 quo-

396 2209 482 2255 que
502 2195 743 2240 obscuritas
763 2195 1014 2240 divinorum
1031 2195 1361 2256 salubriumque
1381 2194 1600 2240 dictorum
1614 2196 1689 2240 tali
1707 2197 1794 2242 elo-

397 2267 589 2326 quentiae
612 2267 832 2312 miscenda
865 2267 1035 2323 fuerat,
1061 2269 1107 2312 in
1135 2284 1221 2329 qua
1248 2269 1459 2328 proficere
1492 2277 1640 2313 noster
1662 2268 1793 2314 intel-

397 2335 560 2392 lectus,
588 2353 678 2381 non
700 2336 841 2382 solum
864 2339 1117 2383 inventione
1133 2374 1144 2395 ,
1169 2339 1455 2384 verumetiam
1482 2340 1792 2386 exercitatione

395 2408 591 2452 deberet.

454 2481 509 2522 X.
538 2483 710 2524 Possem
736 2480 914 2540 quidem
931 2516 941 2535 ‚
973 2481 1006 2525 si
1034 2490 1232 2537 vacaret,
1269 2497 1418 2526 omnes
1446 2483 1628 2527 virtutes
1650 2492 1695 2527 et
1716 2498 1790 2528 or-

394 2559 596 2594 namenta
616 2550 877 2609 eloquentiae
889 2587 898 2605 ‚
916 2550 1144 2610 dequibus
1161 2553 1371 2598 inflantur
1388 2553 1478 2608 isti,
1496 2554 1572 2613 qui
1586 2554 1780 2611 linguam
