1854 3219
346 226 400 253 nn
431 225 581 254 GENsss1
613 222 668 252 An
700 224 941 264 ΜΤΤΕΠΑΜ,
977 225 1059 252 Lm.
1096 226 1143 251 11.
1346 213 1428 251 199

109 292 236 335 XIII.
270 293 368 337 Non
401 305 503 349 ergo
530 293 644 334 Deus
671 290 798 335 toties
831 290 937 335 dixit
959 311 968 335 z
1010 290 1144 334 «Fiat
1172 289 1247 333 illa
1271 288 1342 334 vel
1364 288 1437 334 illa

53 379 74 403 »
108 370 304 406 creatura
321 361 488 422 quoties
511 360 647 404 inhoc
673 358 786 404 libro
801 361 1032 420 repetitur:
1054 358 1261 404 «Etdixit
1272 362 1432 404 Deus.»

51 433 197 477 Unum
226 432 389 492 quippe
416 431 612 476 Verbum
641 429 714 474 ille
742 431 916 489 genuit,
947 432 991 475 in
1015 447 1102 492 quo
1128 430 1235 475 dixit
1261 430 1434 487 omnia,

47 503 168 564 prius
184 519 316 564 quam
337 501 452 548 facta
481 511 585 547 sunt
614 501 808 561 singula:
839 502 916 547 sed
955 501 1179 564 eloquium
1214 502 1440 547 scribentis

49 573 317 622 descendens
352 574 408 620 ad
439 572 720 634 parvulorum
755 573 1061 634 capacitatem,
1102 573 1210 617 dum
1246 572 1442 619 insinuat

47 644 296 705 singulatim
318 660 475 705 genera
494 654 791 690 creaturarum
802 681 813 701 ,
828 660 905 705 per
922 644 1093 705 singula
1105 644 1280 705 respicit
1292 644 1442 689 unius-

47 718 259 777 cujusque
282 717 449 776 generis
461 726 668 762 aeternam
690 717 903 762 rationem
919 716 966 760 in
982 716 1129 761 Verbo
1146 716 1250 761 Dei:
1268 731 1348 760 nec
1365 715 1440 761 illa

46 788 250 847 repetita,
270 786 343 832 ille
360 796 507 832 tamen
523 787 702 849 repetit,
731 790 822 832 «Et
839 786 947 832 dixit
963 790 1093 832 Deus.
1111 805 1131 829 ³>
1152 787 1195 832 Si
1215 786 1332 832 enim
1347 785 1443 832 vel-

44 857 106 903 let
117 857 237 918 prius
249 857 416 904 dicere:
439 877 459 902 «
474 862 659 903 Factum
672 867 736 903 est
744 858 1068 903 firmamentum
1081 859 1127 903 in
1141 857 1285 903 medio
1303 874 1443 919 aqua-

48 948 70 972 »
105 946 204 975 rum
213 965 225 987 2
255 938 306 975 ut
326 939 438 975 esset
463 930 616 976 divisio
644 931 758 975 inter
780 946 939 991 aquam
961 939 1005 975 et
1027 946 1210 992 aquam3
1237 948 1257 972 »
1283 930 1317 974 si
1344 931 1441 991 quis

45 1001 100 1046 ab
113 1016 166 1046 eo
179 1011 411 1063 quaereret,
421 1001 644 1062 quomodo
661 1001 826 1046 factum
840 1011 949 1046 esset
959 1037 970 1057 ,
992 1011 1108 1046 recte
1125 1000 1409 1061 responderet
1425 1020 1435 1047 ε

48 1092 70 1116 «
103 1072 218 1118 Dixit
238 1076 378 1119 Deus:
405 1072 503 1118 Fiat
524 1091 568 1120 ς»
585 1073 632 1118 id
649 1083 734 1130 est,
754 1074 800 1118 in
819 1073 966 1119 Verbo
989 1073 1067 1118 Dei
1089 1081 1254 1117 aeterno
1276 1082 1370 1117 erat
1390 1081 1441 1119 ut

42 1144 181 1188 fieret.
212 1143 322 1189 Inde
346 1159 449 1203 ergo
477 1144 630 1205 incipit
662 1161 838 1190 narrare
871 1143 1225 1205 unumquodque
1251 1141 1440 1200 factum,

42 1214 165 1277 quod
197 1215 328 1260 etiam
355 1225 453 1276 post
486 1214 590 1261 sacti
615 1218 935 1273 narrationem,
973 1216 1189 1278 quaerenti
1221 1215 1447 1277 quomodo

42 1285 208 1332 factum
231 1287 310 1342 sit,
336 1287 383 1330 in
399 1285 622 1332 reddenda
644 1288 811 1333 ratione
829 1289 1091 1348 respondere
1109 1287 1306 1332 deberet.

110 1359 230 1401 XIV.
266 1358 380 1402 Cum
401 1372 504 1416 ergo
524 1357 726 1403 audimus
756 1378 764 1404 :
809 1378 829 1402 «
862 1362 919 1404 Et
947 1358 1056 1403 dixit
1089 1361 1205 1404 Deus
1234 1377 1243 1402 z
1270 1357 1367 1402 Fiat
1387 1378 1398 1415 3
1416 1375 1439 1401 »

41 1427 322 1487 intelligimus
354 1428 476 1489 quod
501 1428 548 1472 in
581 1430 728 1475 Verbo
751 1432 829 1475 Dei
850 1440 943 1475 erat
963 1440 1013 1475 ut
1034 1431 1173 1474 fieret.
1204 1431 1317 1475 Cum
1339 1445 1443 1474 vero

41 1499 264 1546 audimus:
279 1502 367 1544 «Et
386 1499 446 1544 sic
460 1508 524 1544 est
542 1498 708 1545 factum
727 1521 738 1559 3
756 1501 1070 1560 »intelligimus
1090 1500 1249 1546 factam
1271 1510 1442 1545 creatu-

41 1587 133 1616 ram
155 1586 247 1616 non
268 1571 491 1616 excessisse
511 1573 785 1633 praescriptos
805 1573 852 1617 in
869 1574 1016 1618 Verbo
1032 1572 1111 1618 Dei
1131 1572 1340 1617 terminos
1364 1588 1439 1632 ge-

41 1644 154 1689 neris
171 1644 252 1689 sui.
276 1646 390 1690 Cum
407 1660 510 1690 vero
532 1645 759 1691 audimus:
782 1648 871 1690 «Et
886 1645 996 1691 vidit
1018 1648 1134 1690 Deus
1155 1644 1257 1705 quia
1274 1644 1444 1689 bonum

43 1733 65 1757 »
90 1724 155 1760 est
171 1737 182 1775 3
199 1733 219 1757 »
244 1715 527 1776 intelligimus
547 1716 594 1761 in
611 1716 878 1775 benignitate
894 1716 1080 1777 Spiritus
1102 1718 1194 1776 ejus
1208 1732 1299 1760 non
1317 1716 1442 1777 quasi

40 1787 263 1845 cognitum
286 1796 570 1848 posteaquam
606 1787 770 1832 sactum
789 1797 852 1832 est
873 1788 1104 1848 placuisse,
1131 1787 1207 1832 sed
1229 1788 1373 1847 potius
1394 1788 1440 1831 in

40 1873 90 1902 ea
112 1858 308 1903 bonitate
328 1856 540 1919 placuisse
562 1867 612 1903 ut
633 1868 831 1904 maneret
852 1858 1019 1904 factum
1033 1895 1044 1916 ‚
1068 1859 1147 1904 ubi
1171 1859 1374 1919 placebat
1392 1866 1444 1903 ut

39 1929 177 1974 fieret.

39 2074 1322 2094 mmmmmmmmmmmmmmmxmmm
1326 2076 1395 2093 Νυνὶ
1403 2076 1431 2093 Μ

547 2207 764 2257 CAPUT
799 2210 910 2257 VII.

568 2352 646 2398 De
663 2350 834 2399 eadem
851 2370 916 2399 re.

98 2487 196 2531 XV.
245 2489 306 2532 Ac
337 2502 416 2548 per
446 2487 532 2533 hoc
561 2498 709 2535 manet
737 2490 880 2535 adhuc
901 2505 1029 2536 causa
1050 2490 1321 2552 requirendi,
1345 2506 1423 2536 cur

40 2567 322 2620 posteaquam
338 2558 444 2604 dixit
463 2579 472 2605 :
492 2562 586 2605 «Et
605 2559 664 2604 sic
681 2560 847 2606 factum
860 2571 973 2617 est‚»
989 2562 1067 2607 ubi
1088 2561 1297 2622 perfectio
1317 2577 1425 2622 ope-
