<?xml version="1.0" encoding="UTF-8"?>
<!DOCTYPE html PUBLIC "-//W3C//DTD XHTML 1.0 Transitional//EN"
    "http://www.w3.org/TR/xhtml1/DTD/xhtml1-transitional.dtd">
<html xmlns="http://www.w3.org/1999/xhtml" xml:lang="en" lang="en">
 <head>
  <title>
</title>
<meta http-equiv="Content-Type" content="text/html;charset=utf-8" />
  <meta name='ocr-system' content='tesseract 3.04.00' />
  <meta name='ocr-capabilities' content='ocr_page ocr_carea ocr_par ocr_line ocrx_word'/>
</head>
<body>
  <div class='ocr_page' id='page_1' title='image "./operaomniaaccura05auguuoft_0151.png"; bbox 0 0 1854 3219; ppageno 0'>
   <div class='ocr_carea' id='block_1_1' title="bbox 203 191 1414 242">
    <p class='ocr_par' dir='ltr' id='par_1_1' title="bbox 203 191 1414 242">
     <span class='ocr_line' id='line_1_1' title="bbox 203 191 1414 242; baseline -0.002 -11"><span class='ocrx_word' id='word_1_1' title='bbox 203 203 257 231; x_wconf 77' lang='lat' dir='ltr'>DE</span> <span class='ocrx_word' id='word_1_2' title='bbox 289 203 439 231; x_wconf 78' lang='lat' dir='ltr'><strong>GENESI</strong></span> <span class='ocrx_word' id='word_1_3' title='bbox 472 201 526 229; x_wconf 75' lang='lat' dir='ltr'>An</span> <span class='ocrx_word' id='word_1_4' title='bbox 558 199 797 242; x_wconf 65' lang='lat' dir='ltr'><strong>mmmm,</strong></span> <span class='ocrx_word' id='word_1_5' title='bbox 832 204 1122 231; x_wconf 67' lang='lat' dir='ltr'><strong>IMPEm-“ECTUS</strong></span> <span class='ocrx_word' id='word_1_6' title='bbox 1154 203 1236 230; x_wconf 76' lang='lat' dir='ltr'>Lm.</span> <span class='ocrx_word' id='word_1_7' title='bbox 1335 191 1414 230; x_wconf 85' lang='lat'>137</span> 
     </span>
    </p>
   </div>
   <div class='ocr_carea' id='block_1_2' title="bbox 30 266 1419 1954">
    <p class='ocr_par' dir='ltr' id='par_1_2' title="bbox 30 266 1419 1954">
     <span class='ocr_line' id='line_1_2' title="bbox 39 266 1415 325; baseline -0.001 -13"><span class='ocrx_word' id='word_1_8' title='bbox 39 269 197 312; x_wconf 87' lang='lat' dir='ltr'>iterum</span> <span class='ocrx_word' id='word_1_9' title='bbox 213 267 323 312; x_wconf 82' lang='lat' dir='ltr'><strong>dixit</strong></span> <span class='ocrx_word' id='word_1_10' title='bbox 337 271 471 322; x_wconf 89' lang='lat' dir='ltr'>Deus,</span> <span class='ocrx_word' id='word_1_11' title='bbox 502 285 522 310; x_wconf 93' lang='lat'>«</span> <span class='ocrx_word' id='word_1_12' title='bbox 544 269 600 312; x_wconf 85' lang='lat' dir='ltr'>Ut</span> <span class='ocrx_word' id='word_1_13' title='bbox 621 275 734 311; x_wconf 84' lang='lat' dir='ltr'>terra</span> <span class='ocrx_word' id='word_1_14' title='bbox 754 267 1030 325; x_wconf 78' lang='lat' dir='ltr'>germinaret3</span> <span class='ocrx_word' id='word_1_15' title='bbox 1050 285 1070 308; x_wconf 86' lang='lat'>»</span> <span class='ocrx_word' id='word_1_16' title='bbox 1092 267 1305 311; x_wconf 83' lang='lat' dir='ltr'>etiterum</span> <span class='ocrx_word' id='word_1_17' title='bbox 1321 266 1415 311; x_wconf 90' lang='lat' dir='ltr'>dic-</span> 
     </span>
     <span class='ocr_line' id='line_1_3' title="bbox 37 336 1418 397; baseline -0.002 -13"><span class='ocrx_word' id='word_1_18' title='bbox 37 347 133 384; x_wconf 87' lang='lat' dir='ltr'>tum</span> <span class='ocrx_word' id='word_1_19' title='bbox 155 347 239 393; x_wconf 87' lang='lat' dir='ltr'>est,</span> <span class='ocrx_word' id='word_1_20' title='bbox 273 356 294 380; x_wconf 90' lang='lat'>«</span> <span class='ocrx_word' id='word_1_21' title='bbox 317 340 374 382; x_wconf 85' lang='lat' dir='ltr'>Et</span> <span class='ocrx_word' id='word_1_22' title='bbox 395 337 454 382; x_wconf 90' lang='lat' dir='ltr'>sic</span> <span class='ocrx_word' id='word_1_23' title='bbox 485 336 651 382; x_wconf 85' lang='lat' dir='ltr'>factum</span> <span class='ocrx_word' id='word_1_24' title='bbox 673 346 757 394; x_wconf 79' lang='lat' dir='ltr'>est3</span> <span class='ocrx_word' id='word_1_25' title='bbox 786 355 806 379; x_wconf 86' lang='lat'>»</span> <span class='ocrx_word' id='word_1_26' title='bbox 832 337 990 382; x_wconf 88' lang='lat' dir='ltr'>deinde</span> <span class='ocrx_word' id='word_1_27' title='bbox 1012 337 1254 382; x_wconf 87' lang='lat' dir='ltr'>secundum</span> <span class='ocrx_word' id='word_1_28' title='bbox 1287 353 1418 397; x_wconf 85' lang='lat' dir='ltr'>supe·-</span> 
     </span>
     <span class='ocr_line' id='line_1_4' title="bbox 37 406 1418 469; baseline 0 -16"><span class='ocrx_word' id='word_1_29' title='bbox 37 410 196 454; x_wconf 86' lang='lat' dir='ltr'>riorem</span> <span class='ocrx_word' id='word_1_30' title='bbox 217 407 440 468; x_wconf 82' lang='lat' dir='ltr'>regulam,</span> <span class='ocrx_word' id='word_1_31' title='bbox 465 418 697 469; x_wconf 86' lang='lat' dir='ltr'>postquam</span> <span class='ocrx_word' id='word_1_32' title='bbox 734 408 902 453; x_wconf 87' lang='lat' dir='ltr'>dictum</span> <span class='ocrx_word' id='word_1_33' title='bbox 924 419 986 453; x_wconf 84' lang='lat' dir='ltr'>est</span> <span class='ocrx_word' id='word_1_34' title='bbox 1006 429 1014 454; x_wconf 88' lang='lat'>:</span> <span class='ocrx_word' id='word_1_35' title='bbox 1052 429 1072 451; x_wconf 89' lang='lat'>«</span> <span class='ocrx_word' id='word_1_36' title='bbox 1097 411 1154 453; x_wconf 92' lang='lat' dir='ltr'>Et</span> <span class='ocrx_word' id='word_1_37' title='bbox 1175 409 1232 452; x_wconf 89' lang='lat' dir='ltr'>sic</span> <span class='ocrx_word' id='word_1_38' title='bbox 1254 406 1418 453; x_wconf 86' lang='lat' dir='ltr'>factum</span> 
     </span>
     <span class='ocr_line' id='line_1_5' title="bbox 39 480 1418 541; baseline 0.002 -19"><span class='ocrx_word' id='word_1_39' title='bbox 39 499 61 522; x_wconf 87' lang='lat'>»</span> <span class='ocrx_word' id='word_1_40' title='bbox 96 490 181 536; x_wconf 80' lang='lat' dir='ltr'>est,</span> <span class='ocrx_word' id='word_1_41' title='bbox 201 498 222 522; x_wconf 85' lang='lat'>»</span> <span class='ocrx_word' id='word_1_42' title='bbox 247 480 528 541; x_wconf 85' lang='lat' dir='ltr'>subjungitur</span> <span class='ocrx_word' id='word_1_43' title='bbox 543 481 633 541; x_wconf 87' lang='lat' dir='ltr'>ipsa</span> <span class='ocrx_word' id='word_1_44' title='bbox 657 481 876 536; x_wconf 77' lang='lat' dir='ltr'>executio,</span> <span class='ocrx_word' id='word_1_45' title='bbox 905 500 925 523; x_wconf 88' lang='lat'>«</span> <span class='ocrx_word' id='word_1_46' title='bbox 950 483 1007 525; x_wconf 91' lang='lat' dir='ltr'>Et</span> <span class='ocrx_word' id='word_1_47' title='bbox 1024 480 1145 524; x_wconf 89' lang='lat' dir='ltr'>dedit</span> <span class='ocrx_word' id='word_1_48' title='bbox 1181 489 1291 525; x_wconf 86' lang='lat' dir='ltr'>terra</span> <span class='ocrx_word' id='word_1_49' title='bbox 1314 481 1418 525; x_wconf 84' lang='lat' dir='ltr'>her-</span> 
     </span>
     <span class='ocr_line' id='line_1_6' title="bbox 40 549 1418 611; baseline 0.001 -19"><span class='ocrx_word' id='word_1_50' title='bbox 40 569 62 592; x_wconf 85' lang='lat'>»</span> <span class='ocrx_word' id='word_1_51' title='bbox 96 551 198 595; x_wconf 88' lang='lat' dir='ltr'>bam</span> <span class='ocrx_word' id='word_1_52' title='bbox 220 550 392 611; x_wconf 87' lang='lat' dir='ltr'>pabuli,</span> <span class='ocrx_word' id='word_1_53' title='bbox 419 549 630 596; x_wconf 85' lang='lat' dir='ltr'>ferentem</span> <span class='ocrx_word' id='word_1_54' title='bbox 653 566 799 595; x_wconf 89' lang='lat' dir='ltr'>semen</span> <span class='ocrx_word' id='word_1_55' title='bbox 828 550 1070 595; x_wconf 86' lang='lat' dir='ltr'>secundum</span> <span class='ocrx_word' id='word_1_56' title='bbox 1104 566 1240 609; x_wconf 84' lang='lat' dir='ltr'>genus</span> <span class='ocrx_word' id='word_1_57' title='bbox 1261 566 1418 609; x_wconf 82' lang='lat' dir='ltr'>suum3</span> 
     </span>
     <span class='ocr_line' id='line_1_7' title="bbox 39 619 1419 683; baseline 0.002 -21"><span class='ocrx_word' id='word_1_58' title='bbox 39 639 60 663; x_wconf 88' lang='lat'>»</span> <span class='ocrx_word' id='word_1_59' title='bbox 95 630 138 666; x_wconf 93' lang='lat' dir='ltr'>et</span> <span class='ocrx_word' id='word_1_60' title='bbox 158 621 328 681; x_wconf 87' lang='lat' dir='ltr'>lignum</span> <span class='ocrx_word' id='word_1_61' title='bbox 350 619 625 666; x_wconf 86' lang='lat' dir='ltr'>fructiferum</span> <span class='ocrx_word' id='word_1_62' title='bbox 638 621 799 666; x_wconf 89' lang='lat' dir='ltr'>faciens</span> <span class='ocrx_word' id='word_1_63' title='bbox 820 623 1011 666; x_wconf 77' lang='lat' dir='ltr'>fructum</span> <span class='ocrx_word' id='word_1_64' title='bbox 1029 658 1039 676; x_wconf 79' lang='grc'><strong><em>,</em></strong></span> <span class='ocrx_word' id='word_1_65' title='bbox 1063 623 1186 683; x_wconf 84' lang='lat' dir='ltr'>cujus</span> <span class='ocrx_word' id='word_1_66' title='bbox 1211 637 1356 665; x_wconf 89' lang='lat' dir='ltr'>semen</span> <span class='ocrx_word' id='word_1_67' title='bbox 1374 622 1419 666; x_wconf 90' lang='lat' dir='ltr'>in</span> 
     </span>
     <span class='ocr_line' id='line_1_8' title="bbox 38 692 1414 739; baseline 0.001 -3"><span class='ocrx_word' id='word_1_68' title='bbox 38 710 60 735; x_wconf 89' lang='lat'>»</span> <span class='ocrx_word' id='word_1_69' title='bbox 93 709 137 737; x_wconf 90' lang='lat' dir='ltr'>se</span> <span class='ocrx_word' id='word_1_70' title='bbox 168 692 410 737; x_wconf 89' lang='lat' dir='ltr'>secundum</span> <span class='ocrx_word' id='word_1_71' title='bbox 443 709 565 739; x_wconf 89' lang='lat' dir='ltr'>suam</span> <span class='ocrx_word' id='word_1_72' title='bbox 601 692 946 738; x_wconf 87' lang='lat' dir='ltr'>similitudinem.</span> <span class='ocrx_word' id='word_1_73' title='bbox 976 711 996 734; x_wconf 84' lang='lat'>»</span> <span class='ocrx_word' id='word_1_74' title='bbox 1030 696 1088 738; x_wconf 88' lang='lat' dir='ltr'>Et</span> <span class='ocrx_word' id='word_1_75' title='bbox 1110 694 1267 737; x_wconf 88' lang='lat' dir='ltr'>iterum</span> <span class='ocrx_word' id='word_1_76' title='bbox 1289 693 1414 737; x_wconf 89' lang='lat' dir='ltr'>dicit:</span> 
     </span>
     <span class='ocr_line' id='line_1_9' title="bbox 39 762 1419 824; baseline 0.001 -19"><span class='ocrx_word' id='word_1_77' title='bbox 39 783 60 806; x_wconf 94' lang='lat'>«</span> <span class='ocrx_word' id='word_1_78' title='bbox 94 763 215 807; x_wconf 87' lang='lat' dir='ltr'><strong>Vidit</strong></span> <span class='ocrx_word' id='word_1_79' title='bbox 241 767 354 808; x_wconf 90' lang='lat' dir='ltr'>Deus</span> <span class='ocrx_word' id='word_1_80' title='bbox 377 764 480 824; x_wconf 87' lang='lat' dir='ltr'>quia</span> <span class='ocrx_word' id='word_1_81' title='bbox 511 765 680 808; x_wconf 89' lang='lat' dir='ltr'>bonum</span> <span class='ocrx_word' id='word_1_82' title='bbox 703 773 780 807; x_wconf 91' lang='lat' dir='ltr'>est.</span> <span class='ocrx_word' id='word_1_83' title='bbox 811 782 831 804; x_wconf 80' lang='lat'>&gt;›</span> <span class='ocrx_word' id='word_1_84' title='bbox 869 766 1023 823; x_wconf 84' lang='lat' dir='ltr'>Itaque</span> <span class='ocrx_word' id='word_1_85' title='bbox 1055 773 1097 807; x_wconf 87' lang='lat' dir='ltr'>et</span> <span class='ocrx_word' id='word_1_86' title='bbox 1127 779 1216 807; x_wconf 91' lang='lat' dir='ltr'>uno</span> <span class='ocrx_word' id='word_1_87' title='bbox 1248 762 1318 807; x_wconf 87' lang='lat' dir='ltr'>die</span> <span class='ocrx_word' id='word_1_88' title='bbox 1339 763 1419 807; x_wconf 84' lang='lat' dir='ltr'>ista</span> 
     </span>
     <span class='ocr_line' id='line_1_10' title="bbox 30 834 1415 896; baseline 0 -19"><span class='ocrx_word' id='word_1_89' title='bbox 30 836 280 896; x_wconf 85' lang='lat' dir='ltr'>junguntur</span> <span class='ocrx_word' id='word_1_90' title='bbox 293 869 304 890; x_wconf 83' lang='lat'>‚</span> <span class='ocrx_word' id='word_1_91' title='bbox 321 843 365 878; x_wconf 89' lang='lat' dir='ltr'>et</span> <span class='ocrx_word' id='word_1_92' title='bbox 380 835 541 879; x_wconf 83' lang='lat' dir='ltr'>iteratis</span> <span class='ocrx_word' id='word_1_93' title='bbox 556 835 634 879; x_wconf 91' lang='lat' dir='ltr'>Dei</span> <span class='ocrx_word' id='word_1_94' title='bbox 649 834 789 879; x_wconf 87' lang='lat' dir='ltr'>verbis</span> <span class='ocrx_word' id='word_1_95' title='bbox 800 834 1129 892; x_wconf 82' lang='lat' dir='ltr'>distinguuntur</span> <span class='ocrx_word' id='word_1_96' title='bbox 1142 835 1195 878; x_wconf 86' lang='lat' dir='ltr'>ab</span> <span class='ocrx_word' id='word_1_97' title='bbox 1213 835 1415 879; x_wconf 89' lang='lat' dir='ltr'>invicem.</span> 
     </span>
     <span class='ocr_line' id='line_1_11' title="bbox 35 904 1415 965; baseline 0.001 -17"><span class='ocrx_word' id='word_1_98' title='bbox 35 904 165 957; x_wconf 87' lang='lat' dir='ltr'>Quod</span> <span class='ocrx_word' id='word_1_99' title='bbox 186 904 241 948; x_wconf 91' lang='lat' dir='ltr'>de</span> <span class='ocrx_word' id='word_1_100' title='bbox 270 914 383 949; x_wconf 84' lang='lat' dir='ltr'>terra</span> <span class='ocrx_word' id='word_1_101' title='bbox 416 914 459 950; x_wconf 86' lang='lat' dir='ltr'>et</span> <span class='ocrx_word' id='word_1_102' title='bbox 486 905 593 949; x_wconf 87' lang='lat' dir='ltr'>mari</span> <span class='ocrx_word' id='word_1_103' title='bbox 615 915 843 965; x_wconf 87' lang='lat' dir='ltr'>propterea</span> <span class='ocrx_word' id='word_1_104' title='bbox 865 915 973 965; x_wconf 87' lang='lat' dir='ltr'>puto</span> <span class='ocrx_word' id='word_1_105' title='bbox 996 922 1085 950; x_wconf 90' lang='lat' dir='ltr'>non</span> <span class='ocrx_word' id='word_1_106' title='bbox 1109 921 1197 949; x_wconf 88' lang='lat' dir='ltr'>esse</span> <span class='ocrx_word' id='word_1_107' title='bbox 1223 904 1387 949; x_wconf 87' lang='lat' dir='ltr'>sactum</span> <span class='ocrx_word' id='word_1_108' title='bbox 1404 940 1415 960; x_wconf 82' lang='grc'>,</span> 
     </span>
     <span class='ocr_line' id='line_1_12' title="bbox 34 974 1419 1036; baseline 0.001 -18"><span class='ocrx_word' id='word_1_109' title='bbox 34 974 134 1034; x_wconf 85' lang='lat' dir='ltr'>quia</span> <span class='ocrx_word' id='word_1_110' title='bbox 149 974 282 1033; x_wconf 81' lang='lat' dir='ltr'>magis</span> <span class='ocrx_word' id='word_1_111' title='bbox 300 975 459 1019; x_wconf 91' lang='lat' dir='ltr'>harum</span> <span class='ocrx_word' id='word_1_112' title='bbox 477 990 621 1019; x_wconf 88' lang='lat' dir='ltr'>rerum</span> <span class='ocrx_word' id='word_1_113' title='bbox 634 985 697 1020; x_wconf 90' lang='lat' dir='ltr'>est</span> <span class='ocrx_word' id='word_1_114' title='bbox 708 975 990 1020; x_wconf 84' lang='lat' dir='ltr'>discernenda</span> <span class='ocrx_word' id='word_1_115' title='bbox 1006 985 1159 1020; x_wconf 84' lang='lat' dir='ltr'>natura</span> <span class='ocrx_word' id='word_1_116' title='bbox 1171 1011 1182 1030; x_wconf 84' lang='lat'>‚</span> <span class='ocrx_word' id='word_1_117' title='bbox 1202 991 1302 1036; x_wconf 84' lang='lat' dir='ltr'>quae</span> <span class='ocrx_word' id='word_1_118' title='bbox 1318 990 1419 1019; x_wconf 91' lang='lat' dir='ltr'>cum</span> 
     </span>
     <span class='ocr_line' id='line_1_13' title="bbox 34 1044 1414 1106; baseline 0.001 -19"><span class='ocrx_word' id='word_1_119' title='bbox 34 1044 227 1089; x_wconf 88' lang='lat' dir='ltr'>oriantur</span> <span class='ocrx_word' id='word_1_120' title='bbox 249 1055 292 1090; x_wconf 90' lang='lat' dir='ltr'>et</span> <span class='ocrx_word' id='word_1_121' title='bbox 323 1045 545 1100; x_wconf 82' lang='lat' dir='ltr'>occidant,</span> <span class='ocrx_word' id='word_1_122' title='bbox 592 1047 765 1091; x_wconf 90' lang='lat' dir='ltr'>seminis</span> <span class='ocrx_word' id='word_1_123' title='bbox 794 1047 1059 1091; x_wconf 83' lang='lat' dir='ltr'>successione</span> <span class='ocrx_word' id='word_1_124' title='bbox 1099 1055 1414 1106; x_wconf 79' lang='lat' dir='ltr'>propagantur.</span> 
     </span>
     <span class='ocr_line' id='line_1_14' title="bbox 33 1115 1418 1176; baseline 0.001 -19"><span class='ocrx_word' id='word_1_125' title='bbox 33 1117 102 1158; x_wconf 87' lang='lat' dir='ltr'>An</span> <span class='ocrx_word' id='word_1_126' title='bbox 123 1115 225 1175; x_wconf 86' lang='lat' dir='ltr'>quia</span> <span class='ocrx_word' id='word_1_127' title='bbox 244 1124 357 1161; x_wconf 86' lang='lat' dir='ltr'>terra</span> <span class='ocrx_word' id='word_1_128' title='bbox 371 1125 415 1161; x_wconf 91' lang='lat' dir='ltr'>et</span> <span class='ocrx_word' id='word_1_129' title='bbox 430 1132 548 1161; x_wconf 88' lang='lat' dir='ltr'>mare</span> <span class='ocrx_word' id='word_1_130' title='bbox 570 1116 699 1161; x_wconf 88' lang='lat' dir='ltr'>simul</span> <span class='ocrx_word' id='word_1_131' title='bbox 716 1116 808 1161; x_wconf 88' lang='lat' dir='ltr'>fieri</span> <span class='ocrx_word' id='word_1_132' title='bbox 830 1116 1075 1176; x_wconf 87' lang='lat' dir='ltr'>potuerint,</span> <span class='ocrx_word' id='word_1_133' title='bbox 1099 1132 1189 1160; x_wconf 92' lang='lat' dir='ltr'>non</span> <span class='ocrx_word' id='word_1_134' title='bbox 1211 1115 1352 1161; x_wconf 90' lang='lat' dir='ltr'>solum</span> <span class='ocrx_word' id='word_1_135' title='bbox 1372 1116 1418 1160; x_wconf 90' lang='lat' dir='ltr'>in</span> 
     </span>
     <span class='ocr_line' id='line_1_15' title="bbox 32 1185 1414 1247; baseline 0.002 -20"><span class='ocrx_word' id='word_1_136' title='bbox 32 1185 273 1230; x_wconf 82' lang='lat' dir='ltr'>rationibus</span> <span class='ocrx_word' id='word_1_137' title='bbox 295 1196 504 1231; x_wconf 81' lang='lat' dir='ltr'>creaturae</span> <span class='ocrx_word' id='word_1_138' title='bbox 520 1187 720 1247; x_wconf 86' lang='lat' dir='ltr'>spiritalis</span> <span class='ocrx_word' id='word_1_139' title='bbox 732 1223 742 1242; x_wconf 83' lang='lat'>,</span> <span class='ocrx_word' id='word_1_140' title='bbox 757 1187 834 1231; x_wconf 84' lang='lat' dir='ltr'>ubi</span> <span class='ocrx_word' id='word_1_141' title='bbox 857 1187 984 1231; x_wconf 89' lang='lat' dir='ltr'>simul</span> <span class='ocrx_word' id='word_1_142' title='bbox 1003 1187 1149 1231; x_wconf 84' lang='lat' dir='ltr'>om&#39;nia</span> <span class='ocrx_word' id='word_1_143' title='bbox 1169 1186 1281 1231; x_wconf 83' lang='lat' dir='ltr'>facta</span> <span class='ocrx_word' id='word_1_144' title='bbox 1298 1197 1414 1241; x_wconf 75' lang='lat' dir='ltr'>sunt,</span> 
     </span>
     <span class='ocr_line' id='line_1_16' title="bbox 33 1255 1418 1318; baseline 0.001 -19"><span class='ocrx_word' id='word_1_145' title='bbox 33 1255 108 1300; x_wconf 89' lang='lat' dir='ltr'>sed</span> <span class='ocrx_word' id='word_1_146' title='bbox 129 1257 260 1300; x_wconf 86' lang='lat' dir='ltr'>etiam</span> <span class='ocrx_word' id='word_1_147' title='bbox 280 1258 326 1301; x_wconf 90' lang='lat' dir='ltr'>in</span> <span class='ocrx_word' id='word_1_148' title='bbox 348 1258 438 1317; x_wconf 86' lang='lat' dir='ltr'>ipsa</span> <span class='ocrx_word' id='word_1_149' title='bbox 451 1258 663 1318; x_wconf 87' lang='lat' dir='ltr'>corporali</span> <span class='ocrx_word' id='word_1_150' title='bbox 686 1258 900 1314; x_wconf 80' lang='lat' dir='ltr'>motione3</span> <span class='ocrx_word' id='word_1_151' title='bbox 921 1258 1095 1301; x_wconf 83' lang='lat' dir='ltr'>arbores</span> <span class='ocrx_word' id='word_1_152' title='bbox 1111 1274 1214 1302; x_wconf 87' lang='lat' dir='ltr'>vero</span> <span class='ocrx_word' id='word_1_153' title='bbox 1232 1267 1275 1302; x_wconf 90' lang='lat' dir='ltr'>et</span> <span class='ocrx_word' id='word_1_154' title='bbox 1296 1274 1418 1318; x_wconf 86' lang='lat' dir='ltr'>quae-</span> 
     </span>
     <span class='ocr_line' id='line_1_17' title="bbox 33 1327 1419 1389; baseline 0.001 -20"><span class='ocrx_word' id='word_1_155' title='bbox 33 1342 120 1387; x_wconf 88' lang='lat' dir='ltr'>que</span> <span class='ocrx_word' id='word_1_156' title='bbox 141 1327 294 1386; x_wconf 90' lang='lat' dir='ltr'>stirpes</span> <span class='ocrx_word' id='word_1_157' title='bbox 315 1329 434 1372; x_wconf 90' lang='lat' dir='ltr'>nasci</span> <span class='ocrx_word' id='word_1_158' title='bbox 457 1344 547 1372; x_wconf 91' lang='lat' dir='ltr'>non</span> <span class='ocrx_word' id='word_1_159' title='bbox 569 1336 766 1388; x_wconf 83' lang='lat' dir='ltr'>possent,</span> <span class='ocrx_word' id='word_1_160' title='bbox 792 1329 872 1372; x_wconf 89' lang='lat' dir='ltr'>nisi</span> <span class='ocrx_word' id='word_1_161' title='bbox 894 1337 1022 1383; x_wconf 84' lang='lat' dir='ltr'>terra,</span> <span class='ocrx_word' id='word_1_162' title='bbox 1042 1329 1085 1371; x_wconf 92' lang='lat' dir='ltr'>in</span> <span class='ocrx_word' id='word_1_163' title='bbox 1098 1345 1183 1389; x_wconf 87' lang='lat' dir='ltr'>qua</span> <span class='ocrx_word' id='word_1_164' title='bbox 1204 1329 1419 1387; x_wconf 83' lang='lat' dir='ltr'>germina-</span> 
     </span>
     <span class='ocr_line' id='line_1_18' title="bbox 32 1398 1413 1459; baseline 0.001 -18"><span class='ocrx_word' id='word_1_165' title='bbox 32 1405 145 1452; x_wconf 87' lang='lat' dir='ltr'>rent,</span> <span class='ocrx_word' id='word_1_166' title='bbox 176 1399 480 1456; x_wconf 81' lang='lat' dir='ltr'>praecessisset3</span> <span class='ocrx_word' id='word_1_167' title='bbox 505 1408 733 1458; x_wconf 87' lang='lat' dir='ltr'>propterea</span> <span class='ocrx_word' id='word_1_168' title='bbox 760 1408 802 1442; x_wconf 89' lang='lat' dir='ltr'>et</span> <span class='ocrx_word' id='word_1_169' title='bbox 824 1398 1111 1458; x_wconf 78' lang='lat' dir='ltr'>repetendum</span> <span class='ocrx_word' id='word_1_170' title='bbox 1136 1409 1227 1443; x_wconf 87' lang='lat' dir='ltr'>erat</span> <span class='ocrx_word' id='word_1_171' title='bbox 1242 1401 1413 1459; x_wconf 88' lang='lat' dir='ltr'>jussum</span> 
     </span>
     <span class='ocr_line' id='line_1_19' title="bbox 32 1467 1415 1528; baseline 0.001 -16"><span class='ocrx_word' id='word_1_172' title='bbox 32 1467 132 1523; x_wconf 81' lang='lat' dir='ltr'>Dei,</span> <span class='ocrx_word' id='word_1_173' title='bbox 157 1477 208 1512; x_wconf 92' lang='lat' dir='ltr'>ut</span> <span class='ocrx_word' id='word_1_174' title='bbox 229 1477 273 1512; x_wconf 91' lang='lat' dir='ltr'>et</span> <span class='ocrx_word' id='word_1_175' title='bbox 289 1467 402 1513; x_wconf 85' lang='lat' dir='ltr'>facta</span> <span class='ocrx_word' id='word_1_176' title='bbox 423 1469 769 1528; x_wconf 85' lang='lat' dir='ltr'>significarentur</span> <span class='ocrx_word' id='word_1_177' title='bbox 793 1468 1017 1525; x_wconf 78' lang='lat' dir='ltr'>distantia,</span> <span class='ocrx_word' id='word_1_178' title='bbox 1050 1479 1197 1514; x_wconf 89' lang='lat' dir='ltr'>tamen</span> <span class='ocrx_word' id='word_1_179' title='bbox 1220 1486 1308 1514; x_wconf 92' lang='lat' dir='ltr'>non</span> <span class='ocrx_word' id='word_1_180' title='bbox 1330 1469 1415 1514; x_wconf 89' lang='lat' dir='ltr'>alio</span> 
     </span>
     <span class='ocr_line' id='line_1_20' title="bbox 33 1537 1415 1601; baseline 0.002 -18"><span class='ocrx_word' id='word_1_181' title='bbox 33 1537 102 1583; x_wconf 90' lang='lat' dir='ltr'>die</span> <span class='ocrx_word' id='word_1_182' title='bbox 123 1537 341 1596; x_wconf 86' lang='lat' dir='ltr'>facienda,</span> <span class='ocrx_word' id='word_1_183' title='bbox 366 1550 544 1601; x_wconf 87' lang='lat' dir='ltr'>propter</span> <span class='ocrx_word' id='word_1_184' title='bbox 565 1540 688 1601; x_wconf 90' lang='lat' dir='ltr'>quod</span> <span class='ocrx_word' id='word_1_185' title='bbox 710 1540 926 1586; x_wconf 86' lang='lat' dir='ltr'>radicibus</span> <span class='ocrx_word' id='word_1_186' title='bbox 953 1551 1079 1586; x_wconf 85' lang='lat' dir='ltr'>terrae</span> <span class='ocrx_word' id='word_1_187' title='bbox 1101 1542 1342 1601; x_wconf 85' lang='lat' dir='ltr'>affiguntur</span> <span class='ocrx_word' id='word_1_188' title='bbox 1371 1552 1415 1586; x_wconf 88' lang='lat' dir='ltr'>et</span> 
     </span>
     <span class='ocr_line' id='line_1_21' title="bbox 33 1611 1419 1674; baseline 0.003 -19"><span class='ocrx_word' id='word_1_189' title='bbox 33 1611 374 1657; x_wconf 78' lang='lat' dir='ltr'>continuantur?</span> <span class='ocrx_word' id='word_1_190' title='bbox 395 1612 480 1658; x_wconf 92' lang='lat' dir='ltr'>Sed</span> <span class='ocrx_word' id='word_1_191' title='bbox 495 1613 631 1673; x_wconf 83' lang='lat' dir='ltr'>quaeri</span> <span class='ocrx_word' id='word_1_192' title='bbox 647 1612 789 1672; x_wconf 81' lang='lat' dir='ltr'>potes‘t</span> <span class='ocrx_word' id='word_1_193' title='bbox 802 1648 812 1668; x_wconf 79' lang='grc'>,</span> <span class='ocrx_word' id='word_1_194' title='bbox 830 1629 908 1658; x_wconf 90' lang='lat' dir='ltr'>cur</span> <span class='ocrx_word' id='word_1_195' title='bbox 924 1613 1014 1658; x_wconf 89' lang='lat' dir='ltr'>istis</span> <span class='ocrx_word' id='word_1_196' title='bbox 1035 1617 1148 1658; x_wconf 91' lang='lat' dir='ltr'>Deus</span> <span class='ocrx_word' id='word_1_197' title='bbox 1169 1630 1259 1659; x_wconf 93' lang='lat' dir='ltr'>non</span> <span class='ocrx_word' id='word_1_198' title='bbox 1278 1615 1419 1674; x_wconf 88' lang='lat' dir='ltr'>impo-</span> 
     </span>
     <span class='ocr_line' id='line_1_22' title="bbox 33 1680 1416 1745; baseline 0.004 -21"><span class='ocrx_word' id='word_1_199' title='bbox 33 1680 166 1725; x_wconf 86' lang='lat' dir='ltr'>suerit</span> <span class='ocrx_word' id='word_1_200' title='bbox 179 1681 383 1727; x_wconf 91' lang='lat' dir='ltr'>nomina:</span> <span class='ocrx_word' id='word_1_201' title='bbox 408 1698 463 1726; x_wconf 89' lang='lat' dir='ltr'>an</span> <span class='ocrx_word' id='word_1_202' title='bbox 479 1683 817 1742; x_wconf 63' lang='lat' dir='ltr'>praetermissum</span> <span class='ocrx_word' id='word_1_203' title='bbox 843 1693 932 1739; x_wconf 85' lang='lat' dir='ltr'>est,</span> <span class='ocrx_word' id='word_1_204' title='bbox 960 1684 1062 1745; x_wconf 87' lang='lat' dir='ltr'>quia</span> <span class='ocrx_word' id='word_1_205' title='bbox 1084 1684 1322 1730; x_wconf 84' lang='lat' dir='ltr'>multitudo</span> <span class='ocrx_word' id='word_1_206' title='bbox 1340 1701 1416 1730; x_wconf 88' lang='lat' dir='ltr'>co-</span> 
     </span>
     <span class='ocr_line' id='line_1_23' title="bbox 33 1753 1418 1816; baseline 0.005 -21"><span class='ocrx_word' id='word_1_207' title='bbox 33 1767 130 1796; x_wconf 86' lang='lat' dir='ltr'>rum</span> <span class='ocrx_word' id='word_1_208' title='bbox 151 1768 242 1796; x_wconf 93' lang='lat' dir='ltr'>non</span> <span class='ocrx_word' id='word_1_209' title='bbox 263 1753 461 1797; x_wconf 79' lang='lat' dir='ltr'>sinebat?</span> <span class='ocrx_word' id='word_1_210' title='bbox 482 1756 646 1798; x_wconf 90' lang='lat' dir='ltr'>Verum</span> <span class='ocrx_word' id='word_1_211' title='bbox 662 1755 757 1799; x_wconf 85' lang='lat' dir='ltr'>haec</span> <span class='ocrx_word' id='word_1_212' title='bbox 772 1756 955 1815; x_wconf 84' lang='lat' dir='ltr'>quaestio</span> <span class='ocrx_word' id='word_1_213' title='bbox 968 1756 1121 1801; x_wconf 88' lang='lat' dir='ltr'>melius</span> <span class='ocrx_word' id='word_1_214' title='bbox 1143 1766 1292 1816; x_wconf 84' lang='lat' dir='ltr'>postea</span> <span class='ocrx_word' id='word_1_215' title='bbox 1309 1773 1418 1802; x_wconf 93' lang='lat' dir='ltr'>con-</span> 
     </span>
     <span class='ocr_line' id='line_1_24' title="bbox 33 1822 1417 1888; baseline 0.004 -22"><span class='ocrx_word' id='word_1_216' title='bbox 33 1822 293 1867; x_wconf 85' lang='lat' dir='ltr'>siderabitur</span> <span class='ocrx_word' id='word_1_217' title='bbox 307 1858 318 1878; x_wconf 82' lang='grc'>,</span> <span class='ocrx_word' id='word_1_218' title='bbox 344 1839 446 1868; x_wconf 88' lang='lat' dir='ltr'>cum</span> <span class='ocrx_word' id='word_1_219' title='bbox 467 1825 861 1870; x_wconf 80' lang='lat' dir='ltr'>animadvertemus</span> <span class='ocrx_word' id='word_1_220' title='bbox 880 1826 983 1882; x_wconf 81' lang='lat' dir='ltr'>alia,</span> <span class='ocrx_word' id='word_1_221' title='bbox 1010 1844 1108 1888; x_wconf 84' lang='lat' dir='ltr'>quae</span> <span class='ocrx_word' id='word_1_222' title='bbox 1130 1844 1219 1873; x_wconf 91' lang='lat' dir='ltr'>non</span> <span class='ocrx_word' id='word_1_223' title='bbox 1245 1829 1417 1873; x_wconf 88' lang='lat' dir='ltr'>vocavit</span> 
     </span>
     <span class='ocr_line' id='line_1_25' title="bbox 33 1894 1414 1954; baseline 0.004 -16"><span class='ocrx_word' id='word_1_224' title='bbox 33 1896 168 1950; x_wconf 77' lang='lat' dir='ltr'>DeUS‚</span> <span class='ocrx_word' id='word_1_225' title='bbox 189 1894 300 1938; x_wconf 88' lang='lat' dir='ltr'>sicut</span> <span class='ocrx_word' id='word_1_226' title='bbox 310 1895 480 1940; x_wconf 88' lang='lat' dir='ltr'>vocavit</span> <span class='ocrx_word' id='word_1_227' title='bbox 499 1894 641 1940; x_wconf 88' lang='lat' dir='ltr'>lucem</span> <span class='ocrx_word' id='word_1_228' title='bbox 655 1932 665 1952; x_wconf 87' lang='lat'>‚</span> <span class='ocrx_word' id='word_1_229' title='bbox 684 1906 726 1941; x_wconf 90' lang='lat' dir='ltr'>et</span> <span class='ocrx_word' id='word_1_230' title='bbox 743 1898 927 1954; x_wconf 83' lang='lat' dir='ltr'>coelum,</span> <span class='ocrx_word' id='word_1_231' title='bbox 945 1907 988 1943; x_wconf 90' lang='lat' dir='ltr'>et</span> <span class='ocrx_word' id='word_1_232' title='bbox 1012 1908 1165 1943; x_wconf 83' lang='lat' dir='ltr'>terram</span> <span class='ocrx_word' id='word_1_233' title='bbox 1180 1935 1191 1954; x_wconf 80' lang='lat'>‚</span> <span class='ocrx_word' id='word_1_234' title='bbox 1217 1909 1260 1943; x_wconf 90' lang='lat' dir='ltr'>et</span> <span class='ocrx_word' id='word_1_235' title='bbox 1281 1915 1414 1943; x_wconf 88' lang='lat' dir='ltr'>mare.</span> 
     </span>
    </p>
   </div>
   <div class='ocr_carea' id='block_1_3' title="bbox 36 1963 1412 2079">
    <p class='ocr_par' dir='ltr' id='par_1_3' title="bbox 36 1963 1412 2079">
     <span class='ocr_line' id='line_1_26' title="bbox 36 1963 1412 2028; baseline 0.007 -22"><span class='ocrx_word' id='word_1_236' title='bbox 36 1983 56 2006; x_wconf 90' lang='lat'>«</span> <span class='ocrx_word' id='word_1_237' title='bbox 89 1966 146 2008; x_wconf 88' lang='lat' dir='ltr'>Et</span> <span class='ocrx_word' id='word_1_238' title='bbox 173 1963 338 2010; x_wconf 87' lang='lat' dir='ltr'>factum</span> <span class='ocrx_word' id='word_1_239' title='bbox 367 1976 431 2011; x_wconf 90' lang='lat' dir='ltr'>est</span> <span class='ocrx_word' id='word_1_240' title='bbox 457 1982 655 2028; x_wconf 79' lang='lat' dir='ltr'>vespera,</span> <span class='ocrx_word' id='word_1_241' title='bbox 681 1977 725 2013; x_wconf 85' lang='lat' dir='ltr'>et</span> <span class='ocrx_word' id='word_1_242' title='bbox 747 1967 912 2014; x_wconf 84' lang='lat' dir='ltr'>factum</span> <span class='ocrx_word' id='word_1_243' title='bbox 939 1979 1002 2015; x_wconf 91' lang='lat' dir='ltr'>est</span> <span class='ocrx_word' id='word_1_244' title='bbox 1029 1986 1157 2015; x_wconf 87' lang='lat' dir='ltr'>mane</span> <span class='ocrx_word' id='word_1_245' title='bbox 1202 1970 1291 2015; x_wconf 89' lang='lat' dir='ltr'>dies</span> <span class='ocrx_word' id='word_1_246' title='bbox 1323 1980 1412 2015; x_wconf 86' lang='lat' dir='ltr'>ter-</span> 
     </span>
     <span class='ocr_line' id='line_1_27' title="bbox 37 2043 242 2079; baseline 0.005 -4"><span class='ocrx_word' id='word_1_247' title='bbox 37 2051 58 2075; x_wconf 82' lang='lat'>»</span> <span class='ocrx_word' id='word_1_248' title='bbox 91 2043 191 2079; x_wconf 83' lang='lat' dir='ltr'>tlus.</span> <span class='ocrx_word' id='word_1_249' title='bbox 221 2053 242 2077; x_wconf 81' lang='lat'>&gt;›</span> 
     </span>
    </p>
   </div>
  </div>
 </body>
</html>
