1854 3219
361 246 431 272 DE
462 245 612 272 GENEsI
645 242 700 272 An
731 243 965 282 LITTERAM,
989 245 1070 271 Lm.
1107 245 1136 270 1.
1384 232 1463 271 169

77 314 217 365 tento,
238 310 331 354 fieri
359 308 618 369 temporales
645 317 790 353 motus
818 308 864 351 in
893 308 1023 352 rebus
1052 306 1367 367 temporalibus
1394 307 1460 352 vel

74 380 314 426 formandis
329 380 398 426 vel
423 379 789 424 administrandis.
811 380 852 424 Si
871 389 1016 423 autem
1034 379 1128 434 lim,
1146 395 1247 440 quae
1270 379 1464 438 primum

74 453 189 497 dieta
212 461 275 497 est
296 460 347 495 ut
373 452 470 507 fiat,
502 461 546 495 et
566 450 681 496 sacta
710 459 795 506 est,
827 451 957 494 etiam
986 451 1220 510 primatum
1254 460 1464 494 creaturae

72 533 222 568 tenere
252 521 535 583 intelligenda
558 533 642 578 est,
670 523 763 582 ipsa
792 532 856 567 est
876 521 1184 567 intellectualis
1214 522 1333 567 vita:
1365 538 1464 583 quae

73 595 157 639 nisi
188 594 243 639 ad
271 596 522 640 Creatorem
554 592 841 638 illuminanda
887 603 1235 648 converteretur,
1271 593 1463 638 fluitaret

74 664 333 710 informiter.
352 667 465 710 Cum
488 674 634 709 autem
656 680 860 709 conversa
880 663 1179 708 etilluminata
1198 673 1278 719 est,
1298 663 1463 708 factum

75 745 140 780 est
160 735 282 796 quod
298 735 345 780 in
361 736 507 780 Verbo
528 735 606 780 Dei
629 734 798 779 dictum
822 743 885 779 est
912 754 920 780 2
951 754 971 777 «
998 735 1095 779 Fiat
1111 734 1202 779 lux.
1231 752 1252 775 »

77 893 571 911 mmmmmwwxm

785 891 1210 908 mmwmmm
1214 891 1281 907 Um
1286 891 1460 907 MWQWWM!

610 1023 828 1074 CAPUT
869 1026 933 1074 X.

75 1157 154 1204 De
171 1157 402 1204 versiculo
417 1164 457 1204 5.
483 1156 737 1223 Quomodo
760 1156 862 1202 dies
879 1172 1000 1201 unus
1008 1155 1352 1219 peractusfait
1370 1156 1465 1201 sive

135 1231 185 1275 in
206 1231 449 1275 creatione
471 1230 567 1275 sive
585 1238 695 1290 post
716 1230 1013 1273 creationem
1037 1226 1168 1272 lueis.
1189 1253 1248 1262 -—
1270 1227 1466 1272 Primus

137 1299 419 1361 explicandi
433 1298 601 1345 modas
617 1298 932 1360 improbatur.
943 1298 1046 1345 —S
1050 1297 1260 1343 ecanclas
1274 1296 1470 1342 dicenda·

134 1370 303 1416 modas
324 1369 682 1434 (lff'caltatz'bzcs
705 1369 994 1430 implicatur.

1285 1466 1307 1489 ἲ

132 1509 300 1552 XVIII.
343 1508 657 1551 VERUMTAMEN
706 1504 1082 1566 quemadmodum
1130 1504 1222 1548 sine
1269 1513 1467 1563 tempore

77 1577 244 1623 dictum
268 1587 346 1632 est,
372 1577 474 1638 quia
497 1577 544 1624 in
572 1576 770 1621 Verbum
796 1576 914 1621 Patri
943 1584 1211 1620 coaeternum
1233 1590 1323 1618 non
1354 1573 1468 1618 cadit

78 1657 275 1709 tempus3
320 1657 470 1693 utrum
520 1648 580 1692 ita
619 1647 750 1691 etiam
794 1647 886 1691 sine
929 1655 1126 1705 tempore
1177 1643 1344 1689 factum
1389 1645 1464 1700 sit,

78 1720 310 1780 quisquam
331 1717 511 1763 forsitan
538 1727 719 1778 quaerat.
750 1716 835 1762 Sed
857 1715 1080 1777 quomodo
1108 1724 1250 1775 potest
1282 1716 1367 1760 hoc
1398 1716 1468 1759 in-

77 1789 230 1849 telligi,
251 1805 353 1835 cum
373 1789 485 1834 faeta
506 1789 604 1833 luce
626 1799 670 1833 et
697 1788 834 1833 divisa
856 1805 878 1833 a
902 1789 1116 1844 tenebris,
1143 1798 1187 1833 et
1203 1788 1354 1833 inditis
1383 1788 1469 1833 diei

79 1860 306 1920 noctisque
326 1858 565 1913 vocabulis,
581 1858 698 1903 dieat
722 1859 964 1918 Scriptura:
994 1877 1014 1899 »
1041 1862 1174 1903 Facta
1194 1868 1257 1902 est
1272 1874 1465 1918 vespera,

82 1948 103 1971 »
139 1939 183 1974 et
210 1929 376 1974 factum
405 1938 469 1973 est
494 1944 622 1973 mane
651 1928 744 1973 dies
773 1945 903 1973 unus.
942 1947 962 1969 »
1000 1929 1126 1973 Unde
1154 1928 1330 1972 videtur
1359 1927 1470 1972 illud

79 2016 188 2060 opus
209 2001 288 2045 Dei
309 1999 473 2045 sactum
494 2015 572 2060 per
589 2000 777 2059 spatium
799 1999 900 2053 diei,
926 2015 1014 2059 quo
1037 2007 1213 2058 peracto
1237 1998 1292 2042 ad
1313 2015 1470 2058 vespe-

79 2087 171 2115 ram
187 2080 370 2116 ventum
388 2079 467 2126 est,
489 2069 610 2130 quod
629 2078 692 2114 est
708 2070 846 2114 noetis
862 2070 1051 2113 initium.
1076 2073 1275 2130 Itemque
1292 2079 1470 2129 peraeto

78 2151 295 2187 nocturno
318 2141 456 2202 spatio
488 2140 731 2201 completus
761 2150 825 2185 est
847 2149 963 2185 totus
985 2140 1098 2196 dies,
1125 2149 1176 2185 ut
1197 2157 1326 2185 mane
1349 2141 1472 2185 fieret

79 2212 126 2256 in
154 2211 339 2256 alterum
372 2211 513 2267 diem,
544 2212 591 2255 in
624 2227 714 2271 quo
747 2210 818 2256 die
853 2214 967 2256 Deus
1000 2211 1120 2256 aliud
1152 2221 1472 2273 consequenter

82 2292 351 2343 operaretur.

139 2355 261 2397 XIX.
298 2356 394 2398 Imo
425 2367 530 2398 vero
559 2352 750 2413 idipsum
785 2353 1064 2412 permirabile
1098 2362 1184 2408 est,
1216 2369 1318 2398 cum
1355 2357 1470 2398 Deus

81 2424 204 2468 nullo
226 2425 362 2484 spatio
384 2423 653 2483 syllabarum
674 2433 835 2468 aeterna
859 2425 993 2469 Verbi
1013 2425 1079 2469 sui
1096 2425 1266 2469 ratione
1290 2425 1466 2469 dixerit:

83 2514 103 2536 »
139 2495 236 2539 Fiat
256 2494 360 2553 lux3
392 2514 411 2537 »
448 2511 526 2540 cur
548 2505 669 2540 tanta
701 2511 820 2540 mora
849 2495 963 2540 facta
990 2496 1045 2540 sit
1079 2496 1177 2552 lux,
1204 2495 1346 2540 donec
1383 2494 1470 2538 diei

80 2567 267 2625 spatium
284 2567 538 2626 praeteriret,
554 2576 598 2611 et
613 2583 792 2626 vespera
810 2567 959 2611 fieret?
974 2570 1041 2610 An
1055 2565 1170 2612 forte
1187 2568 1276 2612 cito
1290 2565 1469 2626 quidem
