<?xml version="1.0" encoding="UTF-8"?>
<!DOCTYPE html PUBLIC "-//W3C//DTD XHTML 1.0 Transitional//EN"
    "http://www.w3.org/TR/xhtml1/DTD/xhtml1-transitional.dtd">
<html xmlns="http://www.w3.org/1999/xhtml" xml:lang="en" lang="en">
 <head>
  <title>
</title>
<meta http-equiv="Content-Type" content="text/html;charset=utf-8" />
  <meta name='ocr-system' content='tesseract 3.04.00' />
  <meta name='ocr-capabilities' content='ocr_page ocr_carea ocr_par ocr_line ocrx_word'/>
</head>
<body>
  <div class='ocr_page' id='page_1' title='image "./operaomniaaccura05auguuoft_0392.png"; bbox 0 0 1854 3219; ppageno 0'>
   <div class='ocr_carea' id='block_1_1' title="bbox 380 132 1327 172">
    <p class='ocr_par' dir='ltr' id='par_1_1' title="bbox 380 132 1327 172">
     <span class='ocr_line' id='line_1_1' title="bbox 380 132 1327 172; baseline -0.004 0"><span class='ocrx_word' id='word_1_1' title='bbox 380 132 467 172; x_wconf 84' lang='lat'>366</span> <span class='ocrx_word' id='word_1_2' title='bbox 809 144 844 170; x_wconf 87' lang='lat' dir='ltr'>s.</span> <span class='ocrx_word' id='word_1_3' title='bbox 879 138 1111 170; x_wconf 71' lang='lat' dir='ltr'>Auensnm</span> <span class='ocrx_word' id='word_1_4' title='bbox 1142 140 1327 169; x_wconf 81' lang='lat' dir='ltr'>EPISCOPI</span> 
     </span>
    </p>
   </div>
   <div class='ocr_carea' id='block_1_2' title="bbox 370 205 1771 1058">
    <p class='ocr_par' dir='ltr' id='par_1_2' title="bbox 370 205 1771 1058">
     <span class='ocr_line' id='line_1_2' title="bbox 376 205 1770 270; baseline -0.002 -16"><span class='ocrx_word' id='word_1_5' title='bbox 376 210 583 270; x_wconf 80' lang='lat' dir='ltr'>cipimus,</span> <span class='ocrx_word' id='word_1_6' title='bbox 609 223 741 269; x_wconf 82' lang='lat' dir='ltr'>quam</span> <span class='ocrx_word' id='word_1_7' title='bbox 759 206 958 252; x_wconf 89' lang='lat' dir='ltr'>nondum</span> <span class='ocrx_word' id='word_1_8' title='bbox 980 207 1137 252; x_wconf 82' lang='lat' dir='ltr'>habuit</span> <span class='ocrx_word' id='word_1_9' title='bbox 1156 209 1316 265; x_wconf 68' lang='lat' dir='ltr'>homo,</span> <span class='ocrx_word' id='word_1_10' title='bbox 1344 205 1420 251; x_wconf 90' lang='lat' dir='ltr'>scd</span> <span class='ocrx_word' id='word_1_11' title='bbox 1438 206 1668 266; x_wconf 80' lang='lat' dir='ltr'>recipimus</span> <span class='ocrx_word' id='word_1_12' title='bbox 1681 207 1770 267; x_wconf 87' lang='lat' dir='ltr'>jus-</span> 
     </span>
     <span class='ocr_line' id='line_1_3' title="bbox 375 278 1769 340; baseline -0.002 -15"><span class='ocrx_word' id='word_1_13' title='bbox 375 281 538 334; x_wconf 75' lang='lat' dir='ltr'>titiam,</span> <span class='ocrx_word' id='word_1_14' title='bbox 563 295 614 325; x_wconf 81' lang='lat' dir='ltr'>ex</span> <span class='ocrx_word' id='word_1_15' title='bbox 634 296 722 340; x_wconf 84' lang='lat' dir='ltr'>qua</span> <span class='ocrx_word' id='word_1_16' title='bbox 739 295 815 339; x_wconf 83' lang='lat' dir='ltr'>per</span> <span class='ocrx_word' id='word_1_17' title='bbox 837 289 1065 339; x_wconf 82' lang='lat' dir='ltr'>peccatum</span> <span class='ocrx_word' id='word_1_18' title='bbox 1086 280 1230 339; x_wconf 83' lang='lat' dir='ltr'>lapsus</span> <span class='ocrx_word' id='word_1_19' title='bbox 1254 288 1318 324; x_wconf 83' lang='grc'>051</span> <span class='ocrx_word' id='word_1_20' title='bbox 1339 279 1487 324; x_wconf 86' lang='grc'>1101110.</span> <span class='ocrx_word' id='word_1_21' title='bbox 1517 278 1769 325; x_wconf 71' lang='lat' dir='ltr'>Renovabi—</span> 
     </span>
     <span class='ocr_line' id='line_1_4' title="bbox 375 350 1770 411; baseline -0.001 -15"><span class='ocrx_word' id='word_1_22' title='bbox 375 368 475 396; x_wconf 87' lang='lat' dir='ltr'>mur</span> <span class='ocrx_word' id='word_1_23' title='bbox 507 367 610 410; x_wconf 80' lang='lat' dir='ltr'>crgo</span> <span class='ocrx_word' id='word_1_24' title='bbox 644 367 668 396; x_wconf 84' lang='lat' dir='ltr'>a</span> <span class='ocrx_word' id='word_1_25' title='bbox 700 360 914 396; x_wconf 80' lang='lat' dir='ltr'>vetustate</span> <span class='ocrx_word' id='word_1_26' title='bbox 941 352 1131 411; x_wconf 86' lang='lat' dir='ltr'>peccati,</span> <span class='ocrx_word' id='word_1_27' title='bbox 1163 368 1253 397; x_wconf 90' lang='lat' dir='ltr'>non</span> <span class='ocrx_word' id='word_1_28' title='bbox 1280 352 1326 395; x_wconf 92' lang='lat' dir='ltr'>in</span> <span class='ocrx_word' id='word_1_29' title='bbox 1353 350 1585 411; x_wconf 87' lang='lat' dir='ltr'>pristinum</span> <span class='ocrx_word' id='word_1_30' title='bbox 1613 365 1770 410; x_wconf 87' lang='lat' dir='ltr'>corpus</span> 
     </span>
     <span class='ocr_line' id='line_1_5' title="bbox 375 421 1771 483; baseline -0.001 -17"><span class='ocrx_word' id='word_1_31' title='bbox 375 422 583 479; x_wconf 80' lang='lat' dir='ltr'>animale,</span> <span class='ocrx_word' id='word_1_32' title='bbox 606 424 651 467; x_wconf 87' lang='lat' dir='ltr'>in</span> <span class='ocrx_word' id='word_1_33' title='bbox 669 438 757 483; x_wconf 84' lang='lat' dir='ltr'>quo</span> <span class='ocrx_word' id='word_1_34' title='bbox 780 421 864 466; x_wconf 85' lang='lat' dir='ltr'>fuit</span> <span class='ocrx_word' id='word_1_35' title='bbox 885 421 1047 479; x_wconf 83' lang='lat' dir='ltr'>Adam,</span> <span class='ocrx_word' id='word_1_36' title='bbox 1075 421 1152 467; x_wconf 91' lang='lat' dir='ltr'>sed</span> <span class='ocrx_word' id='word_1_37' title='bbox 1174 423 1220 467; x_wconf 87' lang='lat' dir='ltr'>in</span> <span class='ocrx_word' id='word_1_38' title='bbox 1241 422 1418 478; x_wconf 84' lang='lat' dir='ltr'>melius,</span> <span class='ocrx_word' id='word_1_39' title='bbox 1440 421 1485 465; x_wconf 89' lang='lat' dir='ltr'>id</span> <span class='ocrx_word' id='word_1_40' title='bbox 1503 431 1581 477; x_wconf 86' lang='lat' dir='ltr'>cst,</span> <span class='ocrx_word' id='word_1_41' title='bbox 1606 421 1651 465; x_wconf 89' lang='lat' dir='ltr'>in</span> <span class='ocrx_word' id='word_1_42' title='bbox 1674 437 1771 466; x_wconf 90' lang='lat' dir='ltr'>eor-</span> 
     </span>
     <span class='ocr_line' id='line_1_6' title="bbox 373 489 1770 555; baseline -0.001 -17"><span class='ocrx_word' id='word_1_43' title='bbox 373 510 455 554; x_wconf 87' lang='lat' dir='ltr'>pus</span> <span class='ocrx_word' id='word_1_44' title='bbox 485 494 698 555; x_wconf 81' lang='lat' dir='ltr'>spiritale,</span> <span class='ocrx_word' id='word_1_45' title='bbox 735 509 837 539; x_wconf 90' lang='lat' dir='ltr'>cum</span> <span class='ocrx_word' id='word_1_46' title='bbox 864 494 1102 539; x_wconf 82' lang='lat' dir='ltr'>efficiemur</span> <span class='ocrx_word' id='word_1_47' title='bbox 1136 493 1326 555; x_wconf 73' lang='lat' dir='ltr'>aequales</span> <span class='ocrx_word' id='word_1_48' title='bbox 1355 492 1529 552; x_wconf 78' lang='lat' dir='ltr'>Angelis</span> <span class='ocrx_word' id='word_1_49' title='bbox 1552 489 1652 548; x_wconf 87' lang='lat' dir='ltr'>Dei,</span> <span class='ocrx_word' id='word_1_50' title='bbox 1681 492 1770 553; x_wconf 88' lang='lat' dir='ltr'>apti</span> 
     </span>
     <span class='ocr_line' id='line_1_7' title="bbox 371 566 1769 627; baseline -0.002 -16"><span class='ocrx_word' id='word_1_51' title='bbox 371 566 539 612; x_wconf 85' lang='lat' dir='ltr'>coelesti</span> <span class='ocrx_word' id='word_1_52' title='bbox 556 567 840 622; x_wconf 81' lang='lat' dir='ltr'>habitationi,</span> <span class='ocrx_word' id='word_1_53' title='bbox 861 566 938 619; x_wconf 87' lang='lat' dir='ltr'>ubi</span> <span class='ocrx_word' id='word_1_54' title='bbox 957 582 1068 623; x_wconf 83' lang='lat' dir='ltr'>esca,</span> <span class='ocrx_word' id='word_1_55' title='bbox 1092 583 1191 627; x_wconf 80' lang='lat' dir='ltr'>quae</span> <span class='ocrx_word' id='word_1_56' title='bbox 1211 566 1530 627; x_wconf 74' lang='lat' dir='ltr'>corrumpitur,</span> <span class='ocrx_word' id='word_1_57' title='bbox 1551 580 1642 616; x_wconf 75' lang='lat' dir='ltr'>non</span> <span class='ocrx_word' id='word_1_58' title='bbox 1665 581 1769 626; x_wconf 85' lang='lat' dir='ltr'>ege.-</span> 
     </span>
     <span class='ocr_line' id='line_1_8' title="bbox 372 637 1770 702; baseline -0.001 -21"><span class='ocrx_word' id='word_1_59' title='bbox 372 638 517 682; x_wconf 85' lang='lat' dir='ltr'>bimus</span> <span class='ocrx_word' id='word_1_60' title='bbox 533 640 564 681; x_wconf 84' lang='lat'>1.</span> <span class='ocrx_word' id='word_1_61' title='bbox 586 642 867 684; x_wconf 88' lang='lat' dir='ltr'>Renovamur</span> <span class='ocrx_word' id='word_1_62' title='bbox 884 653 984 702; x_wconf 78' lang='lat' dir='ltr'>ergo</span> <span class='ocrx_word' id='word_1_63' title='bbox 1001 638 1156 699; x_wconf 91' lang='lat' dir='ltr'>spiritu</span> <span class='ocrx_word' id='word_1_64' title='bbox 1177 637 1335 688; x_wconf 82' lang='lat' dir='ltr'>mentis</span> <span class='ocrx_word' id='word_1_65' title='bbox 1348 647 1506 682; x_wconf 85' lang='lat' dir='ltr'>nostrae</span> <span class='ocrx_word' id='word_1_66' title='bbox 1525 638 1770 683; x_wconf 89' lang='lat' dir='ltr'>secundum</span> 
     </span>
     <span class='ocr_line' id='line_1_9' title="bbox 371 707 1768 770; baseline 0 -18"><span class='ocrx_word' id='word_1_67' title='bbox 371 708 604 766; x_wconf 83' lang='lat' dir='ltr'>imaginem</span> <span class='ocrx_word' id='word_1_68' title='bbox 628 711 734 770; x_wconf 88' lang='lat' dir='ltr'>ejus,</span> <span class='ocrx_word' id='word_1_69' title='bbox 754 709 830 770; x_wconf 91' lang='lat' dir='ltr'>qui</span> <span class='ocrx_word' id='word_1_70' title='bbox 862 710 1023 754; x_wconf 66' lang='lat' dir='ltr'>creavit</span> <span class='ocrx_word' id='word_1_71' title='bbox 1062 725 1162 765; x_wconf 88' lang='lat' dir='ltr'>nos,</span> <span class='ocrx_word' id='word_1_72' title='bbox 1203 725 1336 770; x_wconf 86' lang='lat' dir='ltr'>quam</span> <span class='ocrx_word' id='word_1_73' title='bbox 1370 707 1593 769; x_wconf 87' lang='lat' dir='ltr'>peccando</span> <span class='ocrx_word' id='word_1_74' title='bbox 1626 707 1768 752; x_wconf 82' lang='lat' dir='ltr'>Adam</span> 
     </span>
     <span class='ocr_line' id='line_1_10' title="bbox 370 779 1771 839; baseline 0.001 -16"><span class='ocrx_word' id='word_1_75' title='bbox 370 779 563 839; x_wconf 84' lang='lat' dir='ltr'>perdidit</span> <span class='ocrx_word' id='word_1_76' title='bbox 582 784 624 824; x_wconf 72' lang='lat'>².</span> <span class='ocrx_word' id='word_1_77' title='bbox 657 780 985 832; x_wconf 80' lang='lat' dir='ltr'>Renovabimur</span> <span class='ocrx_word' id='word_1_78' title='bbox 1019 790 1167 826; x_wconf 85' lang='lat' dir='ltr'>autem</span> <span class='ocrx_word' id='word_1_79' title='bbox 1195 780 1326 825; x_wconf 85' lang='lat' dir='ltr'>etiam</span> <span class='ocrx_word' id='word_1_80' title='bbox 1364 796 1515 837; x_wconf 77' lang='lat' dir='ltr'>carne,</span> <span class='ocrx_word' id='word_1_81' title='bbox 1551 795 1653 830; x_wconf 86' lang='lat' dir='ltr'>cum</span> <span class='ocrx_word' id='word_1_82' title='bbox 1686 780 1771 825; x_wconf 89' lang='lat' dir='ltr'>hoc</span> 
     </span>
     <span class='ocr_line' id='line_1_11' title="bbox 371 851 1771 913; baseline -0.001 -16"><span class='ocrx_word' id='word_1_83' title='bbox 371 851 657 912; x_wconf 77' lang='lat' dir='ltr'>corruptibile</span> <span class='ocrx_word' id='word_1_84' title='bbox 677 852 888 898; x_wconf 85' lang='lat' dir='ltr'>induetur</span> <span class='ocrx_word' id='word_1_85' title='bbox 911 852 1260 913; x_wconf 64' lang='lat' dir='ltr'>incorruptione,</span> <span class='ocrx_word' id='word_1_86' title='bbox 1285 862 1336 897; x_wconf 91' lang='lat' dir='ltr'>ut</span> <span class='ocrx_word' id='word_1_87' title='bbox 1369 853 1422 897; x_wconf 90' lang='lat' dir='ltr'>sit</span> <span class='ocrx_word' id='word_1_88' title='bbox 1444 852 1640 912; x_wconf 83' lang='lat' dir='ltr'>spiritale</span> <span class='ocrx_word' id='word_1_89' title='bbox 1672 867 1771 901; x_wconf 58' lang='lat' dir='ltr'>cor-r</span> 
     </span>
     <span class='ocr_line' id='line_1_12' title="bbox 371 922 1765 983; baseline 0.003 -17"><span class='ocrx_word' id='word_1_90' title='bbox 371 938 454 983; x_wconf 79' lang='lat' dir='ltr'>pus</span> <span class='ocrx_word' id='word_1_91' title='bbox 466 958 477 979; x_wconf 90' lang='lat'>,</span> <span class='ocrx_word' id='word_1_92' title='bbox 495 923 542 967; x_wconf 88' lang='lat' dir='ltr'>in</span> <span class='ocrx_word' id='word_1_93' title='bbox 559 922 681 983; x_wconf 89' lang='lat' dir='ltr'>quod</span> <span class='ocrx_word' id='word_1_94' title='bbox 700 924 901 969; x_wconf 86' lang='lat' dir='ltr'>nondum</span> <span class='ocrx_word' id='word_1_95' title='bbox 919 933 1134 981; x_wconf 88' lang='lat' dir='ltr'>mutatus,</span> <span class='ocrx_word' id='word_1_96' title='bbox 1152 923 1228 968; x_wconf 87' lang='lat' dir='ltr'>sed</span> <span class='ocrx_word' id='word_1_97' title='bbox 1241 923 1476 970; x_wconf 85' lang='lat' dir='ltr'>mutandus</span> <span class='ocrx_word' id='word_1_98' title='bbox 1494 932 1586 968; x_wconf 82' lang='lat' dir='ltr'>erat</span> <span class='ocrx_word' id='word_1_99' title='bbox 1602 922 1742 970; x_wconf 80' lang='lat' dir='ltr'>Adam</span> <span class='ocrx_word' id='word_1_100' title='bbox 1753 959 1765 980; x_wconf 86' lang='lat'>‚</span> 
     </span>
     <span class='ocr_line' id='line_1_13' title="bbox 370 995 1763 1058; baseline -0.002 -15"><span class='ocrx_word' id='word_1_101' title='bbox 370 995 453 1043; x_wconf 85' lang='lat' dir='ltr'>nisi</span> <span class='ocrx_word' id='word_1_102' title='bbox 480 1004 667 1043; x_wconf 77' lang='lat' dir='ltr'>mortem</span> <span class='ocrx_word' id='word_1_103' title='bbox 696 997 827 1042; x_wconf 86' lang='lat' dir='ltr'>etiam</span> <span class='ocrx_word' id='word_1_104' title='bbox 851 996 1044 1058; x_wconf 86' lang='lat' dir='ltr'>corporis</span> <span class='ocrx_word' id='word_1_105' title='bbox 1063 995 1261 1042; x_wconf 85' lang='lat' dir='ltr'>animalis</span> <span class='ocrx_word' id='word_1_106' title='bbox 1277 996 1499 1057; x_wconf 82' lang='lat' dir='ltr'>peccando</span> <span class='ocrx_word' id='word_1_107' title='bbox 1521 995 1763 1043; x_wconf 78' lang='lat' dir='ltr'>meruisset.</span> 
     </span>
    </p>
   </div>
   <div class='ocr_carea' id='block_1_3' title="bbox 378 1168 716 1193">
    <p class='ocr_par' dir='ltr' id='par_1_3' title="bbox 378 1168 716 1193">
     <span class='ocr_line' id='line_1_14' title="bbox 378 1168 716 1193; baseline 0 -8"><span class='ocrx_word' id='word_1_108' title='bbox 378 1168 716 1193; x_wconf 54' lang='lat' dir='ltr'>mma-mamma„</span> 
     </span>
    </p>
   </div>
   <div class='ocr_carea' id='block_1_4' title="bbox 633 1169 916 1187">
    <p class='ocr_par' dir='ltr' id='par_1_4' title="bbox 633 1169 916 1187">
     <span class='ocr_line' id='line_1_15' title="bbox 633 1169 916 1187; baseline 0 2032"><span class='ocrx_word' id='word_1_109' title='bbox 633 1169 916 1187; x_wconf 95' lang='lat' dir='ltr'> </span> 
     </span>
    </p>
   </div>
   <div class='ocr_carea' id='block_1_5' title="bbox 523 1287 1616 1498">
    <p class='ocr_par' dir='ltr' id='par_1_5' title="bbox 523 1287 1616 1498">
     <span class='ocr_line' id='line_1_16' title="bbox 855 1287 1287 1343; baseline 0 -1"><span class='ocrx_word' id='word_1_110' title='bbox 855 1292 1074 1343; x_wconf 87' lang='lat' dir='ltr'><strong>CAPUT</strong></span> <span class='ocrx_word' id='word_1_111' title='bbox 1110 1287 1287 1342; x_wconf 66' lang='lat' dir='ltr'>XXW.</span> 
     </span>
     <span class='ocr_line' id='line_1_17' title="bbox 523 1434 1616 1498; baseline 0 -17"><span class='ocrx_word' id='word_1_112' title='bbox 523 1434 651 1482; x_wconf 73' lang='lat' dir='ltr'>Acloe</span> <span class='ocrx_word' id='word_1_113' title='bbox 680 1452 854 1498; x_wconf 78' lang='lat' dir='ltr'>corpus</span> <span class='ocrx_word' id='word_1_114' title='bbox 881 1435 1086 1484; x_wconf 77' lang='lat' dir='ltr'>mortale</span> <span class='ocrx_word' id='word_1_115' title='bbox 1107 1435 1310 1482; x_wconf 72' lang='lat' dir='ltr'>simulet</span> <span class='ocrx_word' id='word_1_116' title='bbox 1329 1435 1616 1482; x_wconf 79' lang='lat' dir='ltr'>immortale.</span> 
     </span>
    </p>
   </div>
   <div class='ocr_carea' id='block_1_6' title="bbox 350 1571 1773 2416">
    <p class='ocr_par' dir='ltr' id='par_1_6' title="bbox 350 1571 1773 2416">
     <span class='ocr_line' id='line_1_18' title="bbox 433 1571 1767 1634; baseline 0.002 -18"><span class='ocrx_word' id='word_1_117' title='bbox 433 1574 639 1617; x_wconf 80' lang='lat' dir='ltr'>XXXVI.</span> <span class='ocrx_word' id='word_1_118' title='bbox 665 1576 866 1628; x_wconf 82' lang='lat' dir='ltr'><strong>DENIQUE</strong></span> <span class='ocrx_word' id='word_1_119' title='bbox 889 1590 979 1619; x_wconf 88' lang='lat' dir='ltr'>non</span> <span class='ocrx_word' id='word_1_120' title='bbox 1001 1575 1060 1619; x_wconf 84' lang='lat' dir='ltr'>ait</span> <span class='ocrx_word' id='word_1_121' title='bbox 1076 1573 1310 1634; x_wconf 81' lang='lat' dir='ltr'>Apostolus</span> <span class='ocrx_word' id='word_1_122' title='bbox 1327 1593 1336 1619; x_wconf 78' lang='lat' dir='ltr'>z</span> <span class='ocrx_word' id='word_1_123' title='bbox 1356 1594 1376 1618; x_wconf 88' lang='lat'>«</span> <span class='ocrx_word' id='word_1_124' title='bbox 1403 1576 1571 1634; x_wconf 90' lang='lat' dir='ltr'>Corpus</span> <span class='ocrx_word' id='word_1_125' title='bbox 1588 1571 1767 1634; x_wconf 83' lang='lat' dir='ltr'>quidem</span> 
     </span>
     <span class='ocr_line' id='line_1_19' title="bbox 376 1643 1770 1704; baseline -0.001 -18"><span class='ocrx_word' id='word_1_126' title='bbox 376 1643 558 1687; x_wconf 81' lang='lat' dir='ltr'>mortale</span> <span class='ocrx_word' id='word_1_127' title='bbox 575 1654 754 1703; x_wconf 83' lang='lat' dir='ltr'>propter</span> <span class='ocrx_word' id='word_1_128' title='bbox 768 1654 997 1704; x_wconf 85' lang='lat' dir='ltr'>peccatum</span> <span class='ocrx_word' id='word_1_129' title='bbox 1013 1666 1023 1702; x_wconf 77' lang='lat'><em>3</em></span> <span class='ocrx_word' id='word_1_130' title='bbox 1038 1663 1057 1686; x_wconf 87' lang='lat'>»</span> <span class='ocrx_word' id='word_1_131' title='bbox 1070 1644 1162 1700; x_wconf 87' lang='lat' dir='ltr'>sed,</span> <span class='ocrx_word' id='word_1_132' title='bbox 1179 1665 1198 1687; x_wconf 85' lang='lat'>‹&lt;</span> <span class='ocrx_word' id='word_1_133' title='bbox 1215 1647 1384 1704; x_wconf 84' lang='lat' dir='ltr'>Corpus</span> <span class='ocrx_word' id='word_1_134' title='bbox 1398 1653 1623 1689; x_wconf 88' lang='lat' dir='ltr'>mortuum</span> <span class='ocrx_word' id='word_1_135' title='bbox 1638 1659 1770 1703; x_wconf 86' lang='lat' dir='ltr'>prop-</span> 
     </span>
     <span class='ocr_line' id='line_1_20' title="bbox 350 1714 1773 1777; baseline 0.001 -22"><span class='ocrx_word' id='word_1_136' title='bbox 350 1716 359 1723; x_wconf 86' lang='grc'><strong>“</strong></span> <span class='ocrx_word' id='word_1_137' title='bbox 376 1733 398 1755; x_wconf 85' lang='lat'>»</span> <span class='ocrx_word' id='word_1_138' title='bbox 419 1724 485 1758; x_wconf 80' lang='lat' dir='ltr'>ter</span> <span class='ocrx_word' id='word_1_139' title='bbox 496 1724 741 1775; x_wconf 85' lang='lat' dir='ltr'>peccatum.</span> <span class='ocrx_word' id='word_1_140' title='bbox 752 1734 771 1757; x_wconf 88' lang='lat'>»</span> <span class='ocrx_word' id='word_1_141' title='bbox 786 1716 903 1760; x_wconf 91' lang='lat' dir='ltr'>Illud</span> <span class='ocrx_word' id='word_1_142' title='bbox 913 1717 1076 1777; x_wconf 87' lang='lat' dir='ltr'>quippe</span> <span class='ocrx_word' id='word_1_143' title='bbox 1090 1725 1189 1759; x_wconf 84' lang='lat' dir='ltr'>ante</span> <span class='ocrx_word' id='word_1_144' title='bbox 1204 1725 1446 1776; x_wconf 83' lang='lat' dir='ltr'>peecatum,</span> <span class='ocrx_word' id='word_1_145' title='bbox 1458 1724 1502 1759; x_wconf 90' lang='lat' dir='ltr'>et</span> <span class='ocrx_word' id='word_1_146' title='bbox 1512 1714 1694 1759; x_wconf 81' lang='lat' dir='ltr'>mortale</span> <span class='ocrx_word' id='word_1_147' title='bbox 1707 1729 1773 1758; x_wconf 85' lang='grc'>50-</span> 
     </span>
     <span class='ocr_line' id='line_1_21' title="bbox 374 1785 1767 1842; baseline -0.001 -12"><span class='ocrx_word' id='word_1_148' title='bbox 374 1785 572 1831; x_wconf 88' lang='lat' dir='ltr'>cundum</span> <span class='ocrx_word' id='word_1_149' title='bbox 592 1786 737 1842; x_wconf 85' lang='lat' dir='ltr'>aliam,</span> <span class='ocrx_word' id='word_1_150' title='bbox 755 1796 798 1831; x_wconf 88' lang='lat' dir='ltr'>et</span> <span class='ocrx_word' id='word_1_151' title='bbox 814 1787 1059 1832; x_wconf 83' lang='lat' dir='ltr'>immortale</span> <span class='ocrx_word' id='word_1_152' title='bbox 1079 1788 1321 1831; x_wconf 85' lang='lat' dir='ltr'>secundum</span> <span class='ocrx_word' id='word_1_153' title='bbox 1344 1786 1474 1831; x_wconf 88' lang='lat' dir='ltr'>aliam</span> <span class='ocrx_word' id='word_1_154' title='bbox 1494 1801 1667 1831; x_wconf 85' lang='grc'>031153111</span> <span class='ocrx_word' id='word_1_155' title='bbox 1682 1785 1767 1829; x_wconf 89' lang='lat' dir='ltr'>dici</span> 
     </span>
     <span class='ocr_line' id='line_1_22' title="bbox 372 1856 1765 1919; baseline 0 -19"><span class='ocrx_word' id='word_1_156' title='bbox 372 1867 544 1917; x_wconf 88' lang='lat' dir='ltr'>poterat</span> <span class='ocrx_word' id='word_1_157' title='bbox 573 1878 582 1903; x_wconf 79' lang='lat'>2</span> <span class='ocrx_word' id='word_1_158' title='bbox 606 1857 653 1902; x_wconf 83' lang='lat' dir='ltr'>id</span> <span class='ocrx_word' id='word_1_159' title='bbox 675 1867 753 1914; x_wconf 80' lang='lat' dir='ltr'>est,</span> <span class='ocrx_word' id='word_1_160' title='bbox 777 1858 981 1914; x_wconf 84' lang='lat' dir='ltr'>mortale,</span> <span class='ocrx_word' id='word_1_161' title='bbox 1002 1859 1105 1919; x_wconf 84' lang='lat' dir='ltr'>quia</span> <span class='ocrx_word' id='word_1_162' title='bbox 1127 1868 1299 1919; x_wconf 83' lang='lat' dir='ltr'>poterat</span> <span class='ocrx_word' id='word_1_163' title='bbox 1321 1859 1457 1916; x_wconf 64' lang='lat' dir='ltr'>mori,</span> <span class='ocrx_word' id='word_1_164' title='bbox 1493 1856 1741 1902; x_wconf 85' lang='lat' dir='ltr'>immortale</span> <span class='ocrx_word' id='word_1_165' title='bbox 1755 1892 1765 1912; x_wconf 92' lang='lat'>,</span> 
     </span>
     <span class='ocr_line' id='line_1_23' title="bbox 373 1929 1771 1991; baseline 0 -19"><span class='ocrx_word' id='word_1_166' title='bbox 373 1930 477 1989; x_wconf 84' lang='lat' dir='ltr'>quia</span> <span class='ocrx_word' id='word_1_167' title='bbox 504 1939 676 1989; x_wconf 83' lang='lat' dir='ltr'>poterat</span> <span class='ocrx_word' id='word_1_168' title='bbox 697 1947 787 1975; x_wconf 90' lang='lat' dir='ltr'>non</span> <span class='ocrx_word' id='word_1_169' title='bbox 808 1930 934 1975; x_wconf 87' lang='lat' dir='ltr'>mori.</span> <span class='ocrx_word' id='word_1_170' title='bbox 969 1930 1103 1974; x_wconf 86' lang='lat' dir='ltr'>Aliud</span> <span class='ocrx_word' id='word_1_171' title='bbox 1123 1940 1186 1975; x_wconf 90' lang='lat' dir='ltr'>cst</span> <span class='ocrx_word' id='word_1_172' title='bbox 1208 1930 1324 1974; x_wconf 87' lang='lat' dir='ltr'>enim</span> <span class='ocrx_word' id='word_1_173' title='bbox 1341 1945 1466 1991; x_wconf 89' lang='lat' dir='ltr'>posse</span> <span class='ocrx_word' id='word_1_174' title='bbox 1485 1929 1623 1984; x_wconf 87' lang='lat' dir='ltr'>mori,</span> <span class='ocrx_word' id='word_1_175' title='bbox 1660 1929 1771 1973; x_wconf 91' lang='lat' dir='ltr'>sicut</span> 
     </span>
     <span class='ocr_line' id='line_1_24' title="bbox 372 2000 1771 2061; baseline 0 -17"><span class='ocrx_word' id='word_1_176' title='bbox 372 2001 586 2061; x_wconf 87' lang='lat' dir='ltr'>quasdam</span> <span class='ocrx_word' id='word_1_177' title='bbox 597 2011 776 2047; x_wconf 81' lang='lat' dir='ltr'>naturas</span> <span class='ocrx_word' id='word_1_178' title='bbox 791 2000 1230 2046; x_wconf 73' lang='lat' dir='ltr'>immortalescreavit</span> <span class='ocrx_word' id='word_1_179' title='bbox 1245 2005 1359 2046; x_wconf 86' lang='lat' dir='ltr'>Deus</span> <span class='ocrx_word' id='word_1_180' title='bbox 1379 2019 1390 2044; x_wconf 89' lang='lat'><em>:</em></span> <span class='ocrx_word' id='word_1_181' title='bbox 1409 2000 1529 2046; x_wconf 80' lang='lat' dir='ltr'>aliud</span> <span class='ocrx_word' id='word_1_182' title='bbox 1543 2009 1607 2045; x_wconf 86' lang='lat' dir='ltr'>est</span> <span class='ocrx_word' id='word_1_183' title='bbox 1624 2009 1771 2045; x_wconf 86' lang='lat' dir='ltr'>autem</span> 
     </span>
     <span class='ocr_line' id='line_1_25' title="bbox 373 2070 1771 2134; baseline -0.001 -18"><span class='ocrx_word' id='word_1_184' title='bbox 373 2086 499 2131; x_wconf 88' lang='lat' dir='ltr'>posse</span> <span class='ocrx_word' id='word_1_185' title='bbox 521 2088 611 2117; x_wconf 89' lang='lat' dir='ltr'>non</span> <span class='ocrx_word' id='word_1_186' title='bbox 631 2073 764 2129; x_wconf 85' lang='lat' dir='ltr'>mori,</span> <span class='ocrx_word' id='word_1_187' title='bbox 791 2071 1035 2117; x_wconf 87' lang='lat' dir='ltr'>seeundum</span> <span class='ocrx_word' id='word_1_188' title='bbox 1054 2088 1188 2134; x_wconf 88' lang='lat' dir='ltr'>quem</span> <span class='ocrx_word' id='word_1_189' title='bbox 1205 2073 1387 2118; x_wconf 90' lang='lat' dir='ltr'>modum</span> <span class='ocrx_word' id='word_1_190' title='bbox 1411 2070 1580 2133; x_wconf 87' lang='lat' dir='ltr'>primus</span> <span class='ocrx_word' id='word_1_191' title='bbox 1602 2081 1771 2116; x_wconf 83' lang='lat' dir='ltr'>creatus</span> 
     </span>
     <span class='ocr_line' id='line_1_26' title="bbox 374 2143 1766 2206; baseline 0 -19"><span class='ocrx_word' id='word_1_192' title='bbox 374 2153 439 2187; x_wconf 88' lang='lat' dir='ltr'>est</span> <span class='ocrx_word' id='word_1_193' title='bbox 460 2145 594 2188; x_wconf 92' lang='lat' dir='ltr'>homo</span> <span class='ocrx_word' id='word_1_194' title='bbox 610 2144 891 2203; x_wconf 68' lang='lat' dir='ltr'>immortalis,</span> <span class='ocrx_word' id='word_1_195' title='bbox 913 2145 1033 2206; x_wconf 88' lang='lat' dir='ltr'>quod</span> <span class='ocrx_word' id='word_1_196' title='bbox 1056 2146 1094 2189; x_wconf 91' lang='lat' dir='ltr'>ei</span> <span class='ocrx_word' id='word_1_197' title='bbox 1110 2145 1400 2206; x_wconf 84' lang='lat' dir='ltr'>praestabatur</span> <span class='ocrx_word' id='word_1_198' title='bbox 1421 2143 1475 2188; x_wconf 89' lang='lat' dir='ltr'>de</span> <span class='ocrx_word' id='word_1_199' title='bbox 1494 2143 1615 2202; x_wconf 84' lang='lat' dir='ltr'>ligno</span> <span class='ocrx_word' id='word_1_200' title='bbox 1637 2144 1738 2187; x_wconf 78' lang='lat' dir='ltr'>vitae</span> <span class='ocrx_word' id='word_1_201' title='bbox 1755 2178 1766 2198; x_wconf 94' lang='lat'>,</span> 
     </span>
     <span class='ocr_line' id='line_1_27' title="bbox 373 2214 1771 2276; baseline 0 -19"><span class='ocrx_word' id='word_1_202' title='bbox 373 2229 465 2258; x_wconf 87' lang='lat' dir='ltr'>non</span> <span class='ocrx_word' id='word_1_203' title='bbox 487 2214 543 2258; x_wconf 89' lang='lat' dir='ltr'>de</span> <span class='ocrx_word' id='word_1_204' title='bbox 563 2216 875 2260; x_wconf 84' lang='lat' dir='ltr'>constitutione</span> <span class='ocrx_word' id='word_1_205' title='bbox 898 2226 1067 2260; x_wconf 83' lang='lat' dir='ltr'>naturae</span> <span class='ocrx_word' id='word_1_206' title='bbox 1094 2235 1103 2261; x_wconf 84' lang='lat' dir='ltr'>z</span> <span class='ocrx_word' id='word_1_207' title='bbox 1125 2232 1149 2260; x_wconf 90' lang='grc'>3</span> <span class='ocrx_word' id='word_1_208' title='bbox 1185 2231 1275 2276; x_wconf 86' lang='grc'>(1110</span> <span class='ocrx_word' id='word_1_209' title='bbox 1302 2214 1423 2274; x_wconf 80' lang='lat' dir='ltr'>ligno</span> <span class='ocrx_word' id='word_1_210' title='bbox 1453 2223 1675 2274; x_wconf 72' lang='lat' dir='ltr'>separatus</span> <span class='ocrx_word' id='word_1_211' title='bbox 1706 2222 1771 2258; x_wconf 86' lang='lat' dir='ltr'>est</span> 
     </span>
     <span class='ocr_line' id='line_1_28' title="bbox 368 2285 1771 2348; baseline -0.001 -19"><span class='ocrx_word' id='word_1_212' title='bbox 368 2301 478 2330; x_wconf 89' lang='lat' dir='ltr'>-cum</span> <span class='ocrx_word' id='word_1_213' title='bbox 501 2296 743 2346; x_wconf 84' lang='lat' dir='ltr'>peccasset,</span> <span class='ocrx_word' id='word_1_214' title='bbox 765 2297 814 2331; x_wconf 89' lang='lat' dir='ltr'>ut</span> <span class='ocrx_word' id='word_1_215' title='bbox 828 2297 974 2347; x_wconf 84' lang='lat' dir='ltr'>posset</span> <span class='ocrx_word' id='word_1_216' title='bbox 995 2287 1106 2332; x_wconf 91' lang='lat' dir='ltr'>mori</span> <span class='ocrx_word' id='word_1_217' title='bbox 1126 2323 1137 2343; x_wconf 91' lang='lat'>,</span> <span class='ocrx_word' id='word_1_218' title='bbox 1160 2287 1239 2348; x_wconf 88' lang='lat' dir='ltr'>q-ui</span> <span class='ocrx_word' id='word_1_219' title='bbox 1261 2285 1341 2330; x_wconf 87' lang='lat' dir='ltr'>nisi</span> <span class='ocrx_word' id='word_1_220' title='bbox 1358 2294 1604 2346; x_wconf 70' lang='lat' dir='ltr'>peccasset,</span> <span class='ocrx_word' id='word_1_221' title='bbox 1626 2292 1771 2345; x_wconf 86' lang='lat' dir='ltr'>posset</span> 
     </span>
     <span class='ocr_line' id='line_1_29' title="bbox 367 2352 1766 2416; baseline -0.001 -16"><span class='ocrx_word' id='word_1_222' title='bbox 367 2372 466 2401; x_wconf 44' lang='grc'>’11011</span> <span class='ocrx_word' id='word_1_223' title='bbox 486 2357 611 2401; x_wconf 88' lang='grc'>111011.</span> <span class='ocrx_word' id='word_1_224' title='bbox 633 2357 828 2403; x_wconf 86' lang='lat' dir='ltr'>Mortalis</span> <span class='ocrx_word' id='word_1_225' title='bbox 849 2373 951 2416; x_wconf 82' lang='lat' dir='ltr'>ergo</span> <span class='ocrx_word' id='word_1_226' title='bbox 969 2367 1061 2403; x_wconf 86' lang='lat' dir='ltr'>erat</span> <span class='ocrx_word' id='word_1_227' title='bbox 1074 2356 1327 2403; x_wconf 87' lang='lat' dir='ltr'>conditione</span> <span class='ocrx_word' id='word_1_228' title='bbox 1343 2356 1537 2416; x_wconf 87' lang='lat' dir='ltr'>eorporis</span> <span class='ocrx_word' id='word_1_229' title='bbox 1553 2352 1766 2410; x_wconf 79' lang='lat' dir='ltr'>ani-malis,</span> 
     </span>
    </p>
   </div>
   <div class='ocr_carea' id='block_1_7' title="bbox 375 2452 1769 2558">
    <p class='ocr_par' dir='ltr' id='par_1_7' title="bbox 375 2452 1769 2558">
     <span class='ocr_line' id='line_1_30' title="bbox 425 2452 1769 2498; baseline 0.001 -13"><span class='ocrx_word' id='word_1_230' title='bbox 425 2459 435 2475; x_wconf 91' lang='lat'><em>¹</em></span> <span class='ocrx_word' id='word_1_231' title='bbox 452 2453 565 2486; x_wconf 80' lang='lat' dir='ltr'>Matth.</span> <span class='ocrx_word' id='word_1_232' title='bbox 582 2466 662 2496; x_wconf 83' lang='lat' dir='ltr'>xxu,</span> <span class='ocrx_word' id='word_1_233' title='bbox 682 2455 734 2488; x_wconf 83' lang='lat'>30.</span> <span class='ocrx_word' id='word_1_234' title='bbox 756 2472 798 2478; x_wconf 88' lang='lat'>——</span> <span class='ocrx_word' id='word_1_235' title='bbox 820 2461 833 2477; x_wconf 89' lang='lat'><em>2</em></span> <span class='ocrx_word' id='word_1_236' title='bbox 848 2454 963 2497; x_wconf 55' lang='lat' dir='ltr'>Ephe-s,</span> <span class='ocrx_word' id='word_1_237' title='bbox 987 2467 1032 2498; x_wconf 78' lang='lat' dir='ltr'>iv,</span> <span class='ocrx_word' id='word_1_238' title='bbox 1052 2456 1107 2488; x_wconf 83' lang='lat'>23.</span> <span class='ocrx_word' id='word_1_239' title='bbox 1121 2472 1163 2478; x_wconf 91' lang='lat'>—-</span> <span class='ocrx_word' id='word_1_240' title='bbox 1184 2454 1247 2488; x_wconf 75' lang='lat'>³111</span> <span class='ocrx_word' id='word_1_241' title='bbox 1267 2455 1362 2488; x_wconf 82' lang='lat' dir='ltr'>editis</span> <span class='ocrx_word' id='word_1_242' title='bbox 1373 2458 1471 2498; x_wconf 81' lang='lat' dir='ltr'>caput</span> <span class='ocrx_word' id='word_1_243' title='bbox 1494 2465 1559 2487; x_wconf 82' lang='lat' dir='ltr'>xxv</span> <span class='ocrx_word' id='word_1_244' title='bbox 1576 2452 1769 2497; x_wconf 84' lang='lat' dir='ltr'>principium</span> 
     </span>
     <span class='ocr_line' id='line_1_31' title="bbox 375 2510 1098 2558; baseline 0.001 -14"><span class='ocrx_word' id='word_1_245' title='bbox 375 2510 472 2544; x_wconf 82' lang='lat' dir='ltr'>sumit</span> <span class='ocrx_word' id='word_1_246' title='bbox 492 2511 534 2544; x_wconf 81' lang='lat' dir='ltr'>ab</span> <span class='ocrx_word' id='word_1_247' title='bbox 551 2511 598 2546; x_wconf 81' lang='lat' dir='ltr'>his</span> <span class='ocrx_word' id='word_1_248' title='bbox 616 2512 725 2545; x_wconf 81' lang='lat' dir='ltr'>verbis</span> <span class='ocrx_word' id='word_1_249' title='bbox 740 2524 747 2544; x_wconf 72' lang='grc' dir='ltr'>ε</span> <span class='ocrx_word' id='word_1_250' title='bbox 769 2511 867 2545; x_wconf 82' lang='lat' dir='ltr'>Illud</span> <span class='ocrx_word' id='word_1_251' title='bbox 876 2513 1014 2558; x_wconf 73' lang='lat' dir='ltr'>quippe,</span> <span class='ocrx_word' id='word_1_252' title='bbox 1034 2517 1098 2545; x_wconf 86' lang='grc'>010.</span> 
     </span>
    </p>
   </div>
  </div>
 </body>
</html>
