<?xml version="1.0" encoding="UTF-8"?>
<!DOCTYPE html PUBLIC "-//W3C//DTD XHTML 1.0 Transitional//EN"
    "http://www.w3.org/TR/xhtml1/DTD/xhtml1-transitional.dtd">
<html xmlns="http://www.w3.org/1999/xhtml" xml:lang="en" lang="en">
 <head>
  <title>
</title>
<meta http-equiv="Content-Type" content="text/html;charset=utf-8" />
  <meta name='ocr-system' content='tesseract 3.04.00' />
  <meta name='ocr-capabilities' content='ocr_page ocr_carea ocr_par ocr_line ocrx_word'/>
</head>
<body>
  <div class='ocr_page' id='page_1' title='image "./operaomniaaccura05auguuoft_0146.png"; bbox 0 0 1854 3219; ppageno 0'>
   <div class='ocr_carea' id='block_1_1' title="bbox 411 240 1360 279">
    <p class='ocr_par' dir='ltr' id='par_1_1' title="bbox 411 240 1360 279">
     <span class='ocr_line' id='line_1_1' title="bbox 411 240 1360 279; baseline 0 -1"><span class='ocrx_word' id='word_1_1' title='bbox 411 240 491 278; x_wconf 75' lang='lat'>132</span> <span class='ocrx_word' id='word_1_2' title='bbox 845 252 878 277; x_wconf 86' lang='lat' dir='ltr'>s.</span> <span class='ocrx_word' id='word_1_3' title='bbox 916 249 1145 278; x_wconf 63' lang='lat' dir='ltr'>Moesum</span> <span class='ocrx_word' id='word_1_4' title='bbox 1179 252 1360 279; x_wconf 67' lang='lat' dir='ltr'>Episcopi</span> 
     </span>
    </p>
   </div>
   <div class='ocr_carea' id='block_1_2' title="bbox 376 314 1795 2587">
    <p class='ocr_par' dir='ltr' id='par_1_2' title="bbox 380 314 1795 2086">
     <span class='ocr_line' id='line_1_2' title="bbox 401 314 1795 377; baseline 0 -16"><span class='ocrx_word' id='word_1_5' title='bbox 401 326 549 377; x_wconf 85' lang='lat' dir='ltr'>postea</span> <span class='ocrx_word' id='word_1_6' title='bbox 572 323 712 360; x_wconf 81' lang='lat' dir='ltr'>vocat.</span> <span class='ocrx_word' id='word_1_7' title='bbox 734 314 910 360; x_wconf 87' lang='lat' dir='ltr'>Coelesti</span> <span class='ocrx_word' id='word_1_8' title='bbox 933 325 1078 360; x_wconf 85' lang='lat' dir='ltr'>autem</span> <span class='ocrx_word' id='word_1_9' title='bbox 1096 332 1275 376; x_wconf 89' lang='lat' dir='ltr'>corpore</span> <span class='ocrx_word' id='word_1_10' title='bbox 1298 315 1406 360; x_wconf 89' lang='lat' dir='ltr'>nihil</span> <span class='ocrx_word' id='word_1_11' title='bbox 1434 325 1498 360; x_wconf 88' lang='lat' dir='ltr'>est</span> <span class='ocrx_word' id='word_1_12' title='bbox 1528 317 1574 360; x_wconf 89' lang='lat' dir='ltr'>in</span> <span class='ocrx_word' id='word_1_13' title='bbox 1601 318 1795 376; x_wconf 84' lang='lat' dir='ltr'>corpori-</span> 
     </span>
     <span class='ocr_line' id='line_1_3' title="bbox 399 384 1795 447; baseline 0 -16"><span class='ocrx_word' id='word_1_14' title='bbox 399 387 482 432; x_wconf 77' lang='lat' dir='ltr'>‚bus</span> <span class='ocrx_word' id='word_1_15' title='bbox 511 385 679 430; x_wconf 88' lang='lat' dir='ltr'>melius.</span> <span class='ocrx_word' id='word_1_16' title='bbox 715 384 809 430; x_wconf 78' lang='lat' dir='ltr'>Alia</span> <span class='ocrx_word' id='word_1_17' title='bbox 832 386 994 446; x_wconf 82' lang='lat' dir='ltr'>quippe</span> <span class='ocrx_word' id='word_1_18' title='bbox 1017 403 1197 447; x_wconf 87' lang='lat' dir='ltr'>corpora</span> <span class='ocrx_word' id='word_1_19' title='bbox 1219 386 1433 442; x_wconf 81' lang='lat' dir='ltr'>coelestia,</span> <span class='ocrx_word' id='word_1_20' title='bbox 1459 396 1502 431; x_wconf 90' lang='lat' dir='ltr'>et</span> <span class='ocrx_word' id='word_1_21' title='bbox 1524 386 1607 430; x_wconf 83' lang='lat' dir='ltr'>alia</span> <span class='ocrx_word' id='word_1_22' title='bbox 1638 396 1795 431; x_wconf 86' lang='lat' dir='ltr'>terres-</span> 
     </span>
     <span class='ocr_line' id='line_1_4' title="bbox 401 455 1793 518; baseline 0 -16"><span class='ocrx_word' id='word_1_23' title='bbox 401 458 479 502; x_wconf 84' lang='lat' dir='ltr'>tria</span> <span class='ocrx_word' id='word_1_24' title='bbox 497 478 508 514; x_wconf 76' lang='lat'>3</span> <span class='ocrx_word' id='word_1_25' title='bbox 541 465 584 500; x_wconf 92' lang='lat' dir='ltr'>et</span> <span class='ocrx_word' id='word_1_26' title='bbox 616 457 770 517; x_wconf 90' lang='lat' dir='ltr'>utique</span> <span class='ocrx_word' id='word_1_27' title='bbox 788 455 979 501; x_wconf 85' lang='lat' dir='ltr'>coelestia</span> <span class='ocrx_word' id='word_1_28' title='bbox 1001 457 1178 502; x_wconf 84' lang='lat' dir='ltr'>meliora</span> <span class='ocrx_word' id='word_1_29' title='bbox 1196 477 1204 502; x_wconf 90' lang='lat'>:</span> <span class='ocrx_word' id='word_1_30' title='bbox 1230 473 1419 518; x_wconf 84' lang='lat' dir='ltr'>quorum</span> <span class='ocrx_word' id='word_1_31' title='bbox 1441 466 1643 501; x_wconf 84' lang='lat' dir='ltr'>naturam</span> <span class='ocrx_word' id='word_1_32' title='bbox 1662 458 1793 518; x_wconf 88' lang='lat' dir='ltr'>quid-</span> 
     </span>
     <span class='ocr_line' id='line_1_5' title="bbox 398 527 1790 590; baseline 0.001 -18"><span class='ocrx_word' id='word_1_33' title='bbox 398 527 507 590; x_wconf 89' lang='lat' dir='ltr'>quid</span> <span class='ocrx_word' id='word_1_34' title='bbox 536 529 710 583; x_wconf 78' lang='lat' dir='ltr'><strong>transit,</strong></span> <span class='ocrx_word' id='word_1_35' title='bbox 734 529 878 573; x_wconf 82' lang='lat' dir='ltr'>nescio</span> <span class='ocrx_word' id='word_1_36' title='bbox 901 529 1274 589; x_wconf 85' lang='lat' dir='ltr'>quemadmodum</span> <span class='ocrx_word' id='word_1_37' title='bbox 1297 545 1454 589; x_wconf 87' lang='lat' dir='ltr'>corpus</span> <span class='ocrx_word' id='word_1_38' title='bbox 1468 529 1601 588; x_wconf 87' lang='lat' dir='ltr'>possit</span> <span class='ocrx_word' id='word_1_39' title='bbox 1617 530 1760 574; x_wconf 86' lang='lat' dir='ltr'>vocari</span> <span class='ocrx_word' id='word_1_40' title='bbox 1779 551 1790 587; x_wconf 77' lang='lat'>3</span> 
     </span>
     <span class='ocr_line' id='line_1_6' title="bbox 396 599 1792 661; baseline 0.001 -17"><span class='ocrx_word' id='word_1_41' title='bbox 396 600 473 645; x_wconf 87' lang='lat' dir='ltr'>sed</span> <span class='ocrx_word' id='word_1_42' title='bbox 496 610 559 645; x_wconf 88' lang='lat' dir='ltr'>est</span> <span class='ocrx_word' id='word_1_43' title='bbox 581 599 761 645; x_wconf 85' lang='lat' dir='ltr'>fortasse</span> <span class='ocrx_word' id='word_1_44' title='bbox 783 601 845 645; x_wconf 88' lang='lat' dir='ltr'>vis</span> <span class='ocrx_word' id='word_1_45' title='bbox 868 601 1072 661; x_wconf 81' lang='lat' dir='ltr'>quaedam</span> <span class='ocrx_word' id='word_1_46' title='bbox 1098 602 1294 661; x_wconf 84' lang='lat' dir='ltr'>subjecta</span> <span class='ocrx_word' id='word_1_47' title='bbox 1318 601 1496 656; x_wconf 82' lang='lat' dir='ltr'>rationi,</span> <span class='ocrx_word' id='word_1_48' title='bbox 1523 617 1609 661; x_wconf 83' lang='lat' dir='ltr'>qua</span> <span class='ocrx_word' id='word_1_49' title='bbox 1624 601 1792 645; x_wconf 84' lang='lat' dir='ltr'>ratione</span> 
     </span>
     <span class='ocr_line' id='line_1_7' title="bbox 394 671 1791 733; baseline 0 -16"><span class='ocrx_word' id='word_1_50' title='bbox 394 675 510 718; x_wconf 89' lang='lat' dir='ltr'>Deus</span> <span class='ocrx_word' id='word_1_51' title='bbox 533 673 778 733; x_wconf 81' lang='lat' dir='ltr'>veritasque</span> <span class='ocrx_word' id='word_1_52' title='bbox 801 675 1077 732; x_wconf 81' lang='lat' dir='ltr'>cognoscitur</span> <span class='ocrx_word' id='word_1_53' title='bbox 1099 693 1108 718; x_wconf 90' lang='lat'>:</span> <span class='ocrx_word' id='word_1_54' title='bbox 1127 683 1417 733; x_wconf 69' lang='lat' dir='ltr'>(praeliatura,</span> <span class='ocrx_word' id='word_1_55' title='bbox 1435 672 1536 733; x_wconf 90' lang='lat' dir='ltr'>quia</span> <span class='ocrx_word' id='word_1_56' title='bbox 1551 671 1791 717; x_wconf 81' lang='lat' dir='ltr'>formabilis</span> 
     </span>
     <span class='ocr_line' id='line_1_8' title="bbox 395 743 1790 804; baseline -0.001 -16"><span class='ocrx_word' id='word_1_57' title='bbox 395 753 460 788; x_wconf 82' lang='lat' dir='ltr'>est</span> <span class='ocrx_word' id='word_1_58' title='bbox 487 744 648 788; x_wconf 83' lang='lat' dir='ltr'>virtute</span> <span class='ocrx_word' id='word_1_59' title='bbox 681 754 812 804; x_wconf 88' lang='lat' dir='ltr'>atque</span> <span class='ocrx_word' id='word_1_60' title='bbox 840 743 1093 804; x_wconf 83' lang='lat' dir='ltr'>prudentia,</span> <span class='ocrx_word' id='word_1_61' title='bbox 1119 746 1243 804; x_wconf 85' lang='lat' dir='ltr'>cujus</span> <span class='ocrx_word' id='word_1_62' title='bbox 1266 744 1411 801; x_wconf 80' lang='lat' dir='ltr'>vigore</span> <span class='ocrx_word' id='word_1_63' title='bbox 1442 743 1670 787; x_wconf 79' lang='lat' dir='ltr'><strong>cohibetur</strong></span> <span class='ocrx_word' id='word_1_64' title='bbox 1699 745 1790 804; x_wconf 88' lang='lat' dir='ltr'>ejus</span> 
     </span>
     <span class='ocr_line' id='line_1_9' title="bbox 395 813 1790 876; baseline 0 -17"><span class='ocrx_word' id='word_1_65' title='bbox 395 815 624 859; x_wconf 71' lang='lat' dir='ltr'>fluctuatio</span> <span class='ocrx_word' id='word_1_66' title='bbox 647 824 777 876; x_wconf 82' lang='lat' dir='ltr'>atque</span> <span class='ocrx_word' id='word_1_67' title='bbox 795 815 1130 873; x_wconf 77' lang='lat' dir='ltr'>constringitur,</span> <span class='ocrx_word' id='word_1_68' title='bbox 1161 824 1204 858; x_wconf 85' lang='lat' dir='ltr'>et</span> <span class='ocrx_word' id='word_1_69' title='bbox 1226 814 1281 858; x_wconf 87' lang='lat' dir='ltr'>ob</span> <span class='ocrx_word' id='word_1_70' title='bbox 1299 815 1382 858; x_wconf 92' lang='lat' dir='ltr'>hoc</span> <span class='ocrx_word' id='word_1_71' title='bbox 1408 814 1531 874; x_wconf 84' lang='lat' dir='ltr'>quasi</span> <span class='ocrx_word' id='word_1_72' title='bbox 1558 813 1790 859; x_wconf 84' lang='lat' dir='ltr'>materialis</span> 
     </span>
     <span class='ocr_line' id='line_1_10' title="bbox 391 884 1789 947; baseline 0 -18"><span class='ocrx_word' id='word_1_73' title='bbox 391 895 592 946; x_wconf 87' lang='lat' dir='ltr'>apparet,</span> <span class='ocrx_word' id='word_1_74' title='bbox 618 895 734 930; x_wconf 87' lang='lat' dir='ltr'>recte</span> <span class='ocrx_word' id='word_1_75' title='bbox 756 902 867 947; x_wconf 85' lang='lat' dir='ltr'>aqua</span> <span class='ocrx_word' id='word_1_76' title='bbox 895 885 1102 930; x_wconf 88' lang='lat' dir='ltr'>divinitus</span> <span class='ocrx_word' id='word_1_77' title='bbox 1120 884 1337 945; x_wconf 86' lang='lat' dir='ltr'>appellata</span> <span class='ocrx_word' id='word_1_78' title='bbox 1359 895 1450 943; x_wconf 82' lang='lat' dir='ltr'>est3</span> <span class='ocrx_word' id='word_1_79' title='bbox 1477 901 1566 929; x_wconf 88' lang='lat' dir='ltr'>non</span> <span class='ocrx_word' id='word_1_80' title='bbox 1588 885 1789 930; x_wconf 87' lang='lat' dir='ltr'>locorum</span> 
     </span>
     <span class='ocr_line' id='line_1_11' title="bbox 389 956 1790 1018; baseline -0.001 -16"><span class='ocrx_word' id='word_1_81' title='bbox 389 958 550 1018; x_wconf 82' lang='lat' dir='ltr'>spatio,</span> <span class='ocrx_word' id='word_1_82' title='bbox 576 959 652 1002; x_wconf 90' lang='lat' dir='ltr'>sed</span> <span class='ocrx_word' id='word_1_83' title='bbox 668 958 823 1002; x_wconf 88' lang='lat' dir='ltr'>merito</span> <span class='ocrx_word' id='word_1_84' title='bbox 845 967 1013 1002; x_wconf 77' lang='lat' dir='ltr'>naturae</span> <span class='ocrx_word' id='word_1_85' title='bbox 1026 957 1294 1017; x_wconf 82' lang='lat' dir='ltr'>incorporeae</span> <span class='ocrx_word' id='word_1_86' title='bbox 1311 956 1412 1001; x_wconf 88' lang='lat' dir='ltr'>coeli</span> <span class='ocrx_word' id='word_1_87' title='bbox 1434 957 1631 1017; x_wconf 88' lang='lat' dir='ltr'>corporei</span> <span class='ocrx_word' id='word_1_88' title='bbox 1654 956 1790 1001; x_wconf 89' lang='lat' dir='ltr'>ambi-</span> 
     </span>
     <span class='ocr_line' id='line_1_12' title="bbox 390 1027 1783 1090; baseline -0.001 -17"><span class='ocrx_word' id='word_1_89' title='bbox 390 1039 487 1074; x_wconf 86' lang='lat' dir='ltr'>tum</span> <span class='ocrx_word' id='word_1_90' title='bbox 505 1029 730 1074; x_wconf 79' lang='lat' dir='ltr'>excedens.</span> <span class='ocrx_word' id='word_1_91' title='bbox 757 1032 813 1073; x_wconf 87' lang='lat' dir='ltr'>Et</span> <span class='ocrx_word' id='word_1_92' title='bbox 835 1029 1044 1090; x_wconf 83' lang='lat' dir='ltr'>quoniam</span> <span class='ocrx_word' id='word_1_93' title='bbox 1061 1027 1568 1073; x_wconf 74' lang='lat' dir='ltr'>coelum&#39;firmamentum</span> <span class='ocrx_word' id='word_1_94' title='bbox 1591 1029 1783 1083; x_wconf 87' lang='lat' dir='ltr'>vocavit,</span> 
     </span>
     <span class='ocr_line' id='line_1_13' title="bbox 389 1099 1787 1161; baseline 0 -15"><span class='ocrx_word' id='word_1_95' title='bbox 389 1118 480 1147; x_wconf 92' lang='lat' dir='ltr'>non</span> <span class='ocrx_word' id='word_1_96' title='bbox 505 1101 693 1146; x_wconf 87' lang='lat' dir='ltr'>absurde</span> <span class='ocrx_word' id='word_1_97' title='bbox 711 1101 967 1159; x_wconf 74' lang='lat' dir='ltr'>intelligitur</span> <span class='ocrx_word' id='word_1_98' title='bbox 982 1100 1199 1161; x_wconf 80' lang='lat' dir='ltr'>quidquid</span> <span class='ocrx_word' id='word_1_99' title='bbox 1220 1099 1333 1144; x_wconf 85' lang='lat' dir='ltr'>infra</span> <span class='ocrx_word' id='word_1_100' title='bbox 1356 1101 1595 1145; x_wconf 68' lang='lat' dir='ltr'>{ethereum</span> <span class='ocrx_word' id='word_1_101' title='bbox 1623 1100 1787 1146; x_wconf 86' lang='lat' dir='ltr'>coelum</span> 
     </span>
     <span class='ocr_line' id='line_1_14' title="bbox 391 1171 1785 1234; baseline -0.001 -16"><span class='ocrx_word' id='word_1_102' title='bbox 391 1183 476 1229; x_wconf 87' lang='lat' dir='ltr'>est,</span> <span class='ocrx_word' id='word_1_103' title='bbox 507 1173 552 1217; x_wconf 92' lang='lat' dir='ltr'>in</span> <span class='ocrx_word' id='word_1_104' title='bbox 574 1189 663 1234; x_wconf 87' lang='lat' dir='ltr'>quo</span> <span class='ocrx_word' id='word_1_105' title='bbox 691 1183 843 1232; x_wconf 71' lang='lat' dir='ltr'>pacata</span> <span class='ocrx_word' id='word_1_106' title='bbox 865 1182 995 1232; x_wconf 86' lang='lat' dir='ltr'>atque</span> <span class='ocrx_word' id='word_1_107' title='bbox 1019 1172 1188 1216; x_wconf 83' lang='lat' dir='ltr'>firmata</span> <span class='ocrx_word' id='word_1_108' title='bbox 1210 1181 1313 1215; x_wconf 88' lang='lat' dir='ltr'>sunt</span> <span class='ocrx_word' id='word_1_109' title='bbox 1335 1171 1503 1226; x_wconf 83' lang='lat' dir='ltr'>onmia,</span> <span class='ocrx_word' id='word_1_110' title='bbox 1530 1172 1785 1217; x_wconf 75' lang='lat' dir='ltr'>mutabilius</span> 
     </span>
     <span class='ocr_line' id='line_1_15' title="bbox 387 1241 1785 1302; baseline -0.001 -13"><span class='ocrx_word' id='word_1_111' title='bbox 387 1259 477 1289; x_wconf 88' lang='lat' dir='ltr'>esse</span> <span class='ocrx_word' id='word_1_112' title='bbox 491 1253 535 1288; x_wconf 91' lang='lat' dir='ltr'>et</span> <span class='ocrx_word' id='word_1_113' title='bbox 552 1243 861 1288; x_wconf 84' lang='lat' dir='ltr'>dissolubilius.</span> <span class='ocrx_word' id='word_1_114' title='bbox 889 1242 1019 1296; x_wconf 85' lang='lat' dir='ltr'>Quod</span> <span class='ocrx_word' id='word_1_115' title='bbox 1045 1258 1180 1301; x_wconf 81' lang='lat' dir='ltr'>genus</span> <span class='ocrx_word' id='word_1_116' title='bbox 1205 1241 1439 1302; x_wconf 87' lang='lat' dir='ltr'>corporalis</span> <span class='ocrx_word' id='word_1_117' title='bbox 1466 1243 1656 1286; x_wconf 84' lang='lat' dir='ltr'>materiae</span> <span class='ocrx_word' id='word_1_118' title='bbox 1685 1253 1785 1288; x_wconf 87' lang='lat' dir='ltr'>ante</span> 
     </span>
     <span class='ocr_line' id='line_1_16' title="bbox 387 1312 1784 1375; baseline -0.001 -16"><span class='ocrx_word' id='word_1_119' title='bbox 387 1325 609 1375; x_wconf 79' lang='lat' dir='ltr'>acceptam</span> <span class='ocrx_word' id='word_1_120' title='bbox 627 1315 814 1375; x_wconf 86' lang='lat' dir='ltr'>speciem</span> <span class='ocrx_word' id='word_1_121' title='bbox 841 1313 1254 1373; x_wconf 78' lang='lat' dir='ltr'>distinctionemque</span> <span class='ocrx_word' id='word_1_122' title='bbox 1277 1312 1529 1368; x_wconf 79' lang='lat' dir='ltr'>formatum,</span> <span class='ocrx_word' id='word_1_123' title='bbox 1556 1330 1579 1357; x_wconf 88' lang='lat' dir='ltr'>a</span> <span class='ocrx_word' id='word_1_124' title='bbox 1599 1330 1685 1374; x_wconf 80' lang='lat' dir='ltr'>qua</span> <span class='ocrx_word' id='word_1_125' title='bbox 1708 1315 1784 1358; x_wconf 82' lang='lat' dir='ltr'>fir-</span> 
     </span>
     <span class='ocr_line' id='line_1_17' title="bbox 386 1383 1784 1444; baseline -0.001 -14"><span class='ocrx_word' id='word_1_126' title='bbox 386 1396 659 1430; x_wconf 83' lang='lat' dir='ltr'>mamentum</span> <span class='ocrx_word' id='word_1_127' title='bbox 695 1386 969 1430; x_wconf 87' lang='lat' dir='ltr'>nominatum</span> <span class='ocrx_word' id='word_1_128' title='bbox 1002 1393 1091 1439; x_wconf 86' lang='lat' dir='ltr'>est,</span> <span class='ocrx_word' id='word_1_129' title='bbox 1129 1383 1309 1428; x_wconf 84' lang='lat' dir='ltr'>suerunt</span> <span class='ocrx_word' id='word_1_130' title='bbox 1335 1384 1412 1444; x_wconf 84' lang='lat' dir='ltr'>qui</span> <span class='ocrx_word' id='word_1_131' title='bbox 1446 1383 1675 1428; x_wconf 74' lang='lat' dir='ltr'>crederent</span> <span class='ocrx_word' id='word_1_132' title='bbox 1706 1385 1784 1429; x_wconf 89' lang='lat' dir='ltr'>bas</span> 
     </span>
     <span class='ocr_line' id='line_1_18' title="bbox 386 1453 1778 1517; baseline -0.001 -16"><span class='ocrx_word' id='word_1_133' title='bbox 386 1456 574 1501; x_wconf 85' lang='lat' dir='ltr'>visibiles</span> <span class='ocrx_word' id='word_1_134' title='bbox 597 1472 730 1517; x_wconf 81' lang='lat' dir='ltr'>aquas</span> <span class='ocrx_word' id='word_1_135' title='bbox 752 1465 795 1500; x_wconf 88' lang='lat' dir='ltr'>et</span> <span class='ocrx_word' id='word_1_136' title='bbox 813 1454 988 1514; x_wconf 71' lang='lat' dir='ltr'>frigidas</span> <span class='ocrx_word' id='word_1_137' title='bbox 1012 1454 1283 1514; x_wconf 87' lang='lat' dir='ltr'>superficiem</span> <span class='ocrx_word' id='word_1_138' title='bbox 1306 1453 1406 1499; x_wconf 88' lang='lat' dir='ltr'>coeli</span> <span class='ocrx_word' id='word_1_139' title='bbox 1428 1454 1778 1515; x_wconf 84' lang='lat' dir='ltr'>superamplecti.</span> 
     </span>
     <span class='ocr_line' id='line_1_19' title="bbox 386 1525 1782 1572; baseline -0.001 0"><span class='ocrx_word' id='word_1_140' title='bbox 386 1530 445 1572; x_wconf 91' lang='lat' dir='ltr'>Et</span> <span class='ocrx_word' id='word_1_141' title='bbox 466 1526 779 1572; x_wconf 88' lang='lat' dir='ltr'>documentum</span> <span class='ocrx_word' id='word_1_142' title='bbox 805 1525 1011 1570; x_wconf 80' lang='lat' dir='ltr'>adhibere</span> <span class='ocrx_word' id='word_1_143' title='bbox 1035 1526 1178 1570; x_wconf 84' lang='lat' dir='ltr'>conati</span> <span class='ocrx_word' id='word_1_144' title='bbox 1194 1535 1295 1570; x_wconf 84' lang='lat' dir='ltr'>sunt</span> <span class='ocrx_word' id='word_1_145' title='bbox 1327 1525 1382 1570; x_wconf 88' lang='lat' dir='ltr'>de</span> <span class='ocrx_word' id='word_1_146' title='bbox 1409 1525 1612 1570; x_wconf 82' lang='lat' dir='ltr'>tarditate</span> <span class='ocrx_word' id='word_1_147' title='bbox 1646 1525 1782 1570; x_wconf 87' lang='lat' dir='ltr'>steHae</span> 
     </span>
     <span class='ocr_line' id='line_1_20' title="bbox 385 1597 1782 1658; baseline -0.001 -16"><span class='ocrx_word' id='word_1_148' title='bbox 385 1599 516 1642; x_wconf 88' lang='lat' dir='ltr'>unius</span> <span class='ocrx_word' id='word_1_149' title='bbox 539 1597 593 1642; x_wconf 88' lang='lat' dir='ltr'>de</span> <span class='ocrx_word' id='word_1_150' title='bbox 612 1607 777 1658; x_wconf 87' lang='lat' dir='ltr'>septem</span> <span class='ocrx_word' id='word_1_151' title='bbox 800 1597 1084 1657; x_wconf 76' lang='lat' dir='ltr'>vagantibus,</span> <span class='ocrx_word' id='word_1_152' title='bbox 1106 1613 1205 1657; x_wconf 83' lang='lat' dir='ltr'>quae</span> <span class='ocrx_word' id='word_1_153' title='bbox 1228 1597 1423 1656; x_wconf 87' lang='lat' dir='ltr'>superior</span> <span class='ocrx_word' id='word_1_154' title='bbox 1441 1607 1505 1641; x_wconf 86' lang='lat' dir='ltr'>est</span> <span class='ocrx_word' id='word_1_155' title='bbox 1527 1597 1714 1652; x_wconf 60' lang='lat' dir='ltr'>caeteris,</span> <span class='ocrx_word' id='word_1_156' title='bbox 1739 1607 1782 1642; x_wconf 88' lang='lat' dir='ltr'>ct</span> 
     </span>
     <span class='ocr_line' id='line_1_21' title="bbox 385 1668 1780 1728; baseline -0.001 -13"><span class='ocrx_word' id='word_1_157' title='bbox 385 1687 409 1715; x_wconf 85' lang='lat' dir='ltr'>a</span> <span class='ocrx_word' id='word_1_158' title='bbox 436 1671 581 1715; x_wconf 89' lang='lat' dir='ltr'>Grecis</span> <span class='ocrx_word' id='word_1_159' title='bbox 613 1678 728 1723; x_wconf 60' lang='grc' dir='ltr'>φαίνων</span> <span class='ocrx_word' id='word_1_160' title='bbox 757 1669 931 1723; x_wconf 76' lang='lat' dir='ltr'>dicitur,</span> <span class='ocrx_word' id='word_1_161' title='bbox 954 1678 995 1711; x_wconf 84' lang='lat' dir='ltr'>et</span> <span class='ocrx_word' id='word_1_162' title='bbox 1015 1669 1190 1728; x_wconf 72' lang='lat' dir='ltr'>triginta</span> <span class='ocrx_word' id='word_1_163' title='bbox 1210 1670 1331 1712; x_wconf 84' lang='lat' dir='ltr'>annis</span> <span class='ocrx_word' id='word_1_164' title='bbox 1347 1668 1780 1728; x_wconf 71' lang='lat' dir='ltr'>peragitsignilerum</span> 
     </span>
     <span class='ocr_line' id='line_1_22' title="bbox 383 1740 1781 1801; baseline -0.001 -15"><span class='ocrx_word' id='word_1_165' title='bbox 383 1742 618 1796; x_wconf 84' lang='lat' dir='ltr'>circulum,</span> <span class='ocrx_word' id='word_1_166' title='bbox 645 1751 695 1785; x_wconf 87' lang='lat' dir='ltr'>ut</span> <span class='ocrx_word' id='word_1_167' title='bbox 712 1741 769 1785; x_wconf 93' lang='lat' dir='ltr'>ob</span> <span class='ocrx_word' id='word_1_168' title='bbox 786 1742 870 1785; x_wconf 91' lang='lat' dir='ltr'>hoc</span> <span class='ocrx_word' id='word_1_169' title='bbox 894 1740 1014 1784; x_wconf 82' lang='lat' dir='ltr'>tarda</span> <span class='ocrx_word' id='word_1_170' title='bbox 1038 1741 1091 1784; x_wconf 89' lang='lat' dir='ltr'>sit</span> <span class='ocrx_word' id='word_1_171' title='bbox 1108 1775 1118 1795; x_wconf 58' lang='lat'>9</span> <span class='ocrx_word' id='word_1_172' title='bbox 1145 1740 1248 1800; x_wconf 88' lang='lat' dir='ltr'>quia</span> <span class='ocrx_word' id='word_1_173' title='bbox 1271 1751 1335 1784; x_wconf 89' lang='lat' dir='ltr'>est</span> <span class='ocrx_word' id='word_1_174' title='bbox 1359 1740 1523 1800; x_wconf 80' lang='lat' dir='ltr'>frigidis</span> <span class='ocrx_word' id='word_1_175' title='bbox 1537 1742 1658 1801; x_wconf 80' lang='lat' dir='ltr'>aquis</span> <span class='ocrx_word' id='word_1_176' title='bbox 1673 1741 1781 1785; x_wconf 88' lang='lat' dir='ltr'>vici-</span> 
     </span>
     <span class='ocr_line' id='line_1_23' title="bbox 382 1811 1778 1874; baseline -0.001 -16"><span class='ocrx_word' id='word_1_177' title='bbox 382 1814 505 1869; x_wconf 79' lang='lat' dir='ltr'>nior,</span> <span class='ocrx_word' id='word_1_178' title='bbox 532 1829 632 1874; x_wconf 81' lang='lat' dir='ltr'>quae</span> <span class='ocrx_word' id='word_1_179' title='bbox 656 1828 785 1872; x_wconf 84' lang='lat' dir='ltr'>supra</span> <span class='ocrx_word' id='word_1_180' title='bbox 809 1811 973 1856; x_wconf 86' lang='lat' dir='ltr'>coelum</span> <span class='ocrx_word' id='word_1_181' title='bbox 988 1821 1104 1856; x_wconf 85' lang='lat' dir='ltr'>sunt.</span> <span class='ocrx_word' id='word_1_182' title='bbox 1137 1814 1245 1865; x_wconf 85' lang='lat' dir='ltr'>Quae</span> <span class='ocrx_word' id='word_1_183' title='bbox 1273 1812 1420 1871; x_wconf 85' lang='lat' dir='ltr'>opinio</span> <span class='ocrx_word' id='word_1_184' title='bbox 1443 1812 1589 1856; x_wconf 87' lang='lat' dir='ltr'>nescio</span> <span class='ocrx_word' id='word_1_185' title='bbox 1621 1828 1778 1872; x_wconf 88' lang='lat' dir='ltr'>quem-</span> 
     </span>
     <span class='ocr_line' id='line_1_24' title="bbox 382 1880 1777 1943; baseline 0 -15"><span class='ocrx_word' id='word_1_186' title='bbox 382 1883 620 1929; x_wconf 81' lang='lat' dir='ltr'>admodum</span> <span class='ocrx_word' id='word_1_187' title='bbox 654 1884 786 1943; x_wconf 88' lang='lat' dir='ltr'>possit</span> <span class='ocrx_word' id='word_1_188' title='bbox 809 1882 927 1942; x_wconf 80' lang='lat' dir='ltr'>apud</span> <span class='ocrx_word' id='word_1_189' title='bbox 949 1898 1020 1926; x_wconf 85' lang='lat' dir='ltr'>eos</span> <span class='ocrx_word' id='word_1_190' title='bbox 1053 1881 1251 1937; x_wconf 80' lang='lat' dir='ltr'>defendi,</span> <span class='ocrx_word' id='word_1_191' title='bbox 1282 1883 1357 1942; x_wconf 88' lang='lat' dir='ltr'>qui</span> <span class='ocrx_word' id='word_1_192' title='bbox 1397 1880 1673 1927; x_wconf 85' lang='lat' dir='ltr'>subtilissime</span> <span class='ocrx_word' id='word_1_193' title='bbox 1698 1883 1777 1928; x_wconf 85' lang='lat' dir='ltr'>ista</span> 
     </span>
     <span class='ocr_line' id='line_1_25' title="bbox 380 1953 1777 2017; baseline 0 -18"><span class='ocrx_word' id='word_1_194' title='bbox 380 1956 663 2017; x_wconf 70' lang='lat' dir='ltr'>quaesierunt.</span> <span class='ocrx_word' id='word_1_195' title='bbox 686 1954 803 2000; x_wconf 79' lang='lat' dir='ltr'>Nihil</span> <span class='ocrx_word' id='word_1_196' title='bbox 822 1964 969 1998; x_wconf 86' lang='lat' dir='ltr'>autem</span> <span class='ocrx_word' id='word_1_197' title='bbox 991 1955 1151 1998; x_wconf 87' lang='lat' dir='ltr'>borum</span> <span class='ocrx_word' id='word_1_198' title='bbox 1168 1963 1327 1997; x_wconf 89' lang='lat' dir='ltr'>temere</span> <span class='ocrx_word' id='word_1_199' title='bbox 1346 1953 1680 2010; x_wconf 84' lang='lat' dir='ltr'>affirmandum,</span> <span class='ocrx_word' id='word_1_200' title='bbox 1701 1953 1777 2000; x_wconf 91' lang='lat' dir='ltr'>sed</span> 
     </span>
     <span class='ocr_line' id='line_1_26' title="bbox 381 2025 1350 2086; baseline -0.004 -14"><span class='ocrx_word' id='word_1_201' title='bbox 381 2037 508 2072; x_wconf 83' lang='lat' dir='ltr'>caute</span> <span class='ocrx_word' id='word_1_202' title='bbox 521 2026 667 2072; x_wconf 86' lang='lat' dir='ltr'>omnia</span> <span class='ocrx_word' id='word_1_203' title='bbox 688 2026 972 2086; x_wconf 87' lang='lat' dir='ltr'>modesteque</span> <span class='ocrx_word' id='word_1_204' title='bbox 990 2034 1091 2069; x_wconf 87' lang='lat' dir='ltr'>sunt</span> <span class='ocrx_word' id='word_1_205' title='bbox 1109 2025 1350 2069; x_wconf 80' lang='lat' dir='ltr'>tractanda.</span> 
     </span>
    </p>

    <p class='ocr_par' dir='ltr' id='par_1_3' title="bbox 376 2096 1775 2587">
     <span class='ocr_line' id='line_1_27' title="bbox 440 2096 1774 2142; baseline 0 0"><span class='ocrx_word' id='word_1_206' title='bbox 440 2100 580 2142; x_wconf 79' lang='lat' dir='ltr'>XXX.</span> <span class='ocrx_word' id='word_1_207' title='bbox 621 2117 641 2139; x_wconf 90' lang='lat'>«</span> <span class='ocrx_word' id='word_1_208' title='bbox 676 2100 733 2141; x_wconf 87' lang='lat' dir='ltr'>Et</span> <span class='ocrx_word' id='word_1_209' title='bbox 770 2096 878 2141; x_wconf 79' lang='lat' dir='ltr'>dixit</span> <span class='ocrx_word' id='word_1_210' title='bbox 902 2100 1014 2140; x_wconf 87' lang='lat' dir='ltr'>Deus</span> <span class='ocrx_word' id='word_1_211' title='bbox 1041 2116 1050 2140; x_wconf 79' lang='lat'>2</span> <span class='ocrx_word' id='word_1_212' title='bbox 1078 2096 1174 2140; x_wconf 88' lang='lat' dir='ltr'>Fiat</span> <span class='ocrx_word' id='word_1_213' title='bbox 1205 2096 1529 2140; x_wconf 83' lang='lat' dir='ltr'>firmamentum</span> <span class='ocrx_word' id='word_1_214' title='bbox 1553 2096 1598 2141; x_wconf 86' lang='lat' dir='ltr'>in</span> <span class='ocrx_word' id='word_1_215' title='bbox 1629 2096 1774 2142; x_wconf 85' lang='lat' dir='ltr'>medio</span> 
     </span>
     <span class='ocr_line' id='line_1_28' title="bbox 384 2167 1775 2230; baseline 0.001 -18"><span class='ocrx_word' id='word_1_216' title='bbox 384 2191 402 2212; x_wconf 91' lang='lat'>»</span> <span class='ocrx_word' id='word_1_217' title='bbox 439 2185 563 2230; x_wconf 77' lang='lat' dir='ltr'>aquae</span> <span class='ocrx_word' id='word_1_218' title='bbox 579 2205 589 2224; x_wconf 89' lang='lat'>,</span> <span class='ocrx_word' id='word_1_219' title='bbox 615 2178 659 2213; x_wconf 88' lang='lat' dir='ltr'>et</span> <span class='ocrx_word' id='word_1_220' title='bbox 680 2168 735 2212; x_wconf 88' lang='lat' dir='ltr'>sit</span> <span class='ocrx_word' id='word_1_221' title='bbox 751 2167 949 2212; x_wconf 84' lang='lat' dir='ltr'>dividens</span> <span class='ocrx_word' id='word_1_222' title='bbox 964 2167 1078 2211; x_wconf 81' lang='lat' dir='ltr'>inter</span> <span class='ocrx_word' id='word_1_223' title='bbox 1100 2182 1257 2227; x_wconf 85' lang='lat' dir='ltr'>aquam</span> <span class='ocrx_word' id='word_1_224' title='bbox 1278 2176 1321 2210; x_wconf 91' lang='lat' dir='ltr'>et</span> <span class='ocrx_word' id='word_1_225' title='bbox 1343 2182 1501 2227; x_wconf 84' lang='lat' dir='ltr'>aquam</span> <span class='ocrx_word' id='word_1_226' title='bbox 1522 2187 1529 2212; x_wconf 91' lang='lat'>:</span> <span class='ocrx_word' id='word_1_227' title='bbox 1552 2177 1595 2211; x_wconf 91' lang='lat' dir='ltr'>et</span> <span class='ocrx_word' id='word_1_228' title='bbox 1612 2168 1670 2212; x_wconf 86' lang='lat' dir='ltr'>sic</span> <span class='ocrx_word' id='word_1_229' title='bbox 1689 2167 1775 2213; x_wconf 84' lang='lat' dir='ltr'>fac-</span> 
     </span>
     <span class='ocr_line' id='line_1_29' title="bbox 382 2237 1772 2300; baseline 0.001 -17"><span class='ocrx_word' id='word_1_230' title='bbox 382 2260 402 2283; x_wconf 91' lang='lat'>»</span> <span class='ocrx_word' id='word_1_231' title='bbox 439 2250 533 2285; x_wconf 88' lang='lat' dir='ltr'>tum</span> <span class='ocrx_word' id='word_1_232' title='bbox 549 2242 646 2284; x_wconf 75' lang='lat' dir='ltr'>est1.</span> <span class='ocrx_word' id='word_1_233' title='bbox 662 2258 681 2281; x_wconf 87' lang='lat'>»</span> <span class='ocrx_word' id='word_1_234' title='bbox 705 2243 940 2299; x_wconf 83' lang='lat' dir='ltr'>Postquam</span> <span class='ocrx_word' id='word_1_235' title='bbox 959 2237 1081 2293; x_wconf 75' lang='lat' dir='ltr'>dixit,</span> <span class='ocrx_word' id='word_1_236' title='bbox 1105 2258 1124 2280; x_wconf 91' lang='lat'>«</span> <span class='ocrx_word' id='word_1_237' title='bbox 1142 2238 1209 2282; x_wconf 88' lang='lat' dir='ltr'>Sic</span> <span class='ocrx_word' id='word_1_238' title='bbox 1220 2237 1384 2282; x_wconf 77' lang='lat' dir='ltr'>factum</span> <span class='ocrx_word' id='word_1_239' title='bbox 1399 2247 1478 2292; x_wconf 80' lang='lat' dir='ltr'>est,</span> <span class='ocrx_word' id='word_1_240' title='bbox 1499 2256 1519 2279; x_wconf 89' lang='lat'>»</span> <span class='ocrx_word' id='word_1_241' title='bbox 1542 2239 1650 2299; x_wconf 89' lang='lat' dir='ltr'>quid</span> <span class='ocrx_word' id='word_1_242' title='bbox 1663 2256 1772 2300; x_wconf 92' lang='lat' dir='ltr'>opus</span> 
     </span>
     <span class='ocr_line' id='line_1_30' title="bbox 378 2309 1770 2366; baseline -0.001 -8"><span class='ocrx_word' id='word_1_243' title='bbox 378 2322 469 2358; x_wconf 86' lang='lat' dir='ltr'>erat</span> <span class='ocrx_word' id='word_1_244' title='bbox 489 2327 662 2357; x_wconf 87' lang='lat' dir='ltr'>rursum</span> <span class='ocrx_word' id='word_1_245' title='bbox 685 2310 844 2355; x_wconf 88' lang='lat' dir='ltr'>addere</span> <span class='ocrx_word' id='word_1_246' title='bbox 859 2347 870 2366; x_wconf 69' lang='lat'><strong><em>⁷</em></strong></span> <span class='ocrx_word' id='word_1_247' title='bbox 900 2331 919 2352; x_wconf 89' lang='lat'>«</span> <span class='ocrx_word' id='word_1_248' title='bbox 941 2314 997 2354; x_wconf 90' lang='lat' dir='ltr'>Et</span> <span class='ocrx_word' id='word_1_249' title='bbox 1017 2309 1121 2354; x_wconf 86' lang='lat' dir='ltr'>fecit</span> <span class='ocrx_word' id='word_1_250' title='bbox 1139 2313 1252 2354; x_wconf 80' lang='lat' dir='ltr'>Deus</span> <span class='ocrx_word' id='word_1_251' title='bbox 1267 2310 1612 2366; x_wconf 81' lang='lat' dir='ltr'>firmamentum,</span> <span class='ocrx_word' id='word_1_252' title='bbox 1637 2322 1679 2356; x_wconf 91' lang='lat' dir='ltr'>et</span> <span class='ocrx_word' id='word_1_253' title='bbox 1701 2312 1770 2356; x_wconf 90' lang='lat' dir='ltr'>di-</span> 
     </span>
     <span class='ocr_line' id='line_1_31' title="bbox 379 2382 1764 2444; baseline 0.001 -18"><span class='ocrx_word' id='word_1_254' title='bbox 379 2403 400 2426; x_wconf 89' lang='lat'>»</span> <span class='ocrx_word' id='word_1_255' title='bbox 434 2384 534 2429; x_wconf 81' lang='lat' dir='ltr'>visit</span> <span class='ocrx_word' id='word_1_256' title='bbox 554 2384 666 2427; x_wconf 85' lang='lat' dir='ltr'>inter</span> <span class='ocrx_word' id='word_1_257' title='bbox 689 2398 846 2443; x_wconf 83' lang='lat' dir='ltr'>aquam</span> <span class='ocrx_word' id='word_1_258' title='bbox 870 2398 970 2443; x_wconf 82' lang='lat' dir='ltr'>quae</span> <span class='ocrx_word' id='word_1_259' title='bbox 993 2391 1083 2425; x_wconf 82' lang='lat' dir='ltr'>erat</span> <span class='ocrx_word' id='word_1_260' title='bbox 1106 2382 1188 2425; x_wconf 89' lang='lat' dir='ltr'>sub</span> <span class='ocrx_word' id='word_1_261' title='bbox 1218 2382 1515 2437; x_wconf 76' lang='lat' dir='ltr'>firmamento,</span> <span class='ocrx_word' id='word_1_262' title='bbox 1543 2393 1586 2427; x_wconf 83' lang='lat' dir='ltr'>et</span> <span class='ocrx_word' id='word_1_263' title='bbox 1608 2399 1764 2444; x_wconf 84' lang='lat' dir='ltr'>aquam</span> 
     </span>
     <span class='ocr_line' id='line_1_32' title="bbox 380 2452 1765 2516; baseline 0.001 -19"><span class='ocrx_word' id='word_1_264' title='bbox 380 2476 399 2498; x_wconf 90' lang='lat'>»</span> <span class='ocrx_word' id='word_1_265' title='bbox 435 2472 534 2516; x_wconf 77' lang='lat' dir='ltr'>quae</span> <span class='ocrx_word' id='word_1_266' title='bbox 557 2464 648 2499; x_wconf 83' lang='lat' dir='ltr'>crat</span> <span class='ocrx_word' id='word_1_267' title='bbox 669 2469 797 2513; x_wconf 81' lang='lat' dir='ltr'>supra</span> <span class='ocrx_word' id='word_1_268' title='bbox 814 2454 1136 2497; x_wconf 81' lang='lat' dir='ltr'>firmamentum</span> <span class='ocrx_word' id='word_1_269' title='bbox 1153 2455 1196 2496; x_wconf 67' lang='lat'>²?</span> <span class='ocrx_word' id='word_1_270' title='bbox 1217 2471 1236 2493; x_wconf 63' lang='lat'>³&gt;</span> <span class='ocrx_word' id='word_1_271' title='bbox 1261 2455 1370 2497; x_wconf 82' lang='lat' dir='ltr'>Nam</span> <span class='ocrx_word' id='word_1_272' title='bbox 1384 2468 1485 2497; x_wconf 89' lang='lat' dir='ltr'>cum</span> <span class='ocrx_word' id='word_1_273' title='bbox 1504 2452 1675 2498; x_wconf 76' lang='lat' dir='ltr'>dixisset</span> <span class='ocrx_word' id='word_1_274' title='bbox 1691 2471 1765 2499; x_wconf 85' lang='lat' dir='ltr'>su-</span> 
     </span>
     <span class='ocr_line' id='line_1_33' title="bbox 376 2523 1758 2587; baseline -0.001 -17"><span class='ocrx_word' id='word_1_275' title='bbox 376 2528 537 2587; x_wconf 83' lang='lat' dir='ltr'>perius,</span> <span class='ocrx_word' id='word_1_276' title='bbox 568 2547 585 2568; x_wconf 91' lang='lat'>«</span> <span class='ocrx_word' id='word_1_277' title='bbox 624 2530 678 2571; x_wconf 81' lang='lat' dir='ltr'>Et</span> <span class='ocrx_word' id='word_1_278' title='bbox 701 2525 805 2569; x_wconf 68' lang='lat' dir='ltr'>dixit</span> <span class='ocrx_word' id='word_1_279' title='bbox 826 2528 937 2569; x_wconf 68' lang='lat' dir='ltr'>Deus</span> <span class='ocrx_word' id='word_1_280' title='bbox 959 2540 966 2564; x_wconf 73' lang='grc' dir='ltr'>ε</span> <span class='ocrx_word' id='word_1_281' title='bbox 997 2525 1091 2569; x_wconf 62' lang='lat' dir='ltr'>fiat</span> <span class='ocrx_word' id='word_1_282' title='bbox 1108 2523 1204 2577; x_wconf 70' lang='lat' dir='ltr'>lux,</span> <span class='ocrx_word' id='word_1_283' title='bbox 1226 2533 1268 2568; x_wconf 81' lang='lat' dir='ltr'>et</span> <span class='ocrx_word' id='word_1_284' title='bbox 1290 2523 1400 2569; x_wconf 71' lang='lat' dir='ltr'>sacta</span> <span class='ocrx_word' id='word_1_285' title='bbox 1424 2534 1487 2568; x_wconf 84' lang='lat' dir='ltr'>est</span> <span class='ocrx_word' id='word_1_286' title='bbox 1504 2524 1603 2582; x_wconf 46' lang='lat' dir='ltr'>lux23</span> <span class='ocrx_word' id='word_1_287' title='bbox 1628 2545 1646 2566; x_wconf 92' lang='lat'>»</span> <span class='ocrx_word' id='word_1_288' title='bbox 1670 2542 1758 2570; x_wconf 83' lang='lat' dir='ltr'>non</span> 
     </span>
    </p>
   </div>
   <div class='ocr_carea' id='block_1_3' title="bbox 427 2612 851 2654">
    <p class='ocr_par' dir='ltr' id='par_1_4' title="bbox 427 2612 851 2654">
     <span class='ocr_line' id='line_1_34' title="bbox 427 2612 851 2654; baseline -0.009 -8"><span class='ocrx_word' id='word_1_289' title='bbox 427 2613 613 2654; x_wconf 67' lang='lat' dir='ltr'>*oexx1‚(i.</span> <span class='ocrx_word' id='word_1_290' title='bbox 636 2630 674 2634; x_wconf 90' lang='lat'>-—</span> <span class='ocrx_word' id='word_1_291' title='bbox 693 2620 703 2634; x_wconf 59' lang='grc' dir='ltr'><em>ἲ</em></span> <span class='ocrx_word' id='word_1_292' title='bbox 725 2612 801 2643; x_wconf 69' lang='lat' dir='ltr'>lbil.</span> <span class='ocrx_word' id='word_1_293' title='bbox 823 2623 851 2653; x_wconf 71' lang='lat'>7.</span> 
     </span>
    </p>
   </div>
  </div>
 </body>
</html>
