1854 3219
380 164 460 200 110
497 174 530 199 s.
567 169 798 198 Aueus'nm
830 167 1011 196 Emscom
1044 167 1098 196 DE
1132 167 1340 197 noenum
1373 168 1642 198 emus'nANA.

375 237 467 282 aliis
494 244 779 296 acceperunt,
805 242 849 279 et
869 243 1105 296 antequam
1127 235 1342 296 accipiant
1356 269 1368 291 ‚
1402 243 1529 280 orent
1559 249 1640 295 pro
1661 232 1720 279 eis
1741 245 1766 280 a

374 309 536 371 quibus
556 308 795 368 accipiunt,
821 317 870 352 ut
891 308 951 353 eis
967 306 1097 353 detur
1121 306 1245 369 quod
1265 323 1345 370 per
1371 321 1444 353 eos
1467 306 1662 368 accipere
1683 321 1766 353 vo-

375 379 499 436 lunt3
523 388 567 423 et
587 394 690 424 eum
710 380 970 440 acceperint,
991 388 1120 425 orent
1140 388 1191 424 ut
1212 379 1326 424 bene
1348 387 1392 424 et
1412 378 1494 439 ipsi
1515 376 1764 440 proferant,

374 459 418 495 et
447 448 511 493 illi
550 449 605 495 ad
626 465 737 512 quos
770 448 1001 510 proferunt
1034 459 1234 509 sumant3
1266 459 1311 494 et
1331 449 1387 495 de
1408 464 1616 511 prospero
1650 449 1769 494 exitu

375 519 578 565 dictionis
599 519 741 565 eidem
776 521 931 580 gratias
955 530 1113 582 agant,
1145 537 1169 567 a
1190 537 1280 583 quo
1302 520 1347 566 id
1369 537 1414 566 se
1443 521 1658 583 accepisse
1678 534 1769 566 non

375 590 582 637 dubitant
608 611 618 638 :
648 609 668 635 «
694 594 751 637 Ut
783 593 860 654 qui
883 592 1114 653 gloriatur,
1141 593 1187 638 in
1221 592 1296 638 illo
1318 591 1552 654 glorietur,
1576 593 1623 638 in
1645 593 1769 656 cujus

379 681 402 706 »
426 678 562 710 manu
578 674 681 710 sunt
697 673 740 710 et
761 679 840 711 nos
858 674 903 711 et
922 681 1142 712 sermones
1159 665 1297 711 nostri
1316 667 1348 710 ¹.
1372 683 1394 708 n

381 811 632 830 WWVWUWW

847 813 1270 831 mmmmm
1275 810 1772 830 WQNBNWWWMWWW

842 936 1060 987 CAPUT
1117 939 1306 986 XXXI.

702 1081 931 1129 Excusat
957 1082 1293 1144 prolixitatem
1320 1080 1442 1129 libri.

439 1219 595 1261 LXIV.
624 1221 821 1264 Lomemn
844 1219 977 1264 evasit
999 1219 1110 1264 liber
1127 1220 1198 1264 hic
1213 1234 1347 1280 quam
1360 1218 1563 1264 volebam
1577 1253 1588 1274 ‚
1613 1232 1773 1279 quam-

381 1303 467 1348 que
489 1297 760 1347 putaveram.
789 1289 874 1334 Sed
894 1289 1055 1348 legenti
1081 1289 1151 1335 vel
1172 1290 1397 1346 audienti,
1414 1290 1486 1335 cui
1507 1299 1653 1349 gratus
1675 1299 1740 1335 est
1756 1325 1768 1346 ‚

378 1357 537 1417 longus
566 1374 656 1403 non
688 1369 782 1404 est:
808 1359 879 1404 cui
913 1369 1061 1404 autem
1094 1360 1251 1420 longus
1275 1370 1359 1417 est,
1386 1376 1464 1421 per
1493 1370 1636 1421 partes
1669 1376 1772 1406 eum

379 1428 495 1487 legat
517 1464 528 1484 ,
554 1430 630 1489 qui
648 1430 811 1474 habere
831 1430 927 1475 vult
950 1431 1176 1490 cognitum
1205 1449 1212 1475 :
1234 1447 1366 1492 quem
1388 1446 1492 1477 vero
1514 1431 1773 1490 cognitionis

379 1500 470 1559 ejus
488 1499 630 1558 piget,
657 1500 712 1544 de
735 1499 1011 1559 longitudine
1038 1517 1128 1546 non
1150 1511 1374 1562 queratur.
1400 1505 1494 1562 Ego
1512 1511 1660 1547 tamen
1683 1506 1774 1548 Deo

378 1579 528 1615 nostro
552 1571 708 1630 gratias
734 1587 813 1630 ago
830 1607 840 1627 ⁷
866 1572 988 1633 quod
1009 1572 1055 1616 in
1078 1573 1142 1617 his
1165 1583 1354 1634 quatuor
1376 1573 1499 1618 libris
1521 1589 1611 1618 non
1634 1573 1774 1635 qualis

377 1657 458 1701 ego
477 1657 612 1686 essem
626 1678 641 1698 ,
668 1643 738 1686 eui
755 1642 893 1688 multa
915 1643 1094 1699 desunt,
1122 1643 1198 1688 sed
1215 1643 1355 1706 qualis
1378 1660 1467 1690 esse
1486 1644 1646 1690 debeat
1661 1680 1672 1702 ‚
1698 1645 1775 1707 qui

377 1712 423 1757 in
447 1712 646 1758 doctrina
669 1730 797 1770 sana,
818 1714 862 1759 id
884 1724 972 1771 est,
997 1715 1253 1772 christiana,
1280 1731 1370 1761 non
1391 1716 1532 1761 solum
1555 1716 1661 1773 sibi,
1697 1716 1775 1762 sed

377 1785 507 1829 etiam
530 1784 623 1829 aliis
643 1785 842 1831 laborare
863 1786 1034 1844 studet,
1055 1787 1462 1850 quantulacumque
1484 1789 1608 1849 potui
1633 1788 1774 1834 facul-

378 1864 466 1901 tate
491 1855 690 1901 disserui.

425 1960 434 1977 ¹
461 1956 536 1998 Sap.
552 1965 610 1997 vu,
636 1954 687 1988 16.
