1854 3219
378 200 463 237 272
814 208 847 235 s.
885 207 1116 236 Aucus'rffli
1150 209 1332 237 muscom

374 275 569 319 novitate
590 273 690 318 vitm
714 273 966 318 ambulans¹
981 311 996 330 ‚
1017 277 1156 319 Deum
1182 274 1228 318 in
1251 290 1296 319 se
1319 274 1487 333 operari
1508 283 1738 331 cognoscat
1756 309 1767 329 ,

375 346 451 406 qui
479 343 609 388 simul
633 354 676 388 et
704 353 930 404 operatur,
957 354 1000 389 et
1021 345 1205 405 quiescit
1225 380 1235 400 ,
1271 354 1314 389 et
1335 353 1544 389 creaturae
1570 345 1771 404 praebens

374 430 617 474 congruam
650 415 1035 474 gubernationem,
1072 424 1115 460 et
1147 415 1267 476 apud
1292 430 1336 460 se
1367 414 1534 460 habens
1561 424 1771 461 aeternam

377 485 753 547 tranquillitatem.

378 641 1773 662 Wmsswkmwmwwmwwmwwmmwwmmmmmmvm

879 755 1095 806 CAPUT
1134 757 1269 806 ‘xlv-

497 902 598 946 (ίαν
624 900 758 947 Deus
791 902 1169 964 sanctificaverit
1191 899 1321 947 diem
1340 901 1511 960 quietis
1533 916 1646 947 sure.

433 1040 572 1083 XXV.
595 1042 798 1093 DENIQUE
819 1039 909 1099 ipse
928 1054 1008 1083 nec
1032 1055 1133 1084 cum
1148 1039 1309 1084 creavit
1325 1037 1542 1094 defessus,
1566 1053 1647 1083 ncc
1671 1054 1772 1083 cum

372 1109 554 1153 cessavit
577 1109 766 1154 refectus
788 1118 852 1153 est
878 1128 887 1154 ι
912 1108 986 1153 sed
1009 1126 1086 1154 nos
1105 1109 1246 1154 voluit
1263 1125 1341 1168 per
1360 1109 1627 1169 Scripturam
1650 1122 1773 1152 suam

372 1179 429 1223 ad
463 1179 621 1240 quietis
651 1180 870 1224 exhortari
895 1178 1188 1231 desiderium,
1226 1179 1470 1224 intimando
1503 1179 1630 1224 nobis
1672 1193 1775 1223 eum

371 1249 490 1294 diem
512 1266 555 1293 se
573 1251 883 1306 sanctificasse,
906 1250 951 1293 in
977 1266 1066 1310 quo
1086 1250 1253 1310 quievit
1274 1250 1329 1294 ad
1352 1250 1556 1294 omnibus
1569 1250 1774 1310 operibus

370 1320 473 1364 suis.
501 1323 613 1365 Nam
635 1336 857 1382 nusquam
895 1320 1094 1365 omnium
1125 1336 1196 1364 sex
1228 1319 1398 1364 dierum
1433 1320 1593 1381 quibus
1632 1329 1775 1365 creata

369 1400 474 1435 sunt
496 1392 668 1447 omnia,
699 1392 861 1451 legitur
879 1390 1048 1451 aliquid
1071 1391 1358 1436 sanctificasse
1388 1412 1396 1437 :
1425 1408 1505 1436 nec
1528 1400 1628 1436 ante
1660 1391 1774 1451 ipsos

368 1483 444 1512 sex
478 1467 573 1512 dies
597 1468 672 1513 ubi
697 1468 908 1528 scriptum
929 1477 1018 1512 est:
1049 1488 1069 1511 «
1098 1471 1149 1512 In
1170 1469 1387 1528 principio
1409 1468 1513 1513 fecit
1535 1473 1649 1513 Deus
1678 1484 1773 1513 coe-
1829 1519 1834 1531 1

370 1556 391 1579 »
412 1537 507 1582 lum
525 1548 570 1582 et
584 1543 786 1594 terram&
817 1558 836 1580 »
854 1539 1055 1584 additum
1077 1548 1141 1582 est
1159 1558 1167 1584 ι
1185 1542 1278 1583 «Et
1299 1539 1630 1584 sanctificavit3:
1653 1558 1672 1580 »
1700 1539 1776 1584 sed

368 1608 485 1653 diem
519 1610 651 1654 istum
668 1645 678 1665 ‚
715 1611 760 1653 in
780 1627 869 1670 quo
892 1610 1106 1670 requievit
1137 1610 1192 1654 ab
1212 1611 1416 1655 omnibus
1440 1611 1648 1670 operibus
1668 1611 1771 1667 suis,

368 1696 468 1740 quae
486 1679 591 1724 fecit
608 1716 618 1735 ‚
643 1679 785 1724 voluit
809 1681 1076 1724 sanctificare
1096 1715 1106 1735 ‚
1142 1689 1353 1741 tanquam
1384 1690 1427 1724 et
1459 1681 1579 1740 apud
1609 1681 1771 1740 ipsum,

367 1751 444 1811 qui
462 1750 570 1795 nihil
603 1751 649 1794 in
668 1766 798 1811 opere
830 1767 910 1795 suo
942 1750 1135 1806 laborat,
1157 1750 1255 1811 plus
1278 1752 1399 1812 quies
1420 1767 1554 1812 quam
1581 1753 1776 1811 operatio

366 1821 523 1866 valcat.
548 1824 642 1867 Hoc
667 1822 846 1882 quidem
871 1823 916 1865 in
931 1822 1183 1866 hominibus
1206 1821 1497 1881 Evangelium
1521 1823 1647 1867 nobis
1671 1823 1775 1867 inti·
1811 1864 1813 1866 .

367 1902 481 1948 mat,
510 1893 587 1937 ubi
614 1892 811 1938 Salvator
836 1902 983 1937 noster
1003 1893 1226 1937 meliorem
1258 1902 1428 1953 partem
1461 1892 1565 1938 dicit
1594 1894 1770 1952 Mariae,

366 1963 491 2024 quod
525 1963 680 2008 sedens
710 1963 766 2009 ad
788 1963 920 2024 pedes
953 1965 1043 2024 ejus
1076 1963 1380 2024 requiescebat
1406 1964 1452 2007 in
1483 1965 1619 2010 verbo
1651 1966 1769 2026 ejus,

367 2051 502 2095 quam
534 2036 719 2079 Marthae
741 2071 751 2091 ,
788 2035 985 2095 quamvis
1010 2044 1190 2094 propter
1213 2035 1477 2095 obsequium
1510 2052 1599 2097 quo
1631 2036 1671 2080 ei
1688 2037 1772 2081 mi—

366 2106 582 2151 nistrabat
600 2106 714 2150 circa
736 2105 876 2150 multa
900 2115 1147 2165 occupatae,
1169 2114 1213 2149 et
1229 2105 1332 2150 licet
1353 2105 1523 2151 honum
1546 2123 1655 2166 opus
1667 2123 1773 2167 ope-

367 2178 516 2221 rantis.
546 2179 713 2221 Verum
741 2178 825 2222 hoc
848 2177 894 2220 in
918 2180 1009 2221 Deo
1039 2175 1264 2237 quomodo
1297 2176 1352 2220 sit
1371 2176 1442 2221 vel
1471 2177 1768 2236 intelligatur,

367 2246 547 2291 difficile
583 2247 706 2292 dictu
727 2257 818 2303 est,
845 2248 1011 2292 etiamsi
1040 2247 1235 2306 cogitatu
1263 2246 1586 2307 aliquantulum
1615 2249 1770 2308 attingi

366 2327 529 2377 potest,
568 2335 646 2363 cur
683 2322 796 2363 Deus
828 2318 1164 2362 sanctificaverit
1192 2317 1310 2361 diem
1343 2317 1501 2378 quietis
1539 2335 1655 2375 suae,
1692 2319 1769 2380 qui

366 2389 544 2434 nullum
567 2391 904 2434 sanctificaverit
925 2390 1064 2449 operis
1089 2389 1177 2444 sui,
1213 2404 1293 2433 nec
1319 2389 1462 2448 ipsum
1484 2400 1656 2435 sextum
1678 2406 1767 2451 quo

366 2467 411 2504 ct
445 2461 669 2505 hominem
692 2460 820 2516 fecit,
856 2470 900 2504 et
931 2469 1089 2505 cuncta
1106 2458 1304 2520 perfecit.
1325 2463 1388 2506 Ac
1411 2461 1602 2521 primum
1625 2462 1766 2522 ipsum

414 2564 421 2580 ¹
444 2560 535 2591 Rom.
557 2570 600 2599 vr,
625 2557 656 2600 4.
679 2575 720 2581 -
736 2565 749 2581 ²
768 2561 847 2591 Gcn.
869 2570 891 2600 1,
916 2570 943 2590 1.
965 2575 1006 2581 --
1027 2556 1040 2581 3
1059 2560 1136 2590 Luc.
1157 2568 1190 2599 x,
1212 2555 1266 2599 42.
