1854 3219
290 184 342 210 DE
374 183 524 211 animm
557 182 612 210 An
645 181 883 221 ΜΤΤΕΗΑΜ,
920 185 1001 211 Lus.
1039 186 1116 210 xii.
1329 174 1413 212 605

35 246 182 291 ritalis.
200 247 444 307 Corporalis
457 246 572 290 enim
589 247 679 291 sine
692 247 871 307 spiritali
883 263 972 291 esse
990 263 1079 292 non
1094 257 1261 308 potest3
1279 264 1416 308 quan-

34 317 272 378 doquidem
306 326 526 362 momento
554 317 730 373 eodem,
756 334 845 378 quo
876 334 1034 378 corpus
1062 334 1191 362 sensu
1224 319 1415 378 corporis

34 388 249 446 tangitur,
282 389 333 432 fit
353 388 483 431 etiam
509 388 555 432 in
577 388 722 433 animo
748 388 834 433 tale
856 387 1020 449 aliquid
1035 424 1046 444 ,
1072 405 1161 433 non
1191 388 1311 450 quod
1333 390 1416 433 hoc

34 459 109 514 sit,
127 458 202 503 sed
214 458 335 519 quod
350 457 488 502 simile
500 458 575 510 sit;
597 458 718 519 quod
739 459 773 503 si
796 475 884 504 non
906 460 1044 515 fieret,
1069 475 1150 504 nec
1171 475 1320 505 sensus
1341 459 1414 504 ille

33 537 163 584 esset,
188 544 277 589 quo
295 544 344 573 ea
357 544 457 589 quae
474 529 734 574 extrinsecus
752 529 963 589 adjacent,
982 529 1243 574 sentiuntur.
1265 532 1416 590 Neque

33 599 149 643 enim
171 614 327 659 corpus
349 598 505 654 sentit,
522 599 599 644 sed
616 599 758 644 anima
774 615 850 659 per
862 615 1019 659 corpus
1030 634 1041 655 ,
1056 615 1145 660 quo
1161 598 1282 644 velut
1299 615 1417 644 nun-

33 669 96 714 tio
114 669 254 714 utitur
276 668 331 714 ad
352 668 633 714 formandum
653 669 699 713 in
720 685 764 714 se
781 670 872 729 ipsa
889 669 1010 730 quod
1024 670 1286 715 extrinsecus
1303 686 1418 714 nun-

33 741 181 786 tiatur.
200 744 299 787 Non
320 751 464 802 potest
483 741 632 803 itaque
656 741 750 786 fieri
776 742 882 786 visio
904 741 1159 801 corporalis,
1186 741 1266 785 nisi
1288 741 1418 785 etiam

32 811 232 873 spiritalis
253 811 384 857 simul
407 813 484 857 fiat
509 832 518 857 ε
539 813 615 858 sed
636 828 726 857 non
747 812 1007 857 discernitur
1021 846 1032 867 ‚
1065 811 1146 856 nisi
1167 827 1268 856 cum
1286 810 1420 856 fuerit

33 899 180 929 sensus
203 883 371 928 ablatus
388 900 412 928 a
428 899 624 944 corpore,
639 893 690 928 ut
706 882 750 928 id
766 882 887 944 quod
901 899 978 942 per
995 898 1149 942 corpus
1167 882 1415 938 videbatur,

31 953 277 998 inveniatur
304 954 351 998 in
371 954 539 1014 spiritu.
565 958 623 999 At
658 970 761 998 vero
793 952 992 1013 spiritalis
1024 953 1131 997 visio
1168 953 1297 997 etiam
1324 953 1418 996 sine

32 1024 247 1085 corporali
262 1025 356 1068 fieri
378 1034 540 1084 potest,
567 1040 667 1069 cum
688 1024 935 1069 absentium
958 1039 1192 1083 corporum
1213 1022 1419 1067 similitu-

33 1094 155 1140 dines
182 1096 229 1139 in
250 1095 404 1155 spiritu
424 1105 633 1156 apparent
649 1131 659 1151 ,
691 1105 735 1140 et
768 1096 997 1154 finguntur
1025 1094 1176 1138 multae
1197 1110 1276 1154 pro
1304 1094 1420 1137 arbi-

32 1166 139 1221 trio,
165 1165 234 1209 vel
256 1174 413 1225 praeter
440 1166 667 1210 arbitrium
688 1164 1057 1210 demonstrantur.
1088 1168 1197 1208 Item
1221 1163 1420 1223 spiritalis

0 1228 138 1281 visio
155 1235 320 1295 indiget
339 1235 624 1280 intellectuali
638 1244 688 1279 ut
708 1234 972 1295 dijudicetur
986 1271 996 1290 ,
1022 1233 1327 1278 intellectualis
1348 1250 1420 1277 au-

32 1316 122 1351 tem
138 1307 217 1351 ista
236 1305 415 1366 spiritali
437 1305 639 1351 inferiore
658 1321 747 1350 non
760 1306 928 1365 indiget
941 1342 951 1361 ,
971 1321 1019 1350 ac
1040 1321 1118 1364 per
1132 1306 1215 1349 hoc
1239 1303 1420 1364 spiritali

32 1377 267 1437 corporalis
284 1413 294 1432 ‚
319 1376 603 1421 intellectuali
622 1386 768 1421 autem
790 1386 974 1436 utraque
993 1376 1188 1435 subjecta
1210 1384 1288 1419 est.
1306 1377 1419 1420 Cum

33 1462 134 1506 ergo
155 1447 338 1505 legimus
377 1467 386 1492 :
415 1467 435 1490 «
472 1446 679 1507 Spiritalis
710 1448 854 1491 omnia
884 1446 1071 1506 judicat,
1101 1446 1190 1505 ipse
1228 1454 1374 1490 autem
1396 1459 1421 1487 a

36 1538 56 1560 »
82 1519 255 1563 nemine
275 1518 562 1578 dijudicatur¹
593 1538 600 1563 :
627 1537 647 1560 »
672 1534 762 1563 non
783 1517 1026 1561 secundum
1048 1517 1262 1575 spiritum,
1287 1532 1309 1559 a
1331 1530 1421 1575 quo

32 1604 154 1634 mens
169 1588 442 1644 discernitur,
460 1590 570 1633 sicut
587 1588 698 1632 illud
712 1587 833 1648 quod
850 1587 1017 1630 dictum
1033 1596 1095 1630 est
1111 1606 1118 1630 :
1137 1606 1156 1627 α
1173 1586 1318 1630 Orabo
1338 1585 1421 1644 spi-

35 1679 56 1702 »
79 1660 182 1715 ritu,
197 1660 332 1704 orabo
345 1669 389 1704 et
402 1662 583 1713 mente2,
603 1678 623 1700 »
644 1657 720 1702 sed
737 1673 788 1701 ex
801 1656 872 1700 illa
887 1657 1064 1700 notione
1080 1655 1291 1699 debemus
1311 1653 1424 1699 aeci-

33 1746 136 1791 pere
158 1746 246 1791 qua
267 1729 436 1774 dictum
452 1738 516 1773 est
537 1748 545 1773 :
575 1748 595 1770 «
619 1727 1068 1772 Renovaminiautem
1090 1726 1245 1785 spiritu
1268 1725 1424 1769 mentis

37 1819 58 1842 »
77 1809 231 1846 vestrae
244 1802 276 1844 ³.
296 1818 317 1840 »
336 1802 360 1844 J
364 1815 434 1844 am
453 1800 570 1855 enim
586 1814 715 1858 supra
731 1796 959 1841 docuimus
975 1795 1059 1840 alio
1077 1795 1208 1839 modo
1223 1805 1267 1839 et
1283 1795 1421 1853 ipsam

34 1879 226 1916 mentem
256 1870 454 1930 spiritum
482 1868 590 1924 diei,
617 1867 859 1912 secundum
886 1881 1018 1927 quam
1047 1865 1249 1925 spiritalis
1276 1864 1423 1909 omnia

34 1941 260 2003 dijudicat.
284 1944 559 2001 Quapropter
580 1955 670 1985 non
692 1937 879 1983 absurde
901 1953 1044 1998 neque
1066 1937 1422 1982 inconvenienter

35 2013 222 2058 arbitror
244 2011 479 2073 spiritalem
498 2011 710 2055 visionem
731 2011 844 2055 inter
856 2007 1195 2053 intellectualem
1214 2017 1257 2052 et
1272 2023 1423 2067 corpo-

36 2083 167 2128 ralem
186 2091 395 2143 tanquam
409 2080 686 2136 medietatem
700 2079 936 2140 quamdam
949 2079 1160 2123 obtinere.
1181 2082 1292 2122 Puto
1306 2079 1424 2122 enim

36 2169 128 2200 non
145 2153 483 2212 incongruenter
496 2150 691 2195 medium
708 2150 810 2205 dici,
831 2149 951 2210 quod
968 2165 1125 2209 corpus
1137 2149 1317 2210 quidem
1333 2164 1423 2193 non

36 2233 128 2280 est,
148 2223 226 2268 sed
250 2222 389 2268 simile
409 2231 474 2266 est
499 2221 690 2282 corporis
703 2255 715 2276 ,
740 2221 852 2264 inter
879 2218 989 2263 illud
1008 2218 1130 2279 quod
1149 2233 1249 2263 vere
1267 2233 1422 2278 corpus

37 2305 123 2351 est,
149 2303 194 2339 et
213 2292 325 2338 illud
344 2292 468 2354 quod
486 2307 568 2337 nec
585 2306 743 2352 corpus
759 2300 845 2346 est,
871 2306 952 2335 nec
973 2289 1113 2335 simile
1133 2290 1339 2350 corporiS.

86 2398 98 2416 ¹
121 2402 135 2425 1
156 2392 230 2425 Cor.
246 2401 282 2433 n,
303 2389 354 2423 15.
375 2406 419 2414 —
437 2396 450 2413 ²
471 2389 521 2423 Id.
537 2399 602 2431 xiv,
624 2388 674 2422 15.
699 2405 740 2411 —
759 2386 772 2412 3
797 2387 913 2430 Ephes.
932 2397 977 2428 iv,
991 2387 1045 2420 23.
