1854 3219
376 151 459 188 592
818 157 851 186 s.
889 158 1120 187 mausum
1155 160 1337 187 amseom

375 235 419 270 ct
439 224 617 285 quando
644 221 946 282 ingrederetur
967 233 1010 268 ct
1034 222 1224 268 fundum
1246 232 1289 267 et
1311 223 1493 267 domum
1515 230 1558 266 et
1576 220 1760 265 cubicu-

373 296 489 351 lum,
520 294 661 339 donec
690 294 735 338 in
766 304 1004 354 conspectu
1031 296 1123 355 ejus
1152 304 1322 339 astaret.
1359 296 1467 347 Quae
1501 292 1646 337 omnia
1684 291 1762 336 etsi

375 384 464 412 non
487 366 623 411 oculis
651 367 817 425 patiens
837 365 909 410 ille
931 367 1158 422 cernebat,
1189 375 1337 410 tamen
1359 365 1440 409 nisi
1463 363 1610 425 aliquo
1630 362 1762 408 modo

374 448 595 494 cerneret,
625 454 715 482 non
743 447 830 482 tam
861 438 1072 483 veraciter
1093 439 1366 494 enuntiaret,
1392 445 1483 481 crat
1509 444 1656 480 autem
1683 435 1763 479 iste

374 509 582 564 febriens,
603 519 645 553 et
666 518 877 569 tanquam
889 509 935 553 in
952 509 1152 568 phrenesi
1171 509 1250 553 ista
1269 508 1458 553 dicebat.
1484 510 1540 551 Et
1560 506 1670 551 forte
1692 521 1762 550 re-

376 595 477 624 vera
500 579 778 639 phreneticus
806 588 919 634 erat,
955 579 1031 623 sed
1058 588 1235 639 propter
1267 578 1348 622 ista
1383 576 1648 622 daemonium
1675 576 1765 636 pati

375 651 630 710 putabatur.
663 649 844 695 Nullum
875 650 1119 695 refectionis
1146 649 1297 693 cibum
1331 648 1574 708 accipiebat
1601 664 1625 692 a
1652 647 1761 702 suis,

375 722 450 767 sed
489 739 513 767 a
547 721 638 767 solo
678 722 948 783 presbytero.
987 721 1230 766 Resistebat
1267 720 1398 765 etiam
1434 720 1520 764 suis
1553 718 1766 765 violenter

374 803 592 855 quantum
613 793 813 852 valebat,
839 792 914 838 illo
936 792 1028 839 solo
1045 792 1302 854 presbytero
1328 792 1544 847 veniente,
1570 791 1767 852 quiesce-

376 865 479 921 bat,
512 865 575 909 illi
609 874 782 910 tantum
804 864 1005 910 subditus
1035 873 1151 920 erat,
1181 873 1225 909 et
1256 862 1430 908 subdite
1454 862 1763 923 respondebat.

376 938 465 981 Nec
483 945 629 980 tamen
646 935 786 980 eidem
809 935 961 980 saltem
984 936 1240 995 presbytero
1258 933 1332 978 illa
1342 934 1467 978 cessit
1482 933 1640 978 mentis
1662 933 1768 978 alie-

377 1007 497 1052 natio
520 1007 608 1052 sive
641 1006 926 1062 daemonium,
964 1006 1045 1050 nisi
1080 1021 1182 1051 cum
1204 1021 1333 1051 sanus
1355 1014 1465 1050 esset
1489 1021 1514 1050 a
1544 1003 1764 1061 febribus,

376 1078 489 1122 sicut
510 1078 753 1138 phrenetici
776 1078 915 1122 sanari
937 1077 1105 1135 solent,
1136 1093 1217 1123 nec
1251 1077 1489 1139 aliquando
1511 1085 1660 1137 postea
1681 1076 1769 1122 tale

377 1148 548 1209 aliquid
569 1165 718 1209 passus
740 1159 817 1194 est.

432 1221 639 1264 XXXVI.
668 1220 878 1266 Novimus
900 1221 1031 1265 etiam
1056 1221 1147 1265 sine
1165 1219 1441 1265 dubitatione
1463 1218 1768 1279 phreneticum

372 1290 568 1336 futuram
589 1300 777 1336 mortem
790 1292 1021 1352 cujusdam
1035 1290 1232 1336 foeminae
1253 1290 1528 1351 praedixisse,
1553 1304 1644 1336 non
1665 1305 1768 1336 sane

372 1362 511 1422 specie
527 1361 769 1417 divinandi,
786 1361 861 1406 sed
877 1372 1089 1423 tanquam
1105 1364 1273 1407 factum
1291 1378 1339 1406 ac
1357 1360 1630 1422 praeteritum
1645 1377 1770 1407 reco-

372 1432 551 1478 lentem.
577 1436 687 1479 Nam
709 1449 809 1478 cum
832 1435 923 1493 ejus
954 1433 1073 1494 apud
1100 1449 1201 1478 eum
1223 1432 1579 1478 commemoratio
1608 1434 1732 1477 fieret
1756 1452 1765 1477 ε

373 1507 546 1549 Mortua
570 1514 656 1560 est,
681 1505 846 1565 inquit,
874 1520 954 1564 ego
978 1520 1074 1550 eam
1107 1504 1196 1550 vidi
1226 1504 1398 1559 efferri,
1429 1504 1511 1548 hac
1540 1519 1642 1549 cum
1677 1505 1769 1565 ejus

373 1591 555 1635 corpore
569 1575 857 1629 transierunt,
879 1591 980 1619 cum
999 1575 1072 1619 illa
1086 1574 1318 1619 incolumis
1334 1575 1522 1619 viveret:
1543 1584 1643 1634 post
1658 1591 1769 1635 pau-

374 1663 446 1692 cos
470 1656 616 1691 autem
641 1646 732 1690 dies
753 1655 931 1706 repente
953 1645 1186 1701 defuncta,
1212 1655 1256 1690 et
1269 1661 1346 1705 per
1363 1662 1465 1691 eum
1485 1645 1635 1691 locum
1658 1647 1771 1693 elata

374 1729 453 1773 cst,
483 1735 569 1779 qua
591 1717 665 1762 ille
685 1717 960 1778 praedixerat.

432 1792 664 1834 XXXVII.
693 1790 795 1833 Fuit
817 1789 921 1833 item
945 1789 1063 1849 apud
1081 1804 1158 1834 nos
1181 1805 1305 1849 puer,
1327 1790 1404 1850 qui
1426 1790 1471 1834 in
1489 1789 1666 1836 exordio
1687 1807 1771 1852 pu-

374 1861 552 1906 bertatis
573 1860 770 1905 dolorem
794 1861 1053 1905 acerrimum
1077 1860 1332 1919 genitalium
1343 1861 1610 1921 patiebatur,
1631 1864 1771 1907 medi-

374 1934 434 1977 cis
456 1949 736 1994 nequaquam
753 1932 1000 1977 valentibus
1024 1931 1132 1993 quid
1155 1932 1266 1977 illud
1287 1943 1395 1978 esset
1417 1948 1666 1994 agnoscere,
1686 1936 1768 1981 nisi

375 2003 496 2065 quod
528 2019 686 2049 nervus
715 2003 805 2063 ipse
834 2003 1071 2048 introrsum
1100 2003 1352 2048 reconditus
1374 2014 1492 2060 erat,
1525 2006 1585 2050 ita
1617 2015 1666 2050 ut
1688 2022 1769 2052 nec

375 2076 553 2135 praeciso
572 2074 806 2134 praeputio,
835 2074 956 2134 quod
972 2074 1258 2119 immoderata
1278 2074 1554 2134 longitudine
1578 2092 1771 2137 propen-

375 2145 529 2201 debat,
560 2161 768 2205 apparere
796 2145 1009 2204 potuerit,
1043 2145 1118 2190 sed
1140 2155 1290 2205 postea
1317 2146 1389 2191 vix
1417 2156 1526 2191 esset
1547 2147 1765 2193 inventus.

377 2218 547 2260 Humor
569 2226 715 2260 autem
736 2217 925 2260 viscosus
955 2225 997 2260 et
1021 2232 1119 2260 acer
1141 2216 1354 2261 exsudans
1377 2226 1506 2262 testes
1524 2227 1567 2263 et
1589 2218 1770 2277 inguina

376 2287 546 2331 urebat.
573 2287 657 2332 Sed
680 2297 857 2332 acutum
882 2286 1078 2332 dolorem
1103 2304 1194 2333 non
1216 2289 1478 2334 continuum
1501 2290 1766 2350 patiebatur,

377 2368 542 2403 etcum
569 2359 844 2418 patiebatur,
874 2358 1069 2420 ejulabat
1102 2361 1383 2405 vehementer
1411 2377 1512 2406 cum
1531 2362 1770 2422 jactatione

376 2431 674 2475 membrorum
697 2440 843 2475 mente
861 2431 1081 2475 sanissima
1098 2467 1108 2484 ,
1129 2432 1240 2476 sicut
1261 2433 1306 2477 in
1324 2433 1589 2478 cruciatibus
1611 2450 1769 2495 corpo-

377 2501 532 2546 ralium
550 2501 751 2547 dolorum
777 2502 868 2546 fieri
890 2501 1014 2547 solet.
1046 2502 1211 2547 Deinde
1236 2503 1348 2549 inter
1371 2520 1497 2551 voces
1522 2521 1619 2551 suas
1647 2506 1765 2550 abri-
