1854 3219
289 252 343 280 nn
375 251 526 280 Genesi
559 249 614 278 An
646 250 893 290 LITTERAM,
929 254 1010 280 Lm.
1047 254 1095 278 11.
1324 241 1401 279 191

24 333 79 363 ex
94 327 214 379 parte
227 319 447 379 superiore
464 317 596 363 fuerit
616 333 715 379 pars
730 317 820 363 ulla
841 328 967 363 terrae
989 317 1183 378 delapsa,
1209 333 1299 362 non
1314 333 1410 361 ma-

19 399 95 435 net
117 405 247 450 super
269 405 451 451 aquam,
483 388 559 434 sed
596 405 646 434 ea
667 399 875 450 perrupta
905 389 1173 448 demergitur
1204 398 1247 433 et
1268 389 1412 449 pergit

20 461 76 506 ad
108 471 294 521 terram,
323 477 411 522 quo
444 460 622 507 veniens
654 461 945 523 conquiescit,
985 471 1194 522 tanquam
1229 461 1274 504 in
1312 459 1410 505 loco

21 547 122 589 suo,
144 543 195 578 ut
215 548 346 593 supra
361 533 416 579 sit
436 548 571 594 aqua,
596 533 752 579 subtus
775 543 921 579 autem
944 542 1074 578 terra.
1100 531 1226 578 Unde
1243 547 1410 591 cogno-

20 603 153 648 scitur
174 604 296 665 quod
317 604 449 648 etiam
473 619 604 664 super
621 619 754 664 aquas
776 619 877 648 cum
895 613 1025 659 esset,
1051 619 1141 648 non
1162 603 1264 663 ipsis
1287 603 1409 663 aquis

19 675 297 735 portabatur,
322 675 398 720 sed
420 690 630 736 compage
651 685 778 720 terrae
801 676 1058 731 tenebatur,
1085 675 1194 720 sicut
1215 689 1305 719 sese
1326 675 1409 718 ha-

19 746 127 791 bent
149 762 331 792 camerae
354 746 676 807 speluncarum.

79 820 155 862 IV.
192 818 273 863 Hic
295 818 485 863 occurrit
507 817 742 862 admonere
764 815 1005 862 cavendum
1030 831 1243 872 errorem,
1274 831 1408 876 quem

18 887 65 932 in
77 886 190 932 libro
202 888 344 948 primo
362 887 607 934 cavendum
626 887 861 943 admonui,
881 903 936 932 ne
952 886 1064 932 forte
1078 887 1180 948 quia
1199 887 1410 947 scriptum

18 966 82 1002 est
102 958 148 1002 in
170 957 372 1004 Psalmis:
407 978 428 1002 «
463 958 685 1004 Fundavit
706 968 866 1003 terram
889 974 1018 1019 super
1041 960 1246 1019 aquam13
1282 976 1302 999 »
1339 974 1409 1002 ar-

17 1027 206 1074 bitretur
220 1028 376 1090 aliquis
393 1038 593 1075 nostrum
618 1029 820 1075 adversus
838 1030 939 1075 istos
961 1029 1016 1074 de
1038 1028 1307 1090 ponderibus
1326 1027 1412 1072 ele-

16 1110 267 1146 mentorum
288 1100 508 1147 subtiliter
529 1100 786 1147 disserentes
801 1138 812 1159 ,
834 1101 916 1147 isto
938 1100 1189 1146 testimonio
1214 1101 1410 1160 Scriptu-

16 1187 162 1217 rarum
176 1188 266 1218 esse
275 1171 509 1218 nitendum
530 1189 539 1215 τ
561 1173 663 1235 quia
680 1172 744 1217 illi
759 1190 849 1219 non
868 1173 1027 1218 retenti
1050 1172 1307 1217 auctoritate
1322 1172 1410 1216 Lit-

15 1249 209 1288 terarum
230 1253 477 1289 nostrarum
491 1279 502 1300 ,
522 1253 566 1288 et
587 1244 829 1289 nescientes
844 1243 1216 1305 quemadmodum
1241 1241 1409 1287 dictum

16 1313 86 1369 sit,
105 1313 258 1359 Libros
275 1324 445 1360 sanctos
463 1315 632 1360 facilius
650 1315 897 1360 irridebunt
909 1351 919 1371 ,
941 1331 1072 1376 quam
1090 1314 1201 1359 illud
1213 1312 1411 1374 repudia-

15 1383 152 1440 bunt,
177 1384 300 1445 quod
331 1384 403 1430 vel
426 1386 558 1430 certis
583 1386 824 1431 rationibus
845 1396 1136 1447 perceperunt
1152 1422 1162 1442 ,
1191 1384 1261 1431 vel
1283 1400 1412 1444 expe-

16 1453 209 1499 rimentis
240 1454 601 1501 manifestissimis
643 1456 955 1516 probaverunt.
994 1456 1111 1502 Illud
1143 1471 1333 1517 namque
1365 1455 1412 1499 in

16 1523 219 1582 Psalmis,
246 1534 322 1571 aut
342 1526 525 1585 figurate
547 1525 715 1571 dictum
738 1536 856 1572 recte
881 1527 1019 1588 accipi
1038 1536 1203 1588 potest,
1232 1535 1282 1571 ut
1299 1541 1411 1587 quo-

16 1596 134 1641 niam
167 1595 269 1642 coeli
303 1606 347 1642 et
375 1606 503 1642 terrae
539 1599 718 1643 nomine
749 1614 863 1659 saepe
890 1600 936 1643 in
966 1599 1160 1644 Ecclesia
1198 1592 1410 1659 spiritales

16 1664 298 1729 carnalesque
326 1669 648 1728 significantur,
679 1669 813 1715 coelos
845 1670 1084 1716 ostenderit
1115 1670 1333 1732 pertinere
1355 1670 1411 1714 ad

15 1752 213 1783 serenam
258 1738 594 1798 intelligentiam
628 1740 820 1786 veritatis
834 1777 845 1798 ,
885 1740 1034 1786 dicens
1068 1758 1076 1782 ε
1127 1761 1147 1785 ‹<
1193 1742 1278 1795 Qui
1307 1739 1411 1785 fecit

18 1827 40 1850 »
74 1809 207 1855 coelos
229 1809 560 1870 intelligentia13
588 1830 609 1853 »
634 1821 795 1857 terram
815 1828 919 1857 vero
942 1812 997 1857 ad
1014 1813 1147 1857 fidem
1170 1811 1410 1872 simplicem

14 1879 327 1943 parvulorum,
361 1897 453 1926 non
479 1880 689 1927 fabulosis
722 1883 1002 1943 opinionibus
1037 1883 1248 1928 incertam
1279 1892 1410 1943 atque

14 1949 238 2010 fallacem,
273 1953 350 1998 sed
371 1954 627 2014 prophetica
648 1964 692 1999 et
713 1954 960 2014 evangelica
974 1990 984 2010 ,
1005 1955 1318 2016 praedicatione
1339 1955 1410 1998 fir-

14 2023 250 2070 missimam
266 2060 277 2081 ,
302 2041 503 2089 qqffipffl'
524 2026 794 2087 baptismum
816 2026 1050 2083 solidatur,
1077 2036 1119 2071 et
1136 2026 1236 2071 ideo
1258 2026 1407 2087 subje-

15 2095 144 2153 cerit,
161 2095 332 2141 dicens:
356 2115 377 2139 «
395 2096 617 2143 Fundavit
626 2107 788 2143 terram
813 2114 943 2159 super
966 2114 1140 2159 aquam.
1166 2116 1185 2139 ³>
1204 2101 1294 2142 Aut
1306 2098 1338 2142 si
1355 2097 1408 2141 ad

15 2164 205 2211 litteram
228 2166 462 2229 quisquam
483 2168 601 2228 cogit
629 2169 836 2228 intelligi,
865 2186 955 2215 non
976 2170 1318 2228 incongruenter
1339 2167 1410 2213 vel

15 2236 217 2282 sublimia
234 2246 451 2284 terrarum
473 2239 561 2285 sive
578 2239 897 2284 continentium
915 2276 925 2296 ,
952 2240 1040 2284 sive
1067 2239 1310 2284 insularum
1333 2255 1407 2283 ac-

16 2307 264 2367 cipiuntur,
293 2325 393 2370 quae
424 2311 647 2370 superiora
678 2319 780 2355 sunt
822 2311 972 2372 aquis,
996 2309 1066 2355 vel
1088 2310 1179 2370 ipsa
1219 2310 1409 2370 tegmina

15 2376 350 2437 speluncarum,
372 2396 472 2442 quae
489 2395 619 2441 super
636 2396 769 2442 aquas
784 2380 982 2441 pendula
1000 2380 1217 2427 soliditate
1238 2381 1411 2425 firmata

15 2456 132 2492 sunt.
158 2450 372 2502 Quocirca
391 2466 473 2496 nec
495 2451 551 2496 ad
567 2450 759 2496 litteram
782 2452 1015 2513 quisquam
1033 2460 1176 2512 potest
1197 2451 1256 2496 sic
1278 2450 1409 2495 intel-

13 2515 161 2577 ligere,
180 2518 304 2580 quod
317 2519 486 2567 dictum
498 2531 578 2568 est:
596 2541 617 2566 «
627 2520 852 2568 Fundavit
872 2532 1032 2567 terram
1045 2538 1175 2582 super
1193 2535 1368 2582 aquam,
1386 2539 1405 2561 »

64 2608 73 2625 ¹
95 2601 175 2636 Psal.
191 2613 306 2647 cxxxv,
324 2603 358 2638 6.
385 2622 426 2630 —-
450 2611 463 2630 ²
484 2605 622 2650 lhid35.
