1854 3219
335 241 388 267 DE
420 239 571 267 GENESI
606 237 659 265 Au
692 236 933 277 erTssnAM,
969 241 1051 268 Lm.
1088 242 1149 267 x1.
1345 230 1428 269 555

0 316 4 323 ’
48 304 326 350 confessionis
340 305 645 349 humilitatem.
664 303 732 348 Ad
746 305 828 348 hoc
842 305 919 349 ista
937 307 1180 365 conscripta
1195 315 1312 362 sunt,
1326 308 1429 367 quia

48 384 92 419 et
112 375 216 435 ipsae
236 374 595 434 interrogationes
618 374 824 418 nimirum
847 376 901 419 ad
921 377 1005 420 hoe
1023 375 1149 420 factae
1169 386 1291 430 sunt,
1315 385 1366 421 ut
1387 386 1430 421 et

47 446 256 491 veraciter
279 455 323 490 et
337 445 503 489 utiliter
524 444 845 503 scriberentur,
867 447 967 506 quia
990 446 1023 490 si
1038 446 1321 502 mendaciter,
1340 463 1430 492 non

45 517 198 577 utique
221 515 386 560 utiliter
410 535 419 560 ι
445 524 494 559 ut
518 514 814 570 advertamus,
841 533 929 576 quo
951 516 1104 561 morbo
1127 518 1341 576 superbiae
1362 517 1429 562 la-

45 587 206 631 borent
225 586 422 631 homines
442 585 572 630 hodie
588 621 598 640 ,
621 586 794 629 nonnisi
818 587 861 630 in
874 589 1124 631 Creatorem
1139 597 1345 631 conantes
1362 603 1430 631 re-

46 656 160 702 ferre
181 658 215 701 si
237 657 344 717 quid
362 658 529 716 egerint
553 656 677 711 mali,
709 672 811 700 eum
838 657 919 700 sibi
944 657 1080 701 velint
1103 657 1236 701 tribui
1263 659 1296 701 si
1322 658 1429 718 quid

47 728 215 787 egerint
239 728 359 786 boni.
393 727 610 783 «Mulier,
643 727 806 787 inquit,
846 743 977 787 quam
1001 727 1157 772 dedisti
1186 744 1355 772 meeum
1375 764 1386 784 ,
1406 747 1426 769 »

46 797 94 843 id
115 807 193 854 est,
223 813 357 858 quam
378 797 535 842 dedisti
551 806 601 841 ut
623 806 733 841 esset
755 812 949 852 mecum,
980 817 999 840 «
1021 799 1116 842 haec
1137 799 1243 842 mihi
1266 798 1387 843 dedit
1407 815 1431 843 a

48 884 70 911 »
104 868 247 928 ligno,
270 876 314 913 et
330 869 400 914 edi
421 888 430 914 :
463 889 480 909 »
506 868 627 929 quasi
645 867 701 912 ad
720 869 803 912 hoc
824 866 924 913 data
946 869 1021 924 sit,
1047 878 1097 913 ut
1119 885 1208 913 non
1234 870 1324 930 ipsa
1347 885 1430 930 po-

45 939 132 985 tius
150 939 347 985 obediret
364 939 458 984 viro
473 975 484 995 ,
510 949 553 983 et
574 939 702 983 ambo
725 941 834 983 Deo.

61 1014 63 1017 ’
103 1009 307 1055 XLVIII.
346 1029 367 1053 «
391 1013 449 1055 Et
477 1010 584 1054 dixit
600 1010 812 1054 Dominus
838 1012 952 1053 Deus
977 1008 1149 1053 mulieri
1172 1028 1180 1054 :
1207 1009 1324 1064 Quid
1346 1011 1431 1055 hoc

47 1098 69 1123 υ
103 1078 276 1125 fecisti?
301 1083 359 1125 Et
381 1080 489 1124 dixit
509 1079 667 1124 mulier
685 1100 693 1124 ε
723 1082 906 1140 Serpens
930 1079 1100 1123 seduxit
1121 1095 1221 1134 me,
1241 1089 1283 1124 et
1304 1096 1430 1124 man-

46 1168 68 1193 »
103 1149 302 1196 ducavi¹.
326 1168 347 1192 »
362 1153 451 1196 Nec
472 1151 551 1194 ista
572 1151 807 1194 confitetur
827 1158 1073 1210 peecatum,
1090 1150 1166 1194 sed
1182 1151 1228 1194 in
1245 1150 1429 1195 alterum

43 1220 190 1277 refert,
204 1221 357 1282 impari
373 1237 494 1277 sexu,
511 1221 604 1281 pari
617 1219 745 1265 fastu.
773 1224 838 1265 Ex
851 1221 916 1265 his
934 1230 1081 1265 tamen
1098 1231 1224 1266 natus
1245 1231 1322 1277 est,
1349 1238 1429 1267 nec

43 1293 116 1337 eos
136 1292 329 1337 imitatus
351 1303 430 1348 est,
458 1292 532 1337 sed
545 1292 675 1352 plane
691 1291 892 1352 pluribus
914 1292 1037 1337 malis
1057 1293 1326 1349 exercitatus,
1353 1295 1429 1354 qui

43 1361 173 1419 dixit,
199 1373 242 1408 et
270 1361 385 1408 dicet
411 1378 550 1423 usque
581 1363 636 1407 ad
671 1363 904 1407 terminum
930 1364 1076 1409 saeculi
1100 1381 1112 1408 .-
1150 1384 1169 1407 ‹<
1195 1367 1287 1422 Ego
1312 1364 1425 1409 dixi:

46 1451 68 1476 ³)
102 1434 302 1488 Domine,
326 1433 528 1478 miserere
548 1435 658 1489 mei,
685 1449 785 1478 sana
803 1435 991 1478 animam
1010 1450 1148 1478 meam
1163 1470 1173 1489 ,
1199 1435 1300 1494 quia
1323 1450 1428 1494 pee-

46 1520 68 1545 »
103 1503 196 1549 cavi
217 1502 299 1547 tibi
315 1506 348 1547 ².
377 1521 398 1545 »
425 1506 600 1557 Quanto
627 1503 780 1547 melius
798 1504 857 1548 sic
879 1513 922 1547 et
943 1503 1040 1548 isti?
1064 1504 1147 1549 Sed
1167 1504 1311 1548 adhuc
1334 1520 1429 1548 cer-

41 1573 155 1620 vices
176 1582 456 1634 peccatorum
482 1590 572 1619 non
594 1573 842 1618 conciderat
864 1575 1073 1619 Dominus
1088 1577 1119 1618 ³.
1148 1593 1169 1615 ³>
1189 1575 1429 1619 Restabant

41 1644 229 1701 labores,
253 1644 424 1690 dolores
441 1646 591 1690 mortis
606 1681 616 1701 ,
637 1655 681 1689 et
701 1646 840 1690 omnis
858 1646 1061 1690 contritio
1078 1645 1248 1701 saeculi,
1270 1655 1313 1690 et
1332 1660 1429 1704 gra-

42 1716 101 1761 tia
114 1717 207 1772 Dei,
226 1733 312 1777 qua
338 1726 529 1776 tempore
550 1727 799 1776 opportuno
816 1718 1018 1762 subvenit
1030 1717 1297 1773 hominibus,
1318 1733 1427 1777 quos

44 1787 226 1832 afflictos
249 1787 401 1832 docuit
421 1803 512 1832 non
532 1787 586 1831 de
609 1803 652 1831 se
675 1787 776 1847 ipsis
801 1787 960 1831 debere
982 1795 1258 1847 praesumere.
1285 1807 1305 1830 «
1327 1790 1426 1832 Ser-

46 1875 68 1899 »
101 1873 228 1918 pens,
267 1858 434 1918 inquit,
487 1857 657 1902 seduxit
694 1873 764 1901 me
780 1894 790 1913 ,
834 1868 877 1902 et
908 1858 1168 1902 manducavi
1201 1877 1209 1902 :
1244 1876 1264 1899 »
1302 1858 1428 1918 quasi

42 1927 302 1989 cujusquam
318 1928 459 1973 suasio
487 1937 706 1988 praecepto
729 1928 804 1972 Dei
826 1927 1029 1972 debuerit
1050 1928 1271 1988 anteponi.

57 2068 61 2072 Α
91 2031 101 2048 ¹
118 2027 198 2059 Gen.
218 2036 265 2068 ιιι,
291 2025 341 2059 13.
362 2043 404 2049 —
424 2032 437 2049 ²
461 2026 540 2058 Psal.
562 2036 614 2068 ιιι,
637 2025 667 2058 5.
690 2042 732 2048 -
759 2023 834 2058 3Id.
859 2035 988 2067 cxxvm,
1009 2024 1041 2067 4.
