1854 3219
390 209 444 248 46
818 218 851 244 s.
888 214 1117 244 Aucusnm
1149 215 1330 244 muscori

388 360 1776 391 mwmmwwmmmmwwmmmwwmmmwwmmm

828 491 1046 541 CAPUT
1084 491 1318 539 XXXVI.

772 635 963 700 Regula
986 646 1128 682 sexta
1157 633 1394 681 Ticlzonz'i.

448 778 543 819 LII.
586 777 764 820 Sexum
803 775 998 834 regulam
1033 774 1268 819 Tiehonius
1306 765 1779 829 Reeapitulationem

388 854 538 900 vocat,
565 846 610 889 in
633 845 899 890 obscuritate
915 845 1238 905 Scripturarum
1255 843 1354 887 satis
1371 840 1601 899 vigilanter
1621 839 1779 885 inven-

389 928 491 963 tam.
521 917 589 962 Sic
620 917 736 961 enim
759 917 966 962 dicuntur
987 916 1190 977 quaedam
1222 915 1344 975 quasi
1376 921 1615 974 sequantur
1639 910 1685 955 in
1706 925 1780 955 or-

389 988 490 1033 dine
509 989 730 1048 temporis,
746 989 816 1034 vel
831 1004 975 1033 rerum
993 988 1321 1034 continuatione
1338 993 1585 1039 narrentur,
1606 997 1709 1029 cum
1726 980 1783 1029 ad

389 1061 548 1120 priora,
574 1076 672 1120 quse
696 1061 980 1120 prsetermissa
1003 1058 1198 1115 fuerant,
1223 1059 1412 1103 latenter
1433 1055 1624 1102 narratio
1653 1069 1780 1102 revo-

389 1141 511 1176 cetur
533 1151 541 1175 :
568 1131 690 1192 quod
711 1133 791 1176 uisi
810 1148 859 1175 ex
878 1132 958 1176 ha'c
978 1130 1127 1191 regula
1145 1129 1432 1189 intelligatur,
1455 1137 1638 1174 erratur.
1660 1125 1783 1173 Sicut

389 1203 434 1247 in
454 1204 636 1259 Genesi,
661 1223 681 1245 «
703 1206 759 1248 Et
780 1203 1016 1263 plantavit,
1041 1203 1186 1263 inquit
1202 1238 1213 1258 ,
1239 1203 1450 1247 Dominus
1471 1205 1587 1245 Deus
1610 1196 1784 1259 paradi-

392 1293 412 1315 »
447 1290 544 1319 sum
566 1275 612 1318 in
633 1274 759 1318 Eden
782 1275 838 1318 ad
855 1276 1083 1329 orientem,
1101 1283 1144 1318 et
1159 1273 1306 1333 posuit
1327 1273 1387 1317 ibi
1408 1272 1632 1317 hominem
1650 1283 1785 1331 quem

392 1365 412 1388 »
448 1345 678 1403 formavit3
703 1355 747 1389 et
778 1345 983 1405 produxit
1008 1350 1120 1390 Deus
1142 1345 1287 1390 adhuc
1307 1343 1362 1389 de
1396 1354 1509 1388 terra
1531 1358 1662 1388 omne
1698 1339 1782 1400 lig-

392 1436 413 1460 »
449 1433 557 1461 num
594 1417 860 1476 speciosum,
897 1426 940 1461 et
968 1417 1137 1461 bonum
1170 1417 1215 1460 in
1242 1418 1439 1471 escam¹,
1467 1434 1487 1458 »
1524 1415 1584 1458 ita
1608 1411 1795 1471 videtur¹

390 1489 559 1533 dictum
580 1497 790 1549 tanquam
813 1487 858 1531 id
881 1486 1047 1532 factum
1069 1488 1122 1532 sit
1145 1497 1432 1548 posteaquam
1449 1485 1616 1531 factum
1638 1482 1785 1545 posuit

390 1563 506 1604 Deus
525 1559 749 1603 hominem
779 1559 824 1602 in
854 1558 1081 1618 paradiso,
1106 1574 1208 1603 cum
1231 1558 1423 1602 breviter
1451 1567 1640 1617 utroque
1662 1572 1787 1601 com-,

391 1639 632 1675 memorato
645 1665 655 1685 ,
688 1629 733 1673 id
756 1638 819 1673 est
834 1628 956 1690 quod
977 1629 1192 1689 plantavit
1209 1632 1324 1674 Deus
1339 1627 1587 1688 paradisum
1604 1662 1615 1683 ,
1641 1637 1685 1672 et
1705 1643 1785 1688 po-

390 1701 476 1746 suit
503 1700 565 1744 ibi
586 1700 834 1756 hominem,
861 1715 994 1761 quem
1020 1699 1248 1755 formavit,
1274 1698 1607 1760 recapitulando
1636 1698 1787 1743 redeat

391 1782 434 1817 et
455 1772 571 1816 dicat
593 1771 714 1832 quod
736 1772 1070 1831 praetermiserat
1085 1807 1096 1828 ,
1121 1771 1345 1833 quomodo
1376 1770 1540 1816 seilicet
1560 1769 1786 1831 paradisus

390 1844 414 1889 f
413 1844 522 1888 uerit
542 1842 780 1903 plantatus,
798 1843 901 1903 quia
922 1843 1131 1904 produxit
1148 1846 1263 1888 Deus
1281 1842 1425 1887 adhuc
1442 1842 1498 1887 de
1519 1851 1634 1886 terra
1655 1857 1786 1889 omnss

391 1915 560 1974 lignum
592 1914 835 1974 speciosum
867 1923 910 1958 et
942 1914 1111 1958 bonum
1142 1914 1188 1958 in
1212 1929 1369 1958 escam.
1396 1913 1592 1973 Denique
1612 1922 1786 1959 secutus

392 1985 612 2047 adjunxit,
632 2004 652 2027 «
673 1988 730 2029 Et
751 1984 921 2044 lignum
939 1985 1041 2029 vitae
1074 1985 1119 2028 in
1145 1984 1291 2029 medio
1318 1982 1530 2044 paradisi,
1552 1992 1599 2028 et
1615 1982 1786 2042 lignum

394 2076 415 2098 η
450 2057 640 2101 scientiae
660 2056 764 2100 boni
787 2065 831 2100 et
850 2055 952 2100 mali
967 2059 1000 2100 ².
1025 2054 1228 2101 »Deinde
1246 2055 1429 2111 flumen,
1449 2070 1539 2116 quo
1561 2055 1785 2115 paradisus

390 2128 656 2186 irrigaretur,
680 2126 868 2171 divisum
890 2126 936 2170 in
959 2136 1149 2188 quatuor
1179 2126 1390 2187 principia
1413 2127 1652 2171 fluviorum
1674 2142 1785 2188 qua-

393 2208 505 2254 tuor,
546 2198 799 2258 explicatur,
836 2196 960 2258 quod
990 2207 1134 2242 totum
1159 2198 1350 2259 pertinet
1387 2197 1442 2242 ad
1463 2197 1784 2243 institutionem

389 2269 591 2330 paradisi.
618 2269 747 2324 Quod
768 2270 846 2314 ubi
869 2270 1144 2328 terminavit,
1170 2269 1371 2330 repetivit
1403 2267 1516 2313 illud
1552 2269 1672 2329 quod
1690 2270 1784 2330 jam

389 2341 579 2397 dixerat,
600 2351 643 2385 et
664 2357 811 2386 revera
833 2341 917 2386 hoc
946 2341 1227 2403 sequebatur,
1253 2350 1385 2402 atque
1408 2341 1468 2385 ait
1490 2359 1499 2386 ε
1525 2359 1545 2383 «
1562 2342 1620 2385 Et
1632 2355 1784 2400 sump2-

392 2432 413 2464 η
447 2413 501 2457 sit
523 2412 733 2458 Dominus
756 2415 868 2456 Deus
889 2413 1135 2469 hominem,
1158 2428 1288 2474 quem
1313 2412 1441 2458 finxit
1458 2421 1502 2458 et
1518 2412 1665 2472 posuit
1681 2426 1783 2458 eum

394 2503 414 2525 ³>
450 2484 495 2528 in
527 2483 769 2544 pa1·adiso³‚
794 2493 876 2528 etc.
903 2502 922 2525 n
954 2488 1055 2530 Post
1076 2484 1157 2530 ista
1179 2484 1297 2529 enim
1317 2483 1435 2530 faeta
1452 2483 1514 2530 ibi
1531 2492 1595 2530 est
1617 2483 1783 2545 positus

440 2589 445 2603 ¹
469 2583 547 2613 Gen.
568 2592 605 2623 11,
622 2581 656 2622 ὃ,
675 2592 706 2624 9.
730 2598 770 2603 —-—
791 2580 900 2613 21bid.
923 2598 963 2604 —-
986 2579 1100 2615 31bid.
1125 2581 1175 2614 15.
