1854 3219
223 214 277 242 DE
310 214 462 241 οΕΝΕεῐ
496 212 550 240 An
583 212 823 251 ΠΉῈΜΜ,
862 210 1149 239 innumerus
1182 209 1264 236 Lm.
1364 195 1445 235 149

56 288 150 324 tum
173 289 251 325 est.
272 280 362 326 Nisi
383 278 495 324 forte
511 277 675 339 aliquid
688 278 842 323 melius
859 287 989 338 atque
1006 275 1234 321 sublimius
1256 275 1446 323 occurrit

53 350 367 410 quaerentibus.

112 423 231 465 LIII.
268 439 290 463 «
315 422 372 464 Et
392 418 503 464 dixit
522 422 658 464 Deus:
693 418 855 481 Ejiciat
875 427 988 464 terra
1002 419 1191 464 animam
1208 417 1353 463 vivam
1373 431 1443 462 se-

54 508 76 532 »
110 490 306 535 cundum
327 504 456 535 suum
473 505 632 550 genus„
649 489 1008 551 quadrupedum,
1033 499 1077 534 et
1093 489 1380 549 serpentium,
1397 498 1442 534 et

53 579 75 603 »
110 555 349 606 bestiarum
367 570 494 606 terrae
517 560 761 606 secundum
783 576 936 620 genus,
961 570 1004 605 et
1025 576 1182 620 pecora
1199 559 1450 611 secundum¹

54 649 74 673 »
111 647 246 691 genus
265 651 274 677 ε
296 641 340 677 et
361 630 602 677 factumest
619 631 678 676 sic
695 633 724 675 ¹.
746 651 766 674 «
787 633 900 677 Cum
913 631 1080 676 dictum
1096 629 1229 675 fuerit
1254 649 1263 676 :
1288 649 1309 673 «
1334 630 1444 675 Ani-

53 719 73 743 »
109 717 248 758 mam,
268 721 287 744 »
313 718 391 747 cur
412 702 611 747 additum
632 702 687 746 sit
712 721 732 744 «
756 702 920 747 vivam:
940 719 961 742 »
982 710 1025 746 et
1046 701 1155 762 quid
1167 701 1221 745 sit
1240 720 1260 744 «
1284 716 1442 746 secun-

52 789 73 813 »
108 772 215 817 dum
237 788 371 832 genus
390 791 409 814 »
429 781 472 817 et
485 772 540 818 de
561 771 685 817 solita
707 771 986 817 conclusione
1008 788 1094 833 qua
1114 772 1296 817 dicitur.
1326 791 1346 814 ι(
1381 774 1440 817 Et

52 860 73 883 »
107 841 273 887 factum
295 852 359 888 est
379 843 439 888 sic
452 878 463 899 ‚
492 861 512 884 »
547 844 659 887 sicut
679 842 874 903 superius
888 851 1123 887 tractatum
1138 852 1223 898 est,
1239 842 1440 888 conside-

48 913 183 958 randa
205 923 248 959 et
286 914 538 974 accipienda
567 924 684 959 sunt.
706 917 818 961 Cum
845 924 992 960 autem
1032 916 1077 959 in
1119 914 1254 959 latina
1290 914 1442 972 lingua

46 985 225 1030 nomine
246 985 484 1030 bestiarum
497 1001 625 1030 omne
647 985 895 1030 irrationale
909 985 1069 1030 animal
1083 985 1339 1043 generaliter
1354 985 1442 1043 sig-

48 1057 278 1116 nificetur3
302 1057 374 1102 hic
395 1066 542 1102 tamen
570 1056 892 1116 distinguendae
919 1066 1022 1102 sunt
1043 1057 1228 1117 species,
1260 1066 1311 1101 ut
1333 1072 1443 1118 qua-

47 1126 264 1186 drupedes
288 1128 550 1188 accipiamus
587 1129 734 1173 omnia
750 1129 951 1189 jumenta
972 1149 984 1186 3
1019 1137 1239 1188 serpentes
1257 1163 1268 1183 ‚
1295 1128 1442 1172 omnia

47 1199 241 1257 repentia
258 1218 269 1255 3
294 1198 449 1243 bestias
470 1198 540 1243 vel
561 1197 695 1255 feras,
717 1199 863 1243 omnia
876 1197 1177 1259 quadrupedia
1198 1198 1409 1244 indomita
1427 1219 1438 1256 3

45 1282 201 1327 pecora
234 1283 360 1323 vero,
385 1267 687 1328 quadrupedia
710 1284 809 1329 quae
831 1284 921 1312 non
952 1269 1174 1328 operando
1203 1268 1436 1329 adjuvant,

45 1338 121 1384 sed
144 1339 251 1384 dant
273 1339 462 1401 aliquem
481 1339 675 1386 fructum
697 1339 990 1400 pascentibus.

6 1487 11 1493 ⁴
46 1495 1439 1516 mmmmmmmmmmmmmmmmmmmm

534 1616 754 1667 CAPUT
792 1620 930 1668 XVI.

51 1784 360 1831 Tractantur
385 1783 610 1830 versiculi
632 1792 687 1830 25
725 1794 772 1830 et
805 1791 861 1830 26
895 1784 1150 1831 Geneseos.
1178 1813 1235 1820 —
1256 1785 1436 1849 Imago

103 1854 234 1916 qaid.
269 1883 327 1891 —-
359 1854 634 1903 Similitudo
653 1857 866 1917 proprie.
886 1883 939 1893 ·-
953 1855 1274 1903 chlclzrz'tudo
1290 1857 1431 1904 unde.

101 1952 160 1961 —-
191 1925 504 1974 Unz'versz'taS.
532 1951 592 1962 —
613 1926 774 1973 Mens.

63 2089 66 2091 ’
101 2081 215 2124 LIV.
254 2081 352 2124 «Et
384 2078 488 2124 fecit
508 2081 623 2125 Deus
648 2079 806 2125 bestias
837 2089 963 2125 terrae
998 2080 1240 2126 secundum
1272 2095 1430 2141 genus:

45 2168 66 2192 »
100 2159 144 2194 et
163 2166 321 2210 pecora
355 2151 597 2195 secundum
634 2166 792 2210 genus,
818 2160 861 2196 et
894 2152 1039 2196 omnia
1061 2153 1275 2212 serpentia
1306 2162 1434 2197 terrae

44 2237 65 2262 »
99 2220 341 2265 secundum
364 2236 514 2280 genus.
535 2240 555 2263 »
574 2223 679 2266 Haec
694 2222 863 2267 iteratio
886 2223 1006 2284 quod
1020 2222 1186 2267 dictum
1210 2232 1274 2267 est
1289 2258 1299 2278 ‚
1330 2243 1350 2266 «
1374 2226 1432 2267 Et

45 2309 66 2332 »
101 2290 202 2335 fecit
221 2293 360 2346 Deus,
382 2309 402 2332 »
426 2307 528 2335 cum
559 2293 649 2352 jam
675 2291 841 2337 dictum
876 2303 1007 2348 esset,
1039 2313 1059 2335 «
1084 2296 1141 2338 Et
1169 2294 1336 2338 factum
1366 2303 1431 2338 est

44 2379 65 2402 »
99 2361 179 2416 sic,
200 2379 220 2402 »
240 2361 480 2405 secundum
498 2362 763 2422 superiorem
783 2362 972 2421 regulam
985 2363 1297 2408 consideretur.
1317 2366 1428 2409 Sane

0 2442 2 2480 ζ
42 2430 112 2474 liic
135 2446 338 2490 pecorum
363 2433 539 2475 nomine
562 2432 705 2477 omnia
728 2443 836 2492 puto
859 2434 1095 2492 significata
1120 2449 1210 2479 esse
1232 2433 1428 2494 quadru-

92 2545 98 2560 ¹
127 2541 205 2571 Cen.
221 2550 243 2570 1.
263 2537 316 2580 ’ὶῆ
