1854 3219
295 250 350 278 DE
381 247 532 277 GENEsr
563 245 618 275 An
650 243 894 285 urrann,
930 245 1012 274 Lm.
1047 248 1142 274 vm.
1327 233 1412 274 ²309

30 324 143 359 terra
170 314 261 374 jam
296 321 534 373 acceperat.
571 313 705 372 Cujus
739 311 878 356 futuri
920 310 1109 356 causales
1146 311 1332 355 rationes
1369 312 1414 355 in

29 393 225 430 creatura
246 383 453 439 condens,
474 392 683 443 tanquam
696 384 787 443 jam
809 383 1012 427 extitisset
1026 417 1037 438 ,
1059 381 1324 443 loquebatur
1345 382 1416 426 in-

30 464 154 500 terna
176 464 307 516 atque
333 455 485 499 intima
505 454 709 509 veritate,
731 468 864 514 quam
885 468 964 498 nec
1000 453 1147 498 oculos
1173 452 1284 497 vidit
1298 489 1309 508 ‚
1335 468 1416 498 nec

31 527 144 572 auris
161 526 351 582 audivit,
375 525 452 571 sed
475 525 657 586 Spiritus
678 526 770 586 ejus
793 524 1000 569 scribenti
1017 524 1170 585 utique
1191 523 1412 570 revelavit.

30 685 629 706 WWUWUWUWUWWMNW

1080 684 1113 700 ¹2⁸.

1365 683 1413 700 m

544 806 763 857 CAPUT
804 807 891 855 IV.

32 938 110 986 De
154 937 314 986 altera
354 947 499 999 parte
528 938 753 986 versiculi
777 946 819 985 9.
853 939 1060 1002 Lignum
1093 941 1203 986 vz'tce
1235 948 1281 985 et
1312 955 1422 984 vere

220 1020 439 1057 creatum
456 1027 582 1069 esse,
618 1022 666 1058 et
685 1012 978 1073 sapientiam
993 1013 1257 1075 figurasse.

91 1148 216 1192 VIII.
250 1149 387 1192 ILLun
408 1147 538 1208 plane
559 1147 681 1209 quod
703 1148 925 1208 sequitur:
948 1166 969 1190 (ι
992 1149 1050 1192 Et
1066 1146 1236 1206 lignum
1256 1146 1358 1191 vitae
1380 1146 1424 1189 in

35 1237 56 1261 )›
90 1217 235 1263 medio
255 1218 464 1278 paradisi,
490 1229 533 1264 et
554 1219 723 1278 lignum
744 1219 934 1263 scientiae
956 1217 1239 1276 dignoscendi
1257 1218 1424 1262 bonum

37 1309 56 1331 »
90 1298 134 1333 et
154 1288 343 1344 malum,
367 1308 387 1331 »
404 1288 655 1349 diligentius
670 1287 1036 1333 considerandum
1049 1298 1134 1343 est,
1154 1304 1210 1331 ne
1234 1297 1359 1345 cogat
1381 1287 1426 1330 in

33 1359 306 1418 allegoriam,
339 1369 389 1404 ut
411 1376 502 1405 non
529 1361 610 1405 ista
638 1359 757 1420 ligna
791 1358 974 1414 fuerint,
1008 1359 1084 1404 scd
1113 1358 1232 1404 aliud
1261 1358 1426 1419 aliquid

32 1430 210 1474 nomine
234 1429 345 1489 ligni
378 1431 636 1490 significent.
672 1430 847 1474 Dictum
874 1439 938 1474 est
957 1430 1073 1473 enim
1100 1429 1155 1474 de
1180 1429 1422 1489 Sapientia:

37 1520 58 1544 «
92 1501 281 1560 Lignum
313 1501 417 1547 vitae
456 1511 520 1546 est
564 1501 768 1546 omnibus
808 1500 1173 1561 amplectentibus
1200 1516 1291 1545 eam
1315 1503 1327 1526 ¹
1342 1536 1351 1545 .
1403 1518 1424 1540 »

34 1573 347 1623 Verumtamen
375 1586 477 1616 cum
489 1572 543 1616 sit
557 1570 796 1616 Jerusalem
807 1580 970 1615 aeterna
993 1572 1040 1614 in
1061 1570 1206 1626 coelis,
1232 1572 1361 1615 etiam
1382 1571 1429 1613 in

33 1650 148 1686 terra
163 1641 312 1686 civitas
333 1657 420 1701 qua
436 1640 510 1685 illa
529 1642 865 1699 significaretur,
889 1640 1065 1687 condita
1087 1651 1151 1686 est
1172 1663 1182 1699 3
1203 1650 1247 1686 et
1267 1643 1369 1686 Sara
1387 1650 1431 1685 ct

34 1714 151 1771 Agar
181 1711 378 1771 quamvis
409 1709 499 1755 duo
532 1713 807 1756 Testamenta
840 1711 1164 1770 significarent2
1183 1747 1193 1766 ‚
1218 1722 1342 1757 erant
1364 1721 1431 1756 ta-

34 1797 137 1826 men
160 1780 365 1842 quaedam
394 1780 526 1824 etiam
557 1779 761 1825 mulieres
783 1780 883 1824 duae
902 1802 914 1839 3
944 1790 988 1825 et
1008 1797 1110 1830 cum
1132 1781 1330 1826 Christus
1352 1797 1432 1841 per

34 1851 143 1912 ligni
163 1851 408 1912 passionem
422 1850 590 1895 fluento
612 1850 794 1910 spiritali
815 1866 894 1895 nos
917 1851 1088 1910 irriget,
1112 1861 1204 1896 erat
1221 1861 1368 1896 tamen
1390 1861 1433 1896 et

35 1932 158 1984 petra
170 1958 181 1978 ,
202 1938 303 1984 quae
320 1938 478 1983 aquam
496 1922 658 1967 sitienti
678 1921 845 1982 populo
859 1922 979 1982 ligno
999 1938 1199 1982 percussa
1220 1924 1430 1979 manavit,

37 1994 92 2039 de
113 2009 199 2055 qua
230 1994 472 2038 diceretur:
504 2012 524 2035 «
553 1984 682 2037 Petra
704 2002 850 2037 autem
873 2003 966 2038 erat
987 1994 1210 2039 Christus3
1228 2029 1236 2038 .
1258 2012 1278 2035 »
1300 1994 1433 2040 Aliud

38 2080 171 2126 quam
192 2073 316 2108 erant
337 2063 412 2108 illa
440 2063 585 2108 omnia
617 2064 1000 2123 significaverunt3
1027 2064 1103 2109 sed
1124 2074 1270 2109 tamen
1304 2065 1434 2109 etiam

38 2136 129 2196 ipsa
155 2134 436 2195 corporaliter
466 2133 661 2179 fuerunt.
688 2138 745 2179 Et
766 2134 946 2195 quando
968 2151 992 2179 a
1013 2145 1218 2180 narrante
1238 2151 1434 2180 commc-

40 2215 206 2251 morata
226 2214 351 2262 sunt,
376 2221 466 2250 non
488 2215 580 2249 erat
600 2204 674 2249 illa
696 2206 880 2265 figurata
896 2206 1085 2262 locutio,
1107 2207 1181 2252 sed
1199 2223 1347 2251 earum
1367 2223 1436 2252 re-

40 2292 138 2320 rum
169 2291 365 2336 expressa
396 2275 613 2331 narratio,
643 2291 830 2336 quarum
859 2285 950 2320 erat
980 2277 1166 2335 figurata
1188 2278 1430 2337 praecessio.

46 2349 147 2391 Erat
166 2362 269 2405 ergo
285 2355 328 2390 et
348 2345 516 2405 lignum
528 2345 651 2401 vitae,
672 2345 1043 2406 quemadmodum
1067 2357 1191 2408 petra
1208 2349 1404 2393 Christus
1422 2368 1433 2405 3

41 2431 122 2461 nec
142 2417 236 2460 sine
257 2416 470 2474 mysteriis
492 2431 638 2460 rerum
660 2416 917 2476 spiritalium
941 2418 1221 2476 corporaliter
1242 2434 1435 2479 praescu-

43 2487 140 2532 tatis
164 2485 302 2532 voluit
323 2487 545 2532 hominem
562 2489 676 2531 Deus
690 2486 735 2530 in
748 2486 947 2546 paradiso
963 2488 1122 2535 vivere.
1149 2492 1256 2535 Erat
1273 2491 1310 2535 ei
1332 2504 1436 2548 ergo

94 2589 102 2606 ¹
121 2585 216 2616 Prov.
239 2594 285 2627 m,
307 2583 358 2617 18.
378 2600 420 2607 —-
442 2589 455 2608 2
474 2582 543 2615 Gal.
560 2593 606 2625 tv,
621 2581 676 2626 24.
700 2600 743 2606 —
761 2581 776 2607 ³
791 2595 805 2616 1
826 2582 899 2617 Cor.
922 2594 953 2626 x,
974 2583 1007 2626 4.
