1854 3219
301 202 354 226 DE
386 200 537 228 GENES1
571 199 626 226 AD
658 200 903 238 L1'1·TE1zAM‚
938 178 1021 228 Lls.
1058 203 1154 229 viu.
1337 189 1419 229 413

30 264 351 320 dubitabimus,
374 279 452 324 per
475 263 656 324 alicujus
678 264 842 308 arboris
860 264 1008 309 cibum
1021 300 1032 321 ,
1050 264 1280 326 cujusdam
1300 265 1423 310 altio-

30 335 86 381 ris
102 335 421 394 significationis
438 335 574 394 gratia
589 370 600 390 ‚
628 334 796 379 homini
816 338 956 380 Deum
977 336 1224 396 praestitisse
1246 352 1301 381 ne
1322 352 1421 382 cor-

29 420 111 465 pus
134 406 225 466 ejus
258 405 326 450 vel
356 405 608 449 infirmitate
629 404 700 449 vel
721 413 848 449 aetate
870 405 916 449 in
938 405 1128 451 deterius
1148 416 1394 451 mutaretur
1408 442 1420 463 7

30 485 106 521 aut
139 477 185 521 in
214 491 416 521 occasum
448 475 579 520 etiam
603 474 856 534 laberetur3
888 477 962 536 qui
989 477 1069 537 ipsi
1098 477 1197 522 cibo
1230 479 1424 523 humano

29 548 230 607 praestitit
263 557 354 592 tam
385 546 628 592 mirabilem
649 556 832 602 statum,
858 557 908 592 ut
940 548 986 592 in
1008 548 1216 593 fictilibus
1236 549 1423 595 vasculis

30 619 170 663 farina
191 629 235 664 et
256 619 404 664 oleum
426 618 674 663 deficientes
695 619 891 663 reficeret
904 655 914 674 ,
935 635 1016 664 nec
1038 619 1244 665 deficeret
1259 623 1303 665 ¹?
1325 624 1350 665 J
1354 637 1424 666 am

29 690 103 735 hic
123 689 179 735 de
199 705 355 749 genere
382 690 753 736 contentiosorum
775 690 1007 751 quisquam
1036 692 1206 747 existat,
1232 700 1275 736 et
1309 691 1426 737 dicat

31 764 170 805 Deum
194 762 240 805 in
268 761 392 806 terris
422 761 578 806 nostris
601 759 810 805 miracula
842 760 945 805 talia
966 760 1108 806 lacere
1131 761 1353 818 debuisse,
1378 763 1425 806 in

30 832 229 892 paradiso
250 842 397 877 autem
418 848 507 877 non
528 832 749 877 debuisse:
775 832 899 892 quasi
918 847 1021 877 vero
1038 849 1129 877 non
1149 832 1219 877 vel
1241 832 1296 877 de
1322 832 1423 893 pul-

30 918 131 948 vere
146 903 398 959 hominem,
423 902 492 947 vel
515 904 570 947 de
591 903 727 948 latere
738 903 819 948 viri
833 902 1080 960 mulierem,
1108 905 1247 964 majus
1262 904 1322 948 ibi
1337 904 1421 948 mi-

30 974 227 1020 raculum
248 972 352 1020 fecit
366 1009 377 1031 ‚
399 990 533 1035 quam
550 974 671 1036 quod
687 975 757 1020 hic
773 983 967 1020 mortuos
989 975 1225 1021 suscitavit.

31 1119 242 1137 mmm
246 1118 1424 1138 mmmmmmmmfflmmmmmmm

570 1254 788 1303 CAPUT
830 1256 915 1302 VI.

31 1385 238 1447 Lignum
258 1385 470 1431 scientc'ce
490 1383 603 1430 boni
631 1394 675 1429 et
694 1384 815 1430 mccli
834 1383 984 1430 arbor
1000 1401 1115 1430 vera
1139 1394 1185 1431 ct
1203 1386 1422 1431 innoxia.

326 1483 383 1490 —
402 1454 706 1501 Obedc'entz‘cc.
722 1482 781 1490 —
792 1454 1147 1502 Inobeclienticc.

91 1595 194 1638 XII.
232 1594 452 1647 SEQUITUR
485 1601 537 1636 ut
562 1591 786 1637 videamus
816 1589 871 1636 de
896 1590 1017 1652 ligno
1044 1592 1236 1637 scientiae
1258 1593 1431 1653 dignos-

33 1664 161 1710 cendi
183 1664 351 1709 bonum
374 1672 418 1707 et
437 1663 618 1708 malum.
645 1667 824 1708 Prorsus
846 1673 890 1708 et
910 1665 994 1709 hoc
1016 1664 1186 1723 lignum
1215 1675 1307 1710 erat
1327 1664 1430 1710 visi-

34 1735 121 1780 bile
139 1752 188 1780 ac
210 1733 433 1794 corporale
451 1769 462 1789 ,
482 1734 592 1778 sicut
610 1735 784 1779 arbores
799 1745 982 1779 caeterae.
999 1736 1128 1788 Quod
1142 1752 1245 1795 ergo
1261 1736 1432 1794 lignum

32 1815 166 1861 esset,
191 1820 282 1850 non
295 1813 359 1848 est
378 1803 674 1848 dubitandum
695 1825 705 1862 ·,
726 1804 800 1848 sed
816 1821 893 1848 cur
910 1806 994 1849 hoc
1018 1821 1178 1850 nomen
1192 1806 1430 1865 acceperit,

35 1875 362 1938 requirendum.
387 1875 495 1920 Mihi
516 1884 663 1919 autem
686 1875 819 1919 etiam
841 1884 973 1936 atque
991 1876 1122 1920 etiam
1140 1875 1434 1920 consideranti

34 1948 120 1993 dici
137 1963 228 1992 non
248 1955 391 2007 potest
407 1955 622 2007 quantum
639 1944 808 2006 placeat
823 1945 897 1990 illa
924 1947 1158 2002 sententia,
1183 1962 1274 1991 non
1303 1945 1435 1990 fuisse

34 2019 155 2064 illam
177 2019 377 2063 arborem
399 2018 499 2063 cibo
521 2017 696 2063 noxiam
719 2039 730 2076 3
755 2033 898 2078 neque
921 2018 1037 2062 enim
1059 2019 1136 2078 qui
1158 2018 1322 2062 fecerat
1345 2033 1436 2062 om-

35 2089 105 2134 nia
129 2089 246 2133 bona
257 2087 385 2134 valde
402 2091 420 2115 ²
434 2123 444 2143 ‚
469 2087 516 2132 in
532 2087 732 2149 paradiso
746 2088 994 2133 instituerat
1011 2088 1179 2149 aliquid
1195 2088 1325 2144 mali,
1358 2087 1434 2132 sed

35 2160 200 2205 malum
217 2159 348 2205 fuisse
359 2160 528 2204 homini
543 2161 926 2219 transgressionem
947 2161 1172 2221 praecepti.
1194 2160 1438 2221 Oportebat

37 2242 183 2278 autem
204 2241 254 2277 ut
274 2233 408 2276 homo
430 2232 512 2276 sub
534 2232 721 2277 Domino
744 2236 834 2277 Deo
856 2234 1022 2293 positus
1053 2231 1257 2278 alicunde
1286 2231 1438 2293 prohi—

35 2303 236 2357 beretur,
267 2313 318 2348 ut
349 2303 389 2347 ei
421 2302 700 2363 promerendi
734 2304 972 2348 Dominum
998 2319 1127 2348 suum
1153 2305 1293 2349 virtus
1327 2311 1438 2347 esset

37 2373 129 2433 ipsa
142 2373 413 2429 obedientia,
434 2389 566 2435 quam
583 2389 759 2434 possum
780 2375 998 2420 verissime
1020 2374 1164 2419 dicere
1188 2373 1324 2419 solam
1347 2388 1437 2417 esse

38 2446 245 2490 virtutem
266 2446 386 2490 omni
403 2454 612 2490 creaturae
630 2445 830 2491 rationali
841 2447 986 2506 agenti
1001 2446 1085 2491 sub
1099 2446 1178 2492 Dei
1194 2453 1407 2507 potestate
1422 2464 1433 2501 3

88 2547 97 2565 ¹
113 2542 132 2574 3
151 2544 227 2585 Reg.
247 2553 327 2585 xvu,
351 2542 408 2576 61.
429 2559 472 2566 —·
497 2549 510 2565 ²
529 2544 609 2576 Gen.
628 2554 651 2585 1,
671 2540 727 2575 31.
