1854 3219
244 162 297 188 DE
329 158 480 189 GENEsr
514 157 567 187 An
600 158 839 196 ιΙΤΤΕιὶΑΜ,
877 159 1164 186 mpnnrrc‘rcs
1197 159 1278 185 Lm.
1379 146 1458 184 135

86 244 105 267 «
139 228 356 285 Appareat
373 223 535 278 arida‚»
555 224 674 284 quod
688 222 873 282 positum
884 232 961 276 est,
982 231 1103 265 teri-fe
1121 220 1321 265 formatio
1339 221 1463 265 intel-

80 294 155 353 ligi
168 304 326 354 potest⁷
341 304 392 338 ut
412 295 524 338 hanc
537 293 717 336 haberet
733 292 920 351 speciem
938 301 1066 346 terra,
1081 307 1213 351 quam
1225 291 1455 335 cernimus.

82 365 315 409 Invisibilis
329 365 444 408 enim
465 372 508 407 et
525 363 810 422 incomposita
828 361 943 406 dicta
959 372 1064 417 erat,
1091 377 1191 406 cum
1216 362 1359 406 adhuc
1372 378 1462 407 ma-

80 436 202 480 teriae
218 435 378 496 species
391 435 570 479 deesset.
587 434 703 479 Dixit
715 448 816 491 ergo
830 437 944 477 Deus
968 452 976 477 :
993 453 1013 475 ‹<
1029 435 1329 492 Congregetur
1351 449 1463 495 aqua

82 525 104 549 >›
139 523 238 568 quae
255 507 334 552 sub
351 506 465 551 coelo
481 515 568 564 θεῖς
583 504 661 549 »id
683 513 761 560 est,
773 505 820 548 in
832 503 1018 549 formam
1032 505 1252 563 redigatur
1263 505 1464 550 materies

78 577 327 638 corporalis,
338 587 390 621 ut
403 593 516 637 aqua
536 577 615 620 ista
629 576 706 632 sit,
725 591 856 636 quam
871 576 1094 620 sentimus.
1116 594 1133 616 ι(
1148 579 1199 620 In
1221 591 1462 636 congrega-

81 665 102 689 »
127 649 289 692 tionem
301 662 449 691 unam.
459 646 558 691 »Vis
573 647 663 706 ipsa
674 645 826 690 formae
839 645 1169 690 commendatur
1181 646 1357 690 nomine
1368 648 1464 692 uni-

78 719 193 762 tatis.
221 721 315 763 Hoc
333 728 397 762 est
419 718 535 762 enim
554 731 657 761 vere
679 715 871 771 formari,
894 716 941 760 in
957 731 1096 760 unum
1116 717 1281 778 aliquid
1300 716 1461 778 redigi3

77 788 287 849 quoniam
300 803 470 832 summe
489 803 629 832 unum
645 796 709 831 est
729 787 870 832 omnis
893 784 1045 830 formae
1058 787 1336 848 principium.
1368 808 1388 831 «
1407 791 1466 833 Et

80 877 101 901 »
137 868 342 920 appareat
374 858 514 917 arida3
542 877 562 900 »
602 858 649 903 id
669 867 747 913 est,
789 859 976 918 speciem
1006 858 1222 903 visibilem
1257 860 1461 920 accipiat,

77 941 209 992 atque
227 947 250 974 a
264 930 521 975 confusione
536 929 801 974 distinctam.
822 933 879 974 Et
894 929 1007 973 bene
1024 945 1135 990 aqua
1154 941 1460 990 congregatur,

77 1011 128 1046 ut
148 1009 353 1061 appareat
366 1000 509 1056 arida,
525 999 571 1044 id
593 1009 671 1054 est,
693 1000 924 1044 cohibetur
945 999 1067 1060 quod
1084 1000 1227 1044 fluitat
1247 1016 1388 1057 mare,
1414 1011 1465 1047 ut

77 1071 198 1133 quod
214 1072 450 1116 obscurum
463 1080 526 1115 est
542 1069 798 1115 illustretur.
820 1074 908 1114 «Et
920 1071 979 1115 sic
998 1071 1164 1115 factum
1178 1080 1241 1115 est
1262 1087 1270 1113 z
1291 1090 1311 1113 >›
1332 1073 1464 1116 etiam

76 1143 161 1187 hoc
182 1141 361 1187 fortasse
381 1143 427 1186 in
449 1142 688 1186 rationibus
714 1140 1019 1186 intellectualis
1043 1151 1212 1185 naturae
1234 1143 1352 1202 prius
1370 1144 1461 1188 fac-

78 1223 173 1258 tum
195 1223 259 1258 est
273 1248 284 1268 ‚
304 1222 355 1257 ut
369 1222 518 1272 postea
534 1211 655 1273 quod
677 1212 857 1257 dicitur:
881 1232 901 1254 «
918 1215 975 1256 Et
993 1223 1253 1272 congregata
1273 1223 1336 1258 est
1352 1230 1464 1275 aqua

79 1302 101 1327 »
130 1285 177 1328 in
198 1284 577 1342 congregationem
594 1298 750 1338 unam,
775 1292 819 1327 et
836 1284 1036 1343 apparuit
1057 1284 1198 1340 arida,
1227 1303 1247 1325 n
1273 1301 1363 1330 non
1391 1302 1465 1331 su-

76 1354 246 1415 perfluo
263 1353 463 1397 additum
484 1353 707 1407 videatur,
728 1369 829 1397 cum
841 1354 933 1413 jam
953 1354 1120 1399 dictum
1134 1365 1266 1400 esset:
1287 1375 1306 1398 α
1331 1360 1388 1400 Et
1405 1357 1464 1402 sic

80 1444 101 1469 »
135 1424 299 1470 sactum
325 1433 416 1482 θεῖς
442 1442 463 1465 >)
489 1422 565 1468 sed
600 1433 651 1467 ut
681 1433 779 1483 post
810 1424 1068 1468 rationalem
1092 1436 1134 1470 et
1163 1426 1463 1487 incorpoream

77 1496 370 1557 operationem
390 1494 729 1553 intelligeremus
752 1495 880 1540 etiam
899 1496 1169 1556 corporalem
1192 1507 1399 1543 secutam.

133 1569 345 1612 XXXIII.
375 1585 396 1609 «
419 1569 476 1611 Et
492 1566 665 1611 vocavit
686 1569 801 1625 Deus
819 1566 985 1611 aridam
1004 1576 1163 1612 terram
1181 1604 1190 1623 ‚
1217 1577 1260 1613 et
1279 1585 1462 1628 congre-

79 1656 100 1680 »
136 1637 353 1698 gationem
377 1653 502 1698 aquae
520 1652 637 1681 mare,
652 1637 825 1682 vocavit
840 1640 869 1681 ¹.
894 1656 914 1678 »
936 1637 1093 1683 Adhuc
1110 1639 1339 1684 nobiscum
1360 1640 1465 1686 facit

77 1709 151 1754 illa
173 1724 300 1754 causa
320 1707 636 1753 vocabulorum
658 1728 667 1753 :
703 1724 793 1753 non
819 1709 936 1752 enim
971 1710 1111 1754 omnis
1146 1727 1285 1771 aqua,
1315 1727 1461 1764 mare3

79 1789 154 1824 aut
175 1795 305 1824 omne
327 1778 518 1835 aridum,
561 1787 690 1823 terra.
727 1781 844 1837 Ergo
868 1796 968 1840 quae
994 1797 1105 1842 aqua
1131 1791 1260 1837 esset,
1292 1792 1335 1826 et
1366 1799 1464 1844 quae

79 1850 218 1906 arida,
243 1850 466 1896 vocabulis
485 1851 802 1910 segregandum
824 1849 922 1896 fuit.
946 1855 1089 1912 Ipsam
1112 1863 1257 1897 autern
1280 1853 1462 1899 distinc-

78 1923 242 1967 tionem
264 1932 394 1983 atque
415 1921 721 1967 formationem
733 1922 864 1967 fuisse
877 1925 1150 1969 vocationem
1164 1925 1264 1981 Dei,
1284 1942 1374 1971 non
1388 1926 1466 1970 ab-

78 1993 208 2037 surde
232 1993 375 2039 adhuc
394 1993 578 2053 intelligi
595 2003 752 2054 potest.
781 2015 801 2038 «
826 1999 883 2040 Et
903 1995 1013 2040 vidit
1035 1999 1148 2040 Deus
1171 1997 1273 2057 quia
1294 1997 1463 2042 bonum

79 2073 156 2108 est.
172 2082 192 2105 »
216 2067 273 2109 Et
296 2065 366 2109 hic
384 2065 476 2125 ipse
494 2065 602 2110 ordo
623 2075 816 2111 servatus
833 2077 897 2112 est
917 2082 926 2107 t
949 2083 1082 2128 quare
1098 2068 1202 2113 huic
1216 2069 1346 2113 etiam
1362 2068 1434 2113 illa
1449 2104 1459 2124 ‚

78 2150 178 2195 quae
192 2137 283 2196 jam
298 2144 480 2181 tractata
497 2145 620 2192 sunt,
645 2136 946 2183 conferantur.

126 2240 136 2256 ¹
164 2236 245 2267 Gen.
269 2245 294 2276 1,
313 2245 365 2266 10.
