1854 3219
16 267 91 296 (Ar.
108 274 174 295 xvi.

83 330 162 351 xvu.

70 385 162 407 xvul.

96 439 160 462 xlx.

110 551 161 573 XX.

97 606 164 630 XXI.

82 721 160 745 XXII.

68 836 162 859 xxm.

72 892 161 915 xx1v.

51 976 59 983 ⁴
91 950 165 971 xxv.

75 1005 160 1027 xxvi.

65 1061 165 1083 xxvn.

55 1173 167 1195 xxvm.

73 1281 150 1307 xxn
155 1298 162 1305 .

91 1340 155 1362 XXX
160 1354 166 1361 .

81 1451 168 1475 XXXI.

70 1564 166 1587 xxxu.

57 1675 173 1698 xxxlu.

56 1731 167 1753 XXXIV.

71 1787 169 1810 XXXV.

635 198 776 224 minax.
1313 189 1393 226 637

200 264 257 295 Dei
276 262 400 305 requies
416 263 457 295 ab
474 264 624 305 operibus
637 266 699 297 suis
716 266 746 297 in
764 267 898 308 septimo
916 266 977 297 die.
1332 269 1398 299 274

187 318 282 356 Quies
299 322 407 350 nostra
423 319 455 350 in
472 321 554 351 Deo.
1333 324 1397 354 :275

187 373 346 416 Septimus
364 373 432 405 dies
444 384 501 405 cur
517 383 610 406 mane
626 374 774 408 habuerit
788 402 796 416 ,
811 386 873 409 non
887 377 927 410 ad
944 386 1123 420 vesperam.
1332 379 1396 410 276

186 429 254 462 Alia
269 429 352 463 ratio
360 438 422 473 qua
435 428 619 472 intelligitur
632 431 786 474 septimus
794 432 861 465 dies
876 432 1022 466 habuisse
1035 443 1129 466 mane
1138 433 1205 465 sine
1217 443 1287 465 ves-

235 494 326 528 pera.
1335 489 1399 521 279

188 539 260 573 Dies
278 540 431 583 septimus
447 550 490 574 an
501 544 641 575 creatus.
1333 543 1399 577 ⁵280

189 598 237 630 De
252 596 324 630 luce
340 608 409 640 quae
437 601 513 630 ante
540 596 707 630 luminaria
733 597 794 631 fuit
817 599 858 632 ad
883 598 1138 633 vicissitudinem
1165 598 1228 634 diei
1254 604 1288 632 et

234 654 349 687 noctis.
365 671 368 673 ·
1332 656 1398 689 283

187 712 254 744 Lux
270 710 416 754 spiritalis
429 711 589 755 quomodo
604 711 668 745 diei
680 715 716 745 et
732 712 835 745 noctis
850 712 1098 747 vicissitudinem
1111 712 1290 746 exhibuisse

234 768 431 809 intelligitur.
1333 769 1399 801 284

187 825 331 869 cognitio
347 836 454 859 rerum
466 825 499 858 in
516 825 622 859 Verbo
639 825 718 869 Dei,
738 830 772 866 et
787 826 819 859 in
837 836 871 859 se
883 826 967 870 ipsis.
1334 826 1399 858 285

187 881 328 915 Scientia
345 882 557 925 Angelorum.
1332 881 1400 913 286

190 941 253 972 Cur
269 949 326 971 sex
336 938 448 972 diebus
464 949 527 971 uon
544 938 681 971 addatur
694 949 767 970 nox.
1333 935 1400 968 287

185 995 340 1028 Numerus
356 994 479 1027 dierum
494 994 652 1037 quomodo
670 993 884 1036 accipiendus,
1309 990 1398 1024 I'bz'd.

191 1050 305 1083 Usitati
320 1049 387 1082 dies
410 1049 618 1082 hebdomadae
637 1048 728 1091 longe
745 1049 885 1092 dispares
903 1052 1026 1091 septem
1046 1048 1157 1081 diebus
1178 1049 1289 1080 Gene-

234 1113 316 1138 se08.
1336 1103 1400 1136 289

193 1160 421 1205 Interpretatio
436 1161 512 1193 data
526 1160 567 1202 de
584 1160 655 1194 luce
671 1164 706 1193 et
720 1160 773 1193 die
791 1160 924 1203 spiritali
947 1170 1010 1192 non
1028 1159 1225 1192 existimetur
1237 1158 1291 1191 irn-

235 1216 365 1260 propria
383 1220 417 1249 et
431 1216 575 1259 figurata.
1308 1213 1330 1245 I
1332 1211 1400 1246 bid.

188 1275 224 1305 In
243 1272 384 1314 angelica
401 1272 583 1313 cognitione
595 1271 681 1313 dies,
700 1282 830 1315 vespera
849 1275 883 1304 et
899 1281 1004 1303 mane.
1337 1270 1398 1301 29¹1

192 1328 294 1361 Nihilo
312 1327 477 1370 ignobilior
499 1326 642 1369 angelica
660 1327 810 1370 scientia,
828 1328 906 1360 licet
921 1328 952 1359 in
967 1327 1028 1359 hac
1045 1326 1086 1358 sit
1102 1335 1237 1367 vespera
1259 1328 1293 1356 et

214 1394 320 1417 mane.
1309 1378 1399 1412 Ibid.
1431 1394 1434 1395 ⁷

194 1439 288 1473 Initio
303 1437 475 1472 creationis
499 1448 606 1470 rerum
623 1438 782 1481 quomodo
800 1449 863 1472 non
886 1437 976 1470 simul
992 1437 1059 1469 dies
1073 1463 1081 1479 ,
1108 1447 1242 1479 vespera
1260 1440 1293 1468 et

216 1506 311 1528 mane
326 1495 358 1527 in
373 1493 513 1536 angelica
528 1494 720 1536 cognitione.
1338 1491 1402 1523 232

192 1552 225 1585 Si
236 1557 313 1585 tunc
329 1551 390 1583 ista
400 1550 505 1582 omnia
521 1549 611 1582 simul
625 1549 658 1582 in
669 1550 862 1592 Angelorum
874 1549 1019 1591 scientia,
1028 1548 1138 1581 saltem
1151 1559 1212 1580 non
1227 1548 1294 1580 sine

218 1609 355 1651 quodam
371 1607 482 1640 ordine
499 1606 638 1639 fuerunt.
1339 1604 1403 1634 293

199 1666 248 1696 An
259 1663 349 1696 simul
365 1663 470 1695 omnia
484 1687 493 1704 ‚
506 1672 546 1694 an
562 1672 620 1704 per
635 1661 798 1694 intervalla
809 1662 930 1694 dierum
947 1661 1076 1694 condita
1093 1660 1223 1692 fuerint.
1339 1660 1405 1690 295

193 1718 310 1752 Omnia
324 1722 359 1751 et
371 1717 462 1751 simul
473 1716 576 1759 facta,
595 1721 629 1749 et
638 1715 838 1750 nihilominus
859 1727 916 1759 per
931 1727 987 1748 sex
999 1716 1065 1749 dies
1079 1716 1177 1748 facta.
1336 1715 1402 1744 ⁶297

194 1774 361 1810 Conclusio
377 1774 419 1807 de
436 1772 546 1808 diebus
567 1774 738 1806 Geneseos.
1339 1769 1404 1800 300

21 2053 77 2092 De
104 2063 149 2089 eo
166 2052 268 2099 quod
287 2050 472 2098 scriptum
501 2052 560 2087 est
575 2049 615 2086 in
633 2048 755 2095 capite
779 2060 809 2083 11
834 2047 1054 2084 Geueseos:
1081 2058 1098 2078 a
1122 2042 1194 2080 Hic
1213 2046 1271 2079 est
1288 2042 1405 2079 Liber

70 2125 89 2145 η
116 2114 300 2148 creaturae
323 2110 432 2152 coeli,
451 2111 524 2146 etc.
549 2122 567 2141 η
593 2117 714 2154 usque
739 2106 786 2143 ad
815 2105 938 2142 illud:
963 2119 980 2139 «
1001 2105 1100 2141 Fons
1123 2105 1251 2139 autem
1274 2112 1403 2138 ascen-

70 2183 88 2203 »
118 2170 234 2207 debat
251 2169 299 2205 de
318 2171 439 2212 terra,
457 2170 532 2205 etc.
546 2181 563 2200 n

44 2279 124 2311 Cn.
148 2288 173 2310 1.

136 2388 170 2423 ιι.

121 2457 173 2480 ιιι.

126 2513 172 2538 xv.

198 2278 259 2309 Sex
273 2276 325 2309 vel
348 2279 475 2319 septem
490 2273 620 2308 Genesis
640 2272 706 2305 dies
723 2272 814 2305 unius
835 2271 898 2304 diei
922 2269 1113 2313 repetitione
1134 2268 1294 2301 numerari

242 2333 393 2376 potuisse.
1340 2324 1401 2355 301

195 2390 303 2423 Viride
316 2389 384 2432 agri
398 2398 456 2422 cur
476 2386 631 2420 additum.
1339 2380 1402 2411 303

198 2448 244 2480 Ex
259 2444 446 2479 narrationis
462 2443 572 2476 ordine
588 2440 773 2484 intelligitur
785 2440 889 2474 omnia
905 2438 995 2471 simul
1006 2442 1116 2471 creata
1128 2437 1236 2470 fuisse.
1337 2432 1401 2473 304

197 2504 260 2537 Cur
272 2500 390 2536 foenum
402 2503 573 2543 antequam
592 2497 769 2532 exoriretur
787 2496 910 2530 factum
926 2494 1023 2528 fuisse
1041 2493 1171 2527 dicitur.
1335 2491 1400 2522 306
