1854 3219
346 194 399 219 DE
431 194 581 220 eEnEffl
615 193 669 218 An
701 193 946 230 mummi,
981 194 1063 219 Lm.
1102 194 1174 219 111.
1368 182 1446 222 401

68 271 204 315 usque
222 271 339 300 nunc
360 272 462 300 eum
484 255 652 316 operari
666 258 697 310 1,
722 255 844 316 quod
861 256 1072 301 Dominus
1094 255 1214 301 dicit.
1239 258 1457 317 Respiciat

66 327 196 371 etiam
212 343 312 387 quae
329 327 445 372 dicta
461 335 564 371 sunt
579 335 901 382 consummata,
923 327 1146 388 quomodo
1167 326 1318 372 eadem
1339 327 1457 374 dieta

66 396 153 441 sint
174 397 392 459 inchoata.

126 470 266 512 XLII.
289 468 364 512 His
381 468 494 512 enim
516 468 718 512 omnibus
736 466 895 511 divinae
919 468 1152 528 Scripturae
1174 468 1429 514 testimoniis
1443 505 1454 526 ,

68 554 202 599 quam
221 554 310 584 esse
327 554 524 583 veracem
547 553 677 583 nemo
695 537 870 582 dubitat
886 539 968 582 nisi
985 538 1171 583 infidelis
1191 548 1266 583 aut
1282 539 1456 599 impius,

70 608 127 653 ad
148 607 268 654 illam
291 609 551 654 sententiam
573 608 694 653 ducti
713 624 884 663 sumus,
911 618 961 653 ut
978 609 1218 654 diceremus
1242 613 1382 654 Deum
1405 611 1460 654 ab

71 679 248 724 exordio
260 679 408 725 saeculi
418 680 610 740 primum
622 678 751 723 simul
763 679 907 724 omnia
921 679 1351 740 creavisse,quaedam
1361 697 1464 725 con-

71 749 171 794 ditis
180 751 270 811 jam
282 750 382 810 ipsis
396 749 785 810 naturis,quaedam
797 749 1076 809 praeconditis
1088 750 1241 805 causis,
1253 751 1363 794 sicut
1373 767 1463 795 non

71 820 214 865 solum
235 821 484 881 praesentia,
507 821 791 865 verumetiam
807 820 957 864 fiitura
975 819 1077 864 fecit
1099 821 1401 881 Omnipotens,
1422 831 1465 866 et

72 891 126 935 al)
144 891 203 936 eis
224 889 348 936 factis
371 891 604 952 requievit,
625 899 675 935 ut
692 906 843 935 eorum
864 889 1068 950 deinceps
1091 891 1464 938 administratione

74 971 205 1022 atque
226 962 437 1022 regimine
458 970 624 1006 crearet
654 962 784 1006 etiam
807 961 980 1006 ordines
1001 970 1252 1022 temporum
1280 972 1324 1007 et
1351 973 1463 1008 tem-

73 1031 289 1092 poralium
308 1050 317 1076 :
342 1032 419 1092 qui
435 1041 480 1076 et
502 1041 880 1077 consummaverat
906 1048 956 1076 ea
972 1041 1151 1092 propter
1173 1033 1372 1078 omnium
1389 1049 1464 1093 ge-

74 1118 231 1147 nerum
252 1101 624 1157 terminationem,
645 1111 689 1147 et
704 1102 983 1147 inchoaverat
1003 1113 1182 1163 propter
1204 1104 1465 1150 saeculorum

76 1174 456 1234 propagationem,
488 1183 539 1218 ut
560 1183 738 1234 propter
760 1184 1059 1219 consummata
1090 1176 1400 1236 requiesceret,
1425 1185 1469 1220 et

75 1253 254 1304 propter
274 1245 478 1289 inchoata
490 1259 630 1304 usque
651 1260 769 1289 nunc
787 1253 1006 1303 operetur.
1028 1245 1113 1289 Sed
1130 1246 1164 1289 si
1177 1255 1361 1304 possunt
1373 1247 1468 1290 hacc

76 1314 231 1359 melius
248 1314 450 1374 intelligi,
470 1329 559 1358 non
573 1314 715 1357 solum
732 1328 822 1357 non
838 1313 1004 1369 resisto,
1024 1316 1308 1359 verumetiam
1322 1315 1465 1360 faveo.

136 1387 300 1429 XLIII.
333 1387 461 1430 Nunc
483 1394 629 1429 tamen
655 1385 710 1428 de
731 1384 900 1440 anima,
935 1400 1067 1445 quam
1101 1388 1216 1430 Deus
1248 1386 1474 1446 inspiravit

77 1455 273 1510 homini,
311 1454 528 1500 sufflando
558 1455 603 1499 in
635 1455 727 1515 ejus
763 1454 945 1510 faciem,
976 1455 1084 1500 nihil
1118 1456 1355 1512 confirmo,
1389 1457 1472 1501 nisi

78 1525 181 1585 quia
202 1539 253 1568 ex
273 1526 363 1568 Deo
391 1524 451 1568 sic
477 1533 562 1579 est,
590 1533 641 1568 ut
661 1540 751 1568 non
773 1524 828 1568 sit
848 1524 1089 1569 substantia
1119 1526 1223 1583 Dei3
1260 1535 1303 1571 et
1325 1527 1379 1571 sit
1400 1527 1472 1570 in-

79 1609 316 1655 corporea,
344 1594 390 1638 id
419 1603 509 1650 est,
543 1610 633 1639 non
667 1595 722 1639 sit
749 1610 933 1654 corpus,
966 1595 1042 1639 sed
1069 1596 1244 1655 spiritus
1261 1631 1272 1651 ,
1299 1613 1389 1641 non
1417 1597 1473 1641 de

43 1673 46 1674 ⁷
80 1666 321 1710 substantia
342 1665 421 1709 Dei
444 1665 615 1723 genitus
630 1698 641 1718 ,
668 1681 748 1708 nec
771 1665 825 1709 de
845 1666 1087 1710 substantia
1107 1666 1185 1710 Dei
1206 1668 1471 1726 procedens,

81 1736 159 1781 sed
181 1735 320 1780 factus
338 1751 362 1778 a
382 1737 497 1792 Deo,
513 1749 594 1778 nec
615 1734 675 1778 ita
697 1733 838 1778 factus
861 1742 910 1778 ut
926 1733 971 1778 in
989 1735 1079 1794 ejus
1096 1745 1298 1779 naturam
1318 1747 1476 1782 natura

82 1806 173 1851 ulla
194 1805 385 1865 corporis
408 1803 477 1849 vel
494 1802 752 1848 irrationalis
770 1804 926 1848 animae
951 1812 1210 1859 verteretur,
1232 1821 1280 1849 ac
1298 1822 1375 1865 per
1390 1808 1475 1852 hoc

84 1877 139 1923 de
174 1876 313 1921 nihilo
339 1896 348 1921 ε
383 1885 427 1920 61
452 1874 573 1936 quod
601 1875 655 1920 sit
682 1874 940 1919 immortalis
967 1874 1210 1919 secundum
1242 1878 1476 1937 quemdam

85 1950 185 1993 vitoe
214 1948 421 2003 modum,
450 1962 584 2008 quem
604 1945 728 1991 nullo
749 1945 882 1991 modo
905 1956 1048 2006 potest
1070 1947 1294 2006 amittere,
1320 1964 1477 1994 secun-

87 2019 194 2065 dum
222 2019 460 2080 quamdam
473 2034 576 2064 vero
597 2018 962 2075 mutabilitatem,
992 2036 1078 2080 qua
1098 2029 1240 2080 potest
1262 2020 1330 2065 vel
1351 2020 1476 2066 dete-

88 2091 176 2135 rior
197 2089 268 2135 vel
288 2089 444 2134 melior
471 2090 566 2134 fieri
581 2125 592 2145 ,
618 2105 710 2134 non
729 2089 947 2134 immerito
976 2090 1108 2134 etiam
1129 2090 1324 2135 mortalis
1346 2093 1479 2151 possit

89 2159 304 2219 intelligi,
323 2159 532 2220 quoniam
548 2174 697 2204 veram
714 2158 1087 2204 immortalitatem
1105 2160 1221 2205 solus
1239 2160 1311 2205 1116
1328 2163 1476 2219 habet,

91 2231 146 2276 de
168 2246 257 2291 quo
275 2229 450 2290 proprie
472 2228 639 2274 dictum
657 2238 746 2273 est:
774 2249 793 2271 «
821 2230 907 2283 Qui
930 2229 1046 2274 solus
1068 2230 1202 2274 habet
1220 2231 1479 2278 immortali-

95 2319 116 2343 »
152 2304 326 2344 tatem‘2.
346 2318 366 2342 »
392 2302 560 2345 Caetera
582 2315 682 2359 quae
703 2299 749 2342 in
770 2299 853 2344 hoc
870 2299 983 2344 libro
1006 2299 1289 2360 disceptando
1310 2302 1482 2349 locutus

94 2386 213 2426 sum,
239 2370 295 2415 ad
316 2370 400 2414 hoc
421 2367 597 2414 valeant
624 2368 809 2427 legenti,
833 2378 885 2413 111
904 2378 980 2414 aut
1002 2370 1174 2415 noverit
1196 2373 1482 2431 quemadmo-

95 2440 203 2486 dum
220 2441 311 2485 sine
337 2439 584 2484 affirmandi
605 2439 846 2485 temeritate
872 2440 1110 2501 quaerenda
1132 2442 1244 2499 sint,
1270 2460 1370 2504 quas
1393 2462 1484 2491 non

145 2533 153 2550 ¹
174 2528 265 2562 Joan.
287 2537 320 2569 V,
343 2536 394 2569 17.
418 2542 461 2549 —-
481 2531 493 2548 ²
513 2536 526 2558 1
546 2525 627 2558 Tim.
647 2535 693 2566 vi,
712 2523 763 2557 16.

327 2591 433 2622 cxn.
1243 2582 1295 2622 26
