1854 3219
396 167 480 205 512
832 172 865 202 s.
903 173 1133 204 Aucusum
1167 176 1348 205 El‘lscox‘l

394 251 437 286 et
469 249 634 299 septem
656 240 810 295 boves,
835 249 1001 300 septem
1023 242 1124 286 anni
1146 244 1297 298 sunt¹3
1332 240 1446 286 sicut
1469 240 1656 286 linteum
1677 257 1788 303 qua-

393 323 493 358 tuor
514 312 639 356 lineis
656 311 881 370 alligatum
898 346 909 367 ,
931 312 1000 357 vel
1023 322 1074 357 ut
1095 312 1238 358 discus
1261 312 1416 374 plenus
1438 312 1566 358 variis
1587 313 1789 358 animali-

393 384 476 429 bus
490 419 501 438 ‚
522 382 638 428 orbis
661 391 876 428 terrarum
893 392 956 428 est
976 399 1077 428 cum
1105 385 1310 429 omnibus
1325 384 1530 443 gentibus
1543 387 1560 411 ²
1585 402 1593 428 :
1611 384 1670 428 sic
1691 399 1788 429 om-

396 455 466 500 nia
501 464 680 510 caetera,
717 464 761 500 et
787 454 929 500 multo
959 455 1094 515 magis
1117 472 1216 518 quae
1254 455 1309 500 de
1332 456 1463 500 rebus
1492 455 1787 516 incorporeis,

394 524 696 587 corporalibus
717 526 1018 586 significantur
1034 543 1124 573 non
1137 527 1268 572 rebus
1285 561 1296 582 ‚
1322 524 1399 571 sed
1420 525 1697 585 imaginibus.

395 675 531 692 mum*
535 675 604 692 RVV!
609 675 706 692 wmu
710 674 885 693 §5va
890 676 956 693 VIM
959 675 1508 694 ἋΛΊΣΜὛἎΜΧΝᾺΊΜἋΝνἉὶἋὶ
1512 675 1650 693 mm}
1655 675 1790 693 ἎΜΝἏΏ

876 805 1094 856 CAPUT
1130 805 1314 854 XXVI.

455 952 533 999 De
555 953 732 999 animae
763 952 1069 998 incrementis
1092 947 1212 1009 quid
1236 945 1538 994 Tertulliano
1559 947 1728 992 visum.

456 1092 613 1135 XLIV.
656 1091 825 1136 Nomrr
860 1098 1008 1134 tamen
1041 1087 1333 1133 Tertullianus
1376 1086 1564 1132 animam
1604 1099 1792 1130 crescere

395 1161 638 1206 substantia
654 1163 765 1206 sicut
780 1178 938 1222 corpus
955 1181 963 1207 :
979 1162 1166 1206 afferens
1180 1161 1311 1205 etiam
1327 1159 1493 1205 timoris
1511 1158 1577 1203 sui
1591 1171 1764 1203 causam
1780 1174 1789 1200 z

400 1251 421 1274 «
446 1235 509 1279 Ne
532 1233 663 1278 etiam
682 1233 931 1278 decrescere
948 1232 1191 1277 substantia
1208 1231 1393 1286 dicatur,
1410 1230 1569 1291 inquit,
1585 1238 1716 1290 atque
1734 1228 1793 1271 ita

394 1313 438 1347 et
461 1303 688 1349 defectura
709 1304 929 1349 credatur.
948 1307 1042 1349 »Et
1060 1313 1207 1348 tamen
1225 1303 1326 1363 quia
1339 1318 1417 1363 per
1434 1317 1591 1362 corpus
1605 1316 1701 1346 eam
1723 1299 1792 1344 lo-

395 1375 544 1419 caliter
573 1376 736 1429 tendit,
769 1391 864 1419 nonv
887 1376 1056 1419 invenit
1082 1376 1246 1417 exitum
1277 1375 1648 1417 incrementorum
1673 1373 1791 1431 ejus,

396 1461 530 1505 quam
546 1445 643 1489 vult
665 1444 720 1489 de
741 1445 905 1489 semine
937 1444 1093 1502 exiguo
1121 1443 1286 1504 eequari
1312 1442 1504 1503 corporis
1535 1441 1792 1502 quantitati3

396 1525 440 1560 et
457 1517 515 1560 ait
542 1536 551 1562 ε
581 1536 600 1559 ‹<
630 1516 714 1562 Sed
726 1516 789 1562 vis
805 1518 897 1577 ejus
912 1518 957 1560 in
970 1531 1059 1576 quo
1077 1514 1292 1559 naturalia
1314 1513 1483 1574 peculia
1506 1513 1672 1557 consita
1687 1513 1793 1557 reti-

397 1596 582 1639 nentur,
608 1586 726 1630 salvo
744 1587 1002 1629 substantiae
1020 1584 1218 1640 modulo,
1236 1600 1325 1644 quo
1348 1601 1371 1628 a
1387 1583 1626 1644 primordio
1642 1584 1794 1628 inflata

397 1666 460 1701 est
473 1692 483 1711 ,
504 1656 718 1716 paulatim
737 1672 838 1701 cum
862 1673 991 1701 carne
1005 1656 1265 1717 producitur
1278 1657 1310 1700 ³.
1330 1674 1350 1697 >›
1368 1658 1463 1700 Hoc
1483 1654 1597 1700 forte
1614 1671 1705 1700 non
1727 1656 1795 1699 in-

396 1727 714 1787 telligeremus,
741 1727 823 1772 nisi
842 1727 1038 1772 adhibita
1059 1726 1344 1772 similitudine
1367 1742 1521 1772 eorum
1545 1743 1645 1787 quae
1666 1725 1794 1772 vide-

396 1814 516 1854 mus,
542 1799 725 1858 planum
750 1798 912 1843 faceret
928 1798 1049 1859 quod
1078 1798 1276 1843 dicebat:
1307 1817 1327 1840 «
1352 1798 1606 1853 Constitue,
1631 1797 1790 1858 inquit,

395 1880 565 1915 certum
582 1869 756 1931 pondus
781 1870 875 1915 auri
906 1870 977 1915 vel
1006 1870 1174 1929 argenti
1204 1869 1360 1913 rudem
1394 1868 1537 1913 adhuc
1572 1884 1755 1913 massam
1781 1888 1790 1914 ι

396 1940 606 1986 collectus
631 1941 806 1985 habitus
827 1950 891 1985 est
905 1939 990 1996 illi,
1007 1950 1050 1984 et
1072 1938 1224 1985 futuro
1250 1939 1427 1984 interim
1438 1940 1583 1985 minor
1597 1975 1608 1996 ,
1646 1949 1794 1985 tamen

395 2012 624 2057 continens
645 2011 759 2057 intra
772 2011 931 2056 lineam
954 2010 1124 2056 moduli
1144 2021 1287 2056 totum
1306 2010 1429 2073 quod
1451 2020 1607 2057 natura
1617 2020 1680 2056 est
1697 2011 1792 2056 auri

395 2083 465 2128 vel
483 2083 651 2143 argenti
679 2103 687 2128 ;
708 2083 868 2128 dehinc
886 2099 987 2128 cum
1005 2083 1050 2127 in
1065 2082 1275 2127 laminam
1290 2099 1427 2128 massa
1443 2083 1634 2139 laxatur,
1656 2084 1794 2143 major

396 2155 587 2200 eflicitur
615 2155 739 2200 initio
762 2172 863 2211 suo,
892 2171 970 2216 per
992 2155 1293 2201 dilatationem
1317 2154 1522 2215 ponderis
1543 2155 1675 2210 certi,
1701 2169 1793 2199 non

394 2241 473 2286 per
496 2226 784 2286 adjectionem
801 2261 812 2282 ,
839 2226 947 2271 dum
971 2226 1242 2282 extenditur,
1267 2242 1358 2271 non
1389 2226 1497 2271 dum
1520 2234 1724 2284 augetur,
1748 2235 1793 2270 et

396 2297 430 2341 si
463 2297 524 2342 sic
555 2313 734 2358 quoque
766 2308 975 2356 augetur,
1013 2296 1120 2341 dum
1149 2297 1414 2341 extenditur.
1447 2295 1568 2341 Licet
1597 2297 1713 2341 enim
1747 2306 1791 2341 et

394 2367 551 2412 habitu
573 2368 719 2427 augeri
732 2404 742 2424 ,
759 2384 861 2414 cum
880 2377 997 2413 statu
1013 2383 1103 2412 non
1124 2368 1239 2412 licet.
1268 2369 1389 2411 Tunc
1407 2375 1451 2411 et
1472 2366 1679 2427 splendor
1698 2366 1791 2427 ipse

395 2440 650 2499 provehitur
672 2439 765 2484 auri
781 2439 848 2484 vel
867 2439 1056 2498 argenti,
1082 2439 1159 2500 qui
1179 2438 1298 2499 prius
1319 2436 1463 2483 fuerat
1479 2437 1659 2499 quidem
1680 2447 1724 2483 et
1743 2437 1789 2482 in

444 2543 452 2559 ¹
470 2540 548 2570 Gen.
568 2547 633 2580 xm,
648 2535 702 2570 26.
716 2553 758 2560 -—-
773 2543 785 2561 2
801 2538 872 2571 Act.
893 2546 927 2579 x,
950 2546 1000 2569 11.
1016 2552 1057 2559 --
1072 2533 1085 2560 3
1103 2534 1314 2569 Tertullianus
1329 2533 1385 2568 lib.
1405 2533 1447 2567 de
1465 2534 1604 2575 Anima,
1614 2545 1645 2568 c.
1665 2544 1784 2568 xxxvii.
