1854 3219
329 267 384 295 nn
414 266 567 295 omnm
599 265 654 293 An
688 263 930 304 mmmmm,
966 266 1047 292 Lm.
1085 266 1145 292 1v.
1350 255 1432 292 297

43 350 144 395 quae
164 348 242 394 per
264 347 468 378 numeros
489 340 629 377 certos
655 331 826 378 dierum
849 331 1121 387 coalescunt,
1146 339 1190 376 et
1211 330 1434 392 explican—

43 415 116 451 tur
146 402 339 466 quodam
369 403 518 460 modo,
544 403 646 465 quia
668 404 839 448 inerant
858 405 949 465 jam
976 404 1080 464 ipsae
1100 419 1344 448 numerosae
1364 419 1436 449 ra-

42 476 181 521 tiones
207 475 538 537 incorporaliter
563 475 780 536 corporeis
802 475 933 519 rebus
949 476 1126 520 intextae
1147 496 1158 533 3
1186 491 1264 519 cur
1286 491 1377 520 non
1394 485 1438 520 et

43 556 144 592 ante
175 563 258 593 ova
286 545 478 607 idipsum
509 556 625 591 recte
657 544 744 590 dici
775 546 996 606 potuerit3
1020 562 1122 590 cum
1148 546 1239 606 jam
1271 547 1438 590 eaedem

43 617 232 662 rationes
262 617 309 661 in
340 615 558 662 elemento
594 615 779 661 humido
810 615 976 672 fierint,
1012 617 1176 677 quibus
1209 615 1329 660 alites
1361 632 1440 676 per

43 687 302 748 temporales
344 688 412 732 sui
450 689 662 749 cujusque
701 688 867 746 generis
907 703 1048 732 moras
1080 687 1183 732 oriri
1215 696 1259 731 et
1289 688 1439 747 perfici

43 761 251 820 possent?
281 762 343 803 De
373 775 462 820 quo
489 759 607 803 enim
635 761 840 805 Creatore
875 759 1095 818 Scriptura
1123 758 1203 802 ista
1224 758 1436 813 narravit,

42 829 166 891 quod
197 845 268 874 sex
300 829 453 874 diebus
480 829 849 875 consummaverit
876 830 1021 874 omnia
1059 844 1190 889 opera
1228 830 1357 884 sua1‚
1384 827 1440 872 de

44 901 120 947 illo
134 900 239 945 alibi
260 917 351 946 non
373 901 527 962 utique
547 901 820 946 dissonanter
842 901 1051 960 scriptum
1069 909 1148 954 est,
1174 899 1296 960 quod
1318 915 1440 944 crea-

44 972 157 1017 verit
178 972 325 1016 omnia
355 970 500 1016 simul.
526 974 590 1017 Ac
621 987 699 1032 per
730 972 813 1016 hoc
837 980 881 1015 et
901 971 1003 1015 istos
1036 971 1127 1015 dies
1159 986 1230 1015 sex
1250 969 1322 1015 vel
1344 985 1443 1029 sep-

46 1052 158 1099 tem,
187 1041 258 1088 vel
289 1043 435 1103 potius
466 1058 608 1087 unum
635 1043 767 1087 sexies
799 1043 1007 1103 septiesve
1038 1043 1274 1102 repetitum
1308 1041 1438 1086 simul

45 1112 166 1169 fecit,
191 1113 268 1173 qui
292 1111 398 1158 fecit
428 1113 576 1158 omnia
604 1112 777 1158 simul2.
813 1112 931 1167 Quid
964 1128 1067 1172 ergo
1100 1128 1210 1173 opus
1244 1121 1335 1156 erat
1370 1127 1441 1157 sex

48 1184 140 1230 dies
166 1192 257 1229 tam
288 1182 492 1230 distincte
524 1185 820 1245 dispositeque
849 1184 1047 1229 narrari?
1076 1184 1190 1238 Quia
1223 1183 1387 1228 scilicet
1415 1184 1443 1227 ii

48 1256 126 1316 qui
146 1271 238 1300 non
259 1265 444 1315 possunt
464 1255 611 1300 videre
625 1255 746 1316 quod
759 1254 927 1299 dictum
946 1264 1031 1311 est,
1055 1275 1074 1297 «
1100 1254 1274 1300 Creavit
1297 1254 1443 1298 omnia

54 1344 74 1368 »
108 1325 261 1382 simul,
289 1343 310 1368 υ
330 1325 413 1370 nisi
435 1340 535 1369 cum
559 1326 618 1369 eis
643 1341 783 1370 sermo
802 1325 966 1370 tardius
987 1323 1186 1381 incedat,
1212 1323 1267 1369 ad
1289 1325 1333 1369 id
1355 1339 1444 1385 quo

51 1412 124 1443 eos
145 1396 283 1453 ducit,
308 1396 537 1457 pervenire
553 1411 644 1441 non
666 1406 863 1456 possunt.

51 1554 90 1571 Νι
96 1551 1446 1571 UMWWWWWWWMWWWWMWWWNWWQMNUMVWVWBNWVU

511 1673 729 1724 CAPUT
765 1674 1000 1723 XXXIV.

62 1821 240 1868 Omnia
269 1830 314 1867 et
338 1819 482 1867 simul
496 1820 675 1883 facta,
705 1830 752 1867 et
773 1818 1081 1867 nihilominus
1108 1835 1201 1880 per
1230 1835 1319 1865 sea·
1347 1818 1448 1864 dies

661 1891 832 1955 facta.

117 2030 238 2074 LIII.
275 2030 495 2083 Quonono
536 2042 638 2087 ergo
673 2027 859 2074 dicimus
901 2027 1037 2072 sexies
1071 2027 1302 2087 repetitam
1339 2025 1450 2071 lucis

59 2099 174 2144 illius
192 2101 466 2160 praesentiam
486 2114 564 2159 per
584 2098 824 2157 angelicam
846 2098 1140 2157 cognitionem
1162 2114 1185 2143 a
1203 2113 1381 2158 vespera
1396 2096 1452 2141 ad

60 2186 189 2217 mane
211 2186 313 2216 cum
333 2171 426 2232 ipsa
457 2172 539 2216 tria
571 2171 722 2227 simul,
751 2171 797 2215 id
822 2180 907 2227 est,
935 2179 978 2215 et
1005 2169 1122 2214 diem
1156 2179 1200 2215 et
1226 2184 1452 2230 vesperam

62 2252 107 2287 et
125 2258 275 2298 mane,
296 2242 430 2287 semel
454 2243 494 2287 ei
517 2242 681 2288 habere
704 2243 926 2288 suffecerit
950 2262 959 2288 :
994 2257 1097 2287 cum
1118 2241 1248 2286 simul
1274 2242 1453 2286 univer-

63 2329 155 2358 sam
173 2323 438 2370 creaturam‚
465 2314 577 2359 sicut
604 2313 736 2358 simul
764 2313 877 2359 sacta
901 2323 986 2371 est,
1013 2323 1056 2358 et
1084 2314 1129 2358 in
1151 2314 1299 2374 primis
1322 2323 1453 2373 atque

64 2384 499 2429 incommutabilibus
541 2385 785 2430 rationibus
808 2421 819 2441 ,
867 2401 944 2446 per
985 2402 1093 2446 quas
1136 2385 1314 2430 condita
1353 2394 1416 2428 est
1439 2419 1450 2439 ,

66 2455 435 2515 contemplaretur
470 2465 649 2515 propter
681 2455 799 2500 diem
805 2492 821 2513 ,
855 2465 899 2500 et
929 2457 975 2500 in
1004 2458 1095 2517 ejus
1131 2456 1265 2516 ipsius
1299 2465 1453 2499 natura

67 2535 347 2586 cognosceret
358 2535 536 2587 propter
547 2542 788 2587 vesperam,
805 2536 848 2572 et
869 2530 1122 2574 Creatorem
1141 2543 1193 2574 ex
1209 2527 1299 2587 ipsa
1316 2526 1445 2571 etiam

117 2626 127 2643 ¹
148 2622 227 2656 Gen.
245 2633 285 2664 11,
299 2630 330 2657 2.
352 2637 393 2647 -··
416 2629 429 2647 ²
447 2621 546 2657 Eccli.
566 2630 659 2663 xvm,
682 2633 710 2654 ι.
