1854 3219
380 241 433 266 DE
465 240 615 267 GENEsr
646 238 701 266 An
734 238 977 277 ιιΤΤΕιιΑΜ,
1015 240 1096 266 Lus.
1135 240 1194 265 iv.
1381 229 1464 266 257

82 304 164 348 tria
178 338 189 360 ,
214 303 341 349 tertia
356 313 561 365 quatuor,
586 302 766 348 dimidia
787 318 879 349 sex:
904 319 1043 348 unum
1065 312 1212 348 autem
1239 311 1282 347 et
1296 302 1401 358 duo,
1425 313 1469 347 et

81 374 180 430 tria,
204 383 248 419 et
268 384 472 436 quatuor,
498 383 542 418 et
557 389 644 429 sex,
665 373 712 417 in
732 389 948 418 summam
962 373 1093 419 ducta
1111 366 1327 418 sexdecim
1347 382 1464 418 sunt.

140 446 195 489 V.
221 448 280 490 Et
312 460 368 490 ne
396 444 545 489 multis
571 459 736 500 morer,
771 445 817 489 in
843 445 1013 489 infinita
1045 445 1152 489 serie
1183 459 1470 489 numerorum

79 514 225 574 plures
240 515 412 560 numeri
428 515 721 574 reperiuntur,
736 515 812 575 qui
828 514 932 558 tales
949 524 1091 574 partes
1106 523 1181 558 aut
1195 529 1286 559 non
1304 514 1471 558 habent

80 585 163 630 nisi
185 585 387 644 singulas,
412 585 524 630 sicut
544 585 773 640 ternarius,
799 593 843 629 et
863 584 1103 645 quinarius,
1128 594 1171 628 et
1192 584 1339 628 eaeteri
1362 585 1469 644 ejus-

81 655 200 701 modi
212 676 223 712 3
237 665 313 700 aut
324 656 382 700 ita
392 655 539 715 plures
551 656 717 701 habent
734 655 841 700 tales
858 665 1017 715 partes,
1038 665 1089 700 ut
1101 656 1147 699 in
1165 671 1306 699 unum
1323 654 1471 700 ductae

82 736 214 788 atque
232 727 280 771 in
311 742 526 772 summam
560 726 746 772 redactae
776 726 847 772 vel
878 727 984 772 citra
1014 726 1235 782 insistant,
1267 727 1378 771 sicut
1409 735 1474 770 est

81 800 328 845 octonarius
358 809 401 844 et
430 801 705 855 novenarius,
731 808 775 844 et
796 798 867 844 alii
890 799 1084 859 plurimi,
1109 798 1180 845 vel
1207 798 1322 844 ultra
1349 814 1473 843 exce-

82 870 210 926 dant,
240 871 352 915 sicut
377 869 662 915 duodecimus
684 879 729 914 et
749 869 1149 930 duodevigesimus,
1176 879 1221 914 et
1249 869 1376 914 multi
1408 879 1474 914 ta«

81 940 158 986 les.
196 941 347 986 Plures
382 957 486 1000 ergo
516 941 794 1001 reperiuntur
826 940 1014 1001 quilibet
1044 941 1220 996 horum,
1245 956 1379 1000 quam
1412 940 1476 984 illi

82 1012 159 1072 qui
185 1011 369 1072 perfecti
394 1020 630 1067 vocantur,
657 1028 708 1056 eo
732 1011 854 1073 quod
875 1011 961 1055 suis
995 1010 1124 1055 simul
1146 1010 1288 1055 ductis
1314 1010 1477 1054 talibus

84 1081 281 1142 partibus
302 1081 620 1142 compleantur.
645 1085 755 1127 Nam
787 1091 883 1142 post
915 1081 1131 1126 senarium
1155 1080 1478 1139 duodetrigesi-

83 1169 181 1197 mus
203 1154 446 1209 invenitur,
464 1154 539 1214 qui
555 1153 750 1198 similiter
771 1154 858 1197 suis
880 1153 1039 1197 talibus
1064 1153 1264 1212 partibus
1282 1161 1473 1196 constat:

83 1224 218 1269 habet
243 1226 359 1268 enim
390 1240 460 1269 eas
487 1225 705 1285 quinque,
733 1224 1228 1279 vicesimam-octavam,
1258 1232 1478 1283 quartam-

85 1295 323 1351 decimam,
344 1297 595 1356 septimam,
617 1305 817 1356 quartam
831 1331 841 1350 ,
863 1295 1111 1349 dimidiam,
1138 1295 1183 1338 id
1202 1304 1286 1349 est,
1312 1310 1450 1338 unum
1464 1329 1474 1349 ,

83 1376 127 1410 et
149 1367 253 1422 duo,
280 1376 323 1411 et
346 1376 550 1427 quatuor,
572 1376 615 1410 et
637 1376 819 1426 septem,
839 1376 883 1410 et
905 1365 1238 1426 quatuordeeim
1259 1386 1269 1421 3
1294 1381 1394 1425 quae
1416 1365 1475 1408 si-

83 1437 176 1481 mul
208 1437 353 1481 ductae
385 1437 590 1481 eumdem
624 1436 1044 1495 duodetrigesimum
1084 1435 1329 1495 comp-lent:
1363 1436 1478 1479 fiunt

83 1508 200 1551 enim
221 1507 519 1566 viginti-octo.
546 1511 603 1552 Et
620 1517 786 1568 quanto
812 1523 1097 1551 numerorum
1121 1507 1229 1550 ordo
1254 1506 1474 1565 procedit,

89 1587 207 1622 tanto
240 1578 596 1638 productioribus
624 1594 703 1638 pro
734 1587 825 1621 rata
853 1578 1054 1637 portione
1084 1575 1322 1620 intervallis
1353 1591 1480 1635 repc-

85 1649 259 1693 riuntur
277 1649 321 1693 hi
342 1649 538 1704 numeri,
564 1649 640 1709 qui
664 1649 749 1693 suis
772 1648 931 1692 talibus
963 1647 1157 1707 partibus
1190 1647 1235 1689 in
1263 1662 1477 1690 summam

86 1719 285 1774 redactis,
302 1718 358 1763 ad
379 1735 422 1764 se
441 1720 554 1779 ipsos
567 1728 821 1773 occurrunt,
837 1717 1135 1776 dicunturque
1148 1716 1342 1775 perfecti.
1363 1719 1480 1769 Quo-

84 1805 183 1833 rum
211 1790 326 1833 enim
347 1804 630 1833 numerorum
653 1788 758 1833 tales
784 1797 927 1847 partes
955 1787 1083 1831 simul
1113 1787 1256 1830 ductae
1279 1803 1369 1831 non
1393 1788 1478 1830 im-

86 1860 210 1919 plent
238 1859 413 1903 eosdem
448 1875 651 1903 numeros
681 1874 868 1918 quorum
902 1866 1043 1916 partes
1082 1866 1204 1911 sunt,
1236 1857 1479 1916 imperfecti

87 1931 396 1975 nominantur:
420 1945 610 1989 quorum
632 1938 778 1974 autem
807 1930 938 1973 etiam
965 1927 1203 1983 excedunt,
1225 1928 1322 1988 plus
1345 1944 1478 1989 quam

87 2001 270 2064 perfecti
296 2001 587 2061 appellantur.

149 2076 225 2118 VI.
240 2072 439 2117 Perfecto
458 2087 560 2131 ergo
574 2087 758 2116 numero
774 2071 960 2126 dierum,
978 2071 1061 2116 hoe
1078 2080 1157 2126 est,
1173 2071 1356 2127 senario,
1376 2086 1478 2131 per-

87 2144 191 2189 fecit
218 2147 333 2188 Deus
359 2157 490 2202 opera
518 2158 594 2187 sua
619 2159 718 2203 quae
744 2141 861 2186 fecit.
899 2145 965 2186 Ita
993 2142 1109 2186 enim
1143 2143 1352 2202 scriptum
1385 2152 1475 2198 est,

92 2233 114 2257 «
147 2216 206 2259 Et
225 2213 545 2259 consummavit
569 2216 683 2258 Deus
706 2213 753 2256 in
770 2212 841 2257 die
866 2222 984 2258 sexto
1014 2228 1146 2273 opera
1170 2228 1263 2268 sua,
1288 2229 1388 2273 quae
1408 2213 1477 2257 fe-

95 2303 117 2327 »
152 2285 246 2330 cit¹.
267 2285 436 2343 »Magis
455 2294 600 2328 autem
615 2285 659 2328 in
673 2284 805 2328 istum
821 2300 1056 2328 numerum
1078 2284 1273 2328 intentus
1291 2285 1364 2339 fio,
1383 2299 1484 2328 cum

93 2355 318 2401 considero
353 2355 484 2399 etiam
518 2354 717 2400 ordinem
757 2370 938 2414 operum
969 2355 1178 2414 ipsorum.
1217 2354 1338 2400 Sicut
1368 2355 1485 2398 enim

94 2427 210 2470 idem
228 2441 436 2470 numerus
460 2425 671 2484 gradatim
693 2425 888 2485 partibus
911 2426 995 2469 suis
1013 2426 1058 2469 in
1081 2426 1303 2484 trigonum
1321 2425 1481 2484 surgit,

90 2512 192 2542 nam
218 2497 277 2540 ita
299 2506 542 2557 sequuntur
564 2511 720 2551 unum,
741 2495 847 2551 duo,
864 2496 961 2552 tria,
986 2505 1037 2541 ut
1057 2495 1205 2541 nullus
1228 2496 1336 2541 alius
1355 2496 1486 2540 inter-

145 2588 152 2605 ¹
177 2583 257 2614 Gen.
276 2592 311 2622 u,
337 2581 477 2622 2,juxta
500 2592 569 2614 Lxx.

307 2645 412 2675 exn.
1251 2636 1299 2673 17
