1854 3219
401 177 482 216 558
830 188 863 213 s.
901 185 1131 213 Anousnm
1165 185 1348 212 EPISeom

401 253 483 297 tius
505 266 639 312 quam
675 250 918 295 dilectionis
935 285 947 305 ‚
971 260 1021 295 ut
1059 251 1190 295 etiam
1221 250 1309 309 ipsa
1333 247 1429 292 talis
1449 248 1639 292 *servitus
1655 283 1666 303 ,
1700 264 1788 308 qua

397 324 595 368 homines
614 322 866 366 hominibus
889 331 1034 381 postea
1052 338 1142 366 esse
1160 322 1269 366 servi
1295 329 1527 380 coeperunt
1546 354 1557 375 ‚
1583 319 1638 364 de
1658 335 1789 380 poena

396 393 563 452 peceati
587 392 828 452 reperiatur
845 401 1005 436 exorta.
1034 393 1146 437 Dixit
1168 391 1346 453 quidem
1373 390 1606 450 Apostolus
1629 410 1638 435 :
1662 410 1682 432 «
1709 394 1791 435 Per

401 483 419 505 »
446 463 701 508 charitatem
715 463 869 506 servite
892 462 1122 507 inviceml:
1152 481 1170 504 »
1199 462 1278 506 sed
1295 477 1575 523 nequaquam
1595 459 1786 505 diceret:

398 553 420 576 «
447 534 640 579 Invicem
682 533 981 578 dominamini.
1006 551 1026 574 »
1068 537 1249 578 Possunt
1287 533 1435 592 itaque
1473 533 1681 592 conjuges
1712 546 1791 591 per

395 604 651 649 charitatem
675 605 832 649 servire
853 604 1041 649 invicem
1065 624 1073 649 ε
1099 603 1176 648 sed
1200 602 1429 647 mulierem
1458 618 1550 647 non
1577 602 1792 663 permittit

397 675 631 736 Apostolus
649 675 863 720 dominari
892 676 938 719 in
954 676 1136 719 virum&
1166 677 1258 718 Hoc
1283 674 1400 717 enim
1428 675 1521 719 viro
1552 674 1697 733 potius
1714 673 1792 718 Dei

395 747 611 792 sententia
624 746 806 802 detulit,
826 756 869 791 et
882 747 1087 791 maritum
1104 746 1264 790 habere
1279 745 1510 789 dominum
1521 744 1681 790 meruit
1696 760 1792 789 mu-

396 817 512 862 lieris
541 834 631 863 non
652 827 833 874 natura,
859 818 935 862 sed
956 817 1086 877 culpa
1113 837 1121 862 :
1146 816 1268 878 quod
1290 825 1437 861 tamen
1464 817 1545 861 nisi
1571 824 1788 873 servetur,

398 896 710 957 depravabitur
731 897 917 957 amplius
933 906 1090 942 natura
1104 932 1115 953 ‚
1135 905 1180 941 et
1202 895 1434 955 augebitur
1455 895 1599 956 eulpa.

401 1054 756 1072 mmmmm
760 1052 1791 1075 mmmmmmmmmmmvss

831 1176 1049 1227 CAPUT
1094 1178 1358 1225 XXXVII!
1373 1214 1381 1224 .

535 1312 698 1358 Poena
719 1313 769 1358 A
772 1310 910 1357 darni
921 1321 967 1357 et
977 1327 1151 1357 nomen
1167 1310 1359 1356 mulieri
1370 1310 1657 1369 impositum.

462 1452 535 1493 LI.
562 1452 694 1494 DIXIT
717 1465 820 1508 ergo
839 1459 882 1493 et
904 1449 960 1493 ad
990 1450 1132 1494 virum
1150 1450 1267 1509 ejus:
1294 1467 1315 1491 «
1340 1447 1451 1501 Quia
1474 1443 1632 1490 audisti
1645 1459 1797 1489 vocem

405 1538 426 1562 »
453 1520 647 1565 mulieris
672 1531 778 1576 tuae,
804 1530 848 1565 et
867 1521 992 1565 edisti
1030 1521 1085 1565 de
1107 1520 1250 1578 ligno,
1293 1518 1347 1563 de
1379 1534 1468 1579 quo
1503 1530 1798 1576 praeceperam

406 1610 426 1633 »
453 1591 534 1635 tibi
559 1591 615 1635 de
643 1608 694 1636 eo
715 1591 807 1636 solo
830 1607 919 1636 non
949 1590 1077 1635 edere
1093 1627 1103 1646 ‚
1132 1589 1361 1634 maledieta
1387 1598 1499 1633 terra
1523 1588 1567 1631 in
1593 1587 1798 1647 operibus

407 1680 427 1702 »
453 1662 560 1705 tuis:
586 1662 632 1705 in
652 1662 830 1706 tristitiis
853 1661 952 1705 edes
970 1661 1089 1705 illam
1112 1677 1264 1705 omnes
1281 1660 1370 1704 dies
1385 1659 1485 1704 vitae
1506 1668 1592 1702 ture
1620 1677 1629 1702 :
1655 1657 1798 1716 spinas

407 1750 427 1773 »
454 1741 497 1776 et
529 1732 714 1776 tribulos
746 1733 847 1776 edet
877 1733 980 1787 tibi,
1016 1741 1060 1775 et
1092 1731 1193 1775 edes
1224 1731 1399 1775 foenum
1432 1729 1536 1788 agri.
1567 1732 1618 1773 In
1641 1727 1800 1772 sudore

407 1820 427 1844 »
453 1801 578 1846 faciei
601 1813 688 1847 tua:
712 1802 811 1846 edes
828 1819 988 1862 panem
1012 1812 1135 1846 tuum
1150 1838 1160 1857 ‚
1186 1801 1325 1846 donec
1354 1799 1618 1845 convertaris
1642 1798 1688 1842 in
1709 1808 1800 1842 ter-

407 1892 428 1915 »
446 1890 538 1918 ram
550 1891 601 1918 ex
620 1891 706 1935 qua
724 1885 922 1934 sumptus
936 1891 1000 1931 es3
1021 1875 1122 1935 quia
1139 1884 1251 1918 terra
1264 1889 1323 1928 es,
1341 1881 1384 1917 et
1400 1873 1446 1916 in
1458 1870 1756 1916 te1·1·amibis²³.
1776 1887 1797 1911 »

406 1948 495 1989 Hos
522 1961 611 1990 esse
643 1948 688 1989 in
715 1956 826 1990 terra
849 1945 1019 1990 labores
1043 1946 1223 1989 humani
1254 1944 1442 2004 generis,
1479 1943 1577 2003 quis
1601 1942 1801 1999 ignorat?

405 2020 462 2061 Et
484 2018 586 2077 quia
609 2033 698 2062 non
721 2026 883 2072 essent,
909 2018 944 2062 si
967 2017 1151 2061 solicitas
1167 2053 1176 2071 ‚
1209 2033 1310 2077 quae
1333 2016 1379 2059 in
1410 2014 1610 2075 paradiso
1631 2012 1798 2067 fuerat,

407 2096 629 2132 teneretur
643 2124 653 2143 ‚
682 2105 770 2133 non
791 2099 854 2133 est
878 2088 1030 2148 utique
1053 2086 1372 2143 dubitandumg
1398 2101 1446 2129 ac
1468 2100 1544 2144 per
1566 2085 1649 2129 hoc
1669 2083 1802 2127 etiam

406 2159 579 2217 proprie
600 2160 734 2203 verba
756 2161 850 2204 haec
872 2159 1070 2219 primitus
1088 2159 1281 2218 accipere
1301 2173 1355 2201 ne
1380 2157 1538 2216 pigeat.
1583 2151 1802 2199 Servanda

406 2238 554 2273 tamen
593 2241 655 2275 est
687 2240 730 2275 et
768 2230 1034 2290 expectanda
1072 2229 1328 2289 significatio
1364 2227 1632 2287 prophetiae,
1670 2239 1803 2285 quam

407 2301 593 2345 maxime
616 2302 685 2346 hie
720 2303 916 2346 intuetur
939 2302 1015 2346 Dei
1036 2301 1256 2362 loquentis
1288 2298 1489 2343 intentio.
1510 2300 1663 2357 Neque
1685 2295 1803 2339 enim

407 2371 569 2416 frustra
596 2382 640 2416 et
661 2374 750 2432 ipse
771 2373 912 2417 Adam
933 2373 1044 2416 miro
1066 2372 1259 2433 quodam
1277 2370 1486 2415 instinctu
1509 2378 1615 2412 tune
1631 2364 1804 2412 vocavit

408 2459 571 2491 nomen
593 2444 788 2489 mulieris
815 2460 904 2489 suae
928 2445 1094 2501 Vitam3
1125 2443 1356 2503 subjiciens
1373 2441 1521 2497 etiam,
1548 2437 1804 2492 «Quoniam

458 2547 466 2563 ¹
489 2541 558 2574 Gal.
578 2552 612 2583 v,
643 2542 693 2573 13.
721 2558 763 2565 --
791 2548 803 2564 2
829 2553 840 2573 1
864 2541 943 2574 Tim.
965 2552 1000 2582 n,
1025 2549 1075 2573 12.
1097 2557 1138 2563 —-
1165 2537 1178 2562 3
1205 2541 1283 2571 Gen.
1303 2548 1356 2579 111,
1373 2546 1488 2580 17-19.
