1854 3219
370 175 455 215 426
803 188 837 214 s.
875 184 1105 216 meus-mm
1139 188 1318 216 EPISCOPI

368 252 652 298 nihilominus
683 251 835 312 utique
863 262 1119 297 moreretur.
1158 252 1239 297 Illa
1263 251 1426 312 quippe
1453 265 1519 296 res
1541 252 1758 297 contraria

368 322 497 368 saluti
525 322 715 382 vitaeque
740 323 831 382 ejus
863 332 996 377 esset,
1031 323 1118 367 sive
1150 323 1251 367 inde
1272 330 1510 377 vetaretur,
1546 321 1635 367 sive
1668 337 1760 365 non

367 401 601 437 vetaretur.
637 396 748 436 Item
784 407 887 436 eum
916 392 1099 453 quisque
1132 393 1337 453 prohibet
1366 408 1461 436 eam
1490 407 1581 437 rem
1611 392 1756 451 tangi,

368 479 468 524 quae
490 478 580 507 non
597 461 775 523 quidem
793 463 1013 522 tangenti,
1030 463 1106 508 sed
1128 463 1189 508 illi
1207 463 1285 524 qui
1301 462 1551 522 prohibuit,
1573 462 1757 517 obesset,

366 534 489 579 velut
510 534 544 578 si
566 534 799 594 quisquam
820 534 866 577 in
887 533 1072 579 alienam
1096 535 1327 595 pecuniam
1349 534 1532 578 misisset
1554 549 1756 589 manum,

365 605 613 667 prohibitus
636 605 690 648 ab
714 621 765 649 eo
788 606 910 665 eujus
941 614 1033 650 erat
1059 605 1245 666 pecunia
1278 603 1372 662 illa,
1403 604 1502 650 ideo
1525 614 1636 649 esset
1657 620 1762 664 pro-

365 678 506 722 hibito
529 686 774 736 peecatum,
795 676 897 737 quia
916 677 1166 736 prohibenti
1185 685 1355 736 poterat
1373 692 1463 721 esse
1481 676 1756 722 damnosum.

368 752 481 793 Cum
505 763 608 792 vero
625 746 738 791 illud
758 748 966 807 tangitur,
984 747 1105 809 quod
1122 764 1203 792 nee
1219 748 1416 807 tangenti
1435 748 1605 792 obesset
1622 748 1655 792 si
1673 763 1764 792 non

366 819 690 879 prohiberetur,
711 834 791 864 nec
809 820 1015 880 cuiquam
1033 818 1156 863 alteri
1178 818 1470 880 quandolibet
1493 828 1760 878 tangeretur,

368 905 503 951 quare
531 890 804 950 prohibitum
834 899 922 945 est,
948 890 1029 934 nisi
1052 899 1102 934 ut
1136 890 1268 950 ipsius
1295 905 1369 949 per
1391 905 1435 934 se
1458 890 1625 934 bonum
1655 890 1764 934 obe-

369 960 568 1019 dientiae,
602 970 645 1005 et
675 960 807 1020 ipsius
831 976 908 1021 per
934 976 979 1005 se
1004 960 1170 1005 malum
1200 961 1512 1006 inobedientiae
1545 970 1764 1006 monstra-

370 1034 521 1077 retur?
807 1080 813 1084 ,
955 1078 958 1081 .

429 1105 571 1148 XXX.
608 1103 806 1164 Denique
828 1119 850 1147 a
871 1112 1081 1163 peccante
1113 1101 1222 1148 nihil
1254 1101 1373 1147 aliud
1406 1102 1650 1162 appetitum
1677 1112 1764 1160 est,

369 1175 451 1218 nisi
468 1191 559 1219 non
576 1189 666 1218 esse
683 1175 764 1219 sub
782 1174 1082 1219 dominatione
1096 1175 1190 1229 Dei,
1210 1173 1389 1234 quando
1401 1173 1515 1218 illud
1530 1173 1768 1219 admissum

370 1255 449 1301 est,
466 1246 510 1289 in
527 1261 617 1306 quo
637 1260 693 1289 ne
709 1244 1029 1300 admitteretur,
1050 1244 1141 1289 sola
1158 1243 1338 1289 deberet
1348 1245 1483 1305 jussio
1502 1244 1769 1290 dominantis

371 1317 553 1362 attendi.
584 1320 694 1371 Quae
727 1317 762 1362 si
793 1317 884 1363 sola
905 1315 1222 1372 attenderetur,
1250 1317 1360 1377 quid
1382 1316 1505 1361 aliud
1536 1332 1670 1378 quam
1690 1317 1769 1362 Dei

369 1388 572 1433 voluntas
588 1387 912 1433 attenderetur?
926 1388 1043 1442 Quid
1056 1387 1176 1432 aliud
1194 1404 1327 1449 quam
1344 1388 1422 1432 Dei
1435 1387 1636 1433 voluntas
1654 1403 1770 1433 ama·-

371 1462 520 1504 retur?
543 1458 660 1513 Quid
688 1458 807 1504 aliud
835 1475 968 1521 quam
991 1459 1068 1504 Dei
1090 1458 1293 1504 voluntas
1322 1460 1528 1504 humanae
1549 1458 1769 1504 voluntati

371 1533 727 1591 praeponeretur?
744 1531 956 1576 Dominus
978 1530 1158 1591 quidem
1180 1547 1259 1576 eur
1275 1531 1471 1591 jusserit,
1493 1530 1675 1589 viderit3
1700 1529 1768 1576 fa-

373 1602 580 1647 ciendum
600 1612 664 1646 est
685 1618 708 1646 a
730 1602 944 1646 serviente
967 1601 1088 1662 quod
1107 1602 1256 1661 jussit,
1283 1611 1326 1646 et
1348 1611 1454 1647 tunc
1476 1601 1590 1647 forte
1611 1601 1769 1647 viden-

373 1673 480 1717 dum
503 1682 567 1717 est
589 1689 611 1717 a
633 1682 909 1732 promerente
938 1688 1015 1716 cur
1030 1672 1221 1732 jusserit.
1251 1671 1336 1717 Sed
1357 1682 1504 1717 tamen
1526 1682 1578 1716 ut
1594 1688 1770 1717 causam

368 1744 571 1804 jussionis
593 1744 725 1804 hujus
747 1759 836 1787 non
854 1742 1018 1787 diutius
1036 1742 1323 1803 requiramus,
1345 1743 1379 1788 si
1396 1744 1489 1788 haec
1503 1743 1593 1804 ipsa
1612 1759 1768 1802 magna

375 1825 440 1859 est
461 1815 625 1859 utilitas
648 1814 815 1859 homini
839 1813 960 1874 quod
990 1817 1080 1858 Deo
1113 1814 1267 1869 servit,
1295 1814 1495 1875 jubendo
1518 1818 1632 1860 Deus
1660 1814 1770 1860 utile

374 1887 480 1932 facit
505 1885 725 1946 quidquid
745 1885 902 1947 jubere
933 1885 1120 1930 voluerit
1135 1920 1146 1940 ,
1173 1885 1228 1930 de
1249 1902 1339 1946 quo
1360 1887 1651 1932 metuendum
1678 1902 1768 1932 non

374 1967 460 2012 est,
481 1973 535 2001 ne
544 1956 700 2017 jubere
721 1955 843 2018 quod
864 1956 1017 2001 inutile
1030 1965 1094 2001 est
1114 1956 1261 2017 possit.
