1854 3219
409 170 426 205 1
442 168 490 204 12
839 178 872 203 s.
910 175 1140 205 auc-,usum
1174 178 1354 206 EPISCOPI

404 248 726 287 consueverunt
741 259 752 297 ς
771 248 872 284 ante
888 243 1190 288 tractationem
1206 244 1335 304 hujus
1348 243 1447 288 libri
1463 243 1675 289 catholica
1687 243 1794 290 fides

404 313 593 357 breviter
613 310 869 372 explicanda
887 322 964 357 est.

466 387 524 427 II.
561 386 639 427 Est
658 392 805 427 autem
826 384 948 439 haec,
981 387 1120 429 Deum
1151 388 1323 430 Patrem
1338 386 1680 446 omnipotentem
1704 386 1798 430 uni-

404 470 571 499 versam
598 464 840 499 creaturam
878 455 1028 501 fecisse
1057 466 1188 518 atque
1213 458 1486 503 constituisse
1518 474 1596 519 per
1634 458 1795 503 Filium

404 542 532 571 suum
550 526 850 586 unigenitum,
883 526 928 571 id
957 537 1042 584 est,
1068 529 1333 589 Sapientiam
1362 538 1405 573 et
1425 529 1644 573 Virtutem
1671 544 1796 574 suam

404 597 821 642 consubstantialem
853 598 934 643 sibi
967 608 1011 644 et
1050 608 1334 655 coaeternam,
1363 599 1409 644 in
1430 599 1598 645 unitate
1624 599 1798 660 spiritus

407 669 567 726 sancti,
594 679 637 714 et
663 670 795 730 ipsius
818 671 1197 717 consubstantialis
1224 682 1267 717 et
1289 673 1509 716 coaeterni.
1545 674 1667 716 Hanc
1694 687 1797 731 ergo

407 741 658 785 Trinitatem
684 740 769 785 dici
790 757 928 787 unum
958 746 1094 786 Deum
1112 778 1122 798 ‚
1159 758 1348 803 eumque
1374 741 1523 787 secisse
1556 752 1599 786 et
1636 758 1799 788 creasse

405 812 550 856 omnia
578 829 677 873 quae
705 822 836 869 sunt,
873 815 917 857 in
935 824 1150 875 qnantum
1180 824 1306 869 sunt,
1341 814 1554 859 catholica
1575 813 1801 875 disciplina

404 882 521 927 credi
531 884 682 944 jubet,
716 884 774 928 ita
793 893 842 928 ut
865 895 1060 929 ereatura
1086 886 1224 930 omnis
1247 886 1334 930 sive
1356 885 1683 941 intellectualis,
1710 885 1798 929 sive

405 954 664 1014 corporalis,
699 954 768 999 vel
791 956 911 1016 quod
935 956 1108 1000 brevius
1131 955 1216 999 dici
1238 965 1384 1015 potest
1406 955 1645 1001 secundum
1665 955 1798 1000 verba

404 1025 650 1070 divinarum
667 1027 987 1087 Scripturarum
1001 1063 1011 1082 ⁷
1023 1028 1110 1071 sive
1124 1028 1366 1083 invisibilis,
1385 1028 1472 1072 sive
1486 1027 1666 1072 visibilis
1682 1062 1693 1082 ,
1709 1042 1800 1071 non

404 1096 458 1141 de
478 1098 553 1142 Dei
572 1107 724 1142 natura
744 1134 753 1153 ‚
780 1099 855 1143 sed
879 1117 900 1143 a
922 1103 1010 1144 Deo
1034 1099 1087 1143 sit
1106 1098 1218 1143 facta
1243 1098 1296 1142 de
1318 1098 1455 1143 nihilo
1480 1119 1488 1143 2
1524 1098 1721 1159 nihilque
1754 1099 1799 1142 in

404 1185 452 1213 ea
476 1186 564 1213 esse
588 1170 709 1230 quod
726 1172 780 1214 ad
805 1170 1059 1215 Trinitatem
1077 1171 1315 1230 pertineat,
1346 1171 1426 1214 nisi
1459 1171 1579 1231 quod
1614 1170 1799 1215 Trinitas

403 1240 615 1295 condidit,
632 1242 708 1285 ista
723 1242 897 1285 condita
913 1252 990 1286 est.
1007 1245 1283 1301 Quapropter
1294 1251 1536 1285 creaturam
1552 1243 1796 1286 universam

399 1328 542 1372 neque
571 1311 986 1356 consubstantialem
1021 1316 1134 1367 Deo,
1171 1328 1315 1373 neque
1346 1322 1608 1358 eoaeternam
1645 1311 1707 1357 fas
1736 1322 1801 1357 est

398 1382 539 1427 dicere
559 1392 633 1426 aut
656 1382 847 1427 eredere.

458 1457 540 1498 111.
578 1457 680 1498 Esse
713 1462 861 1497 autem
891 1454 1058 1509 omnia,
1091 1469 1190 1514 quae
1221 1454 1324 1498 fecit
1346 1457 1482 1510 Deus,
1506 1455 1622 1500 bona
1639 1454 1794 1501 valde:

395 1523 509 1569 mala
531 1540 634 1569 vero
658 1540 747 1569 non
761 1540 851 1569 esse
869 1523 1083 1569 naturalia
1101 1559 1111 1579 ‚
1133 1524 1210 1569 sed
1227 1541 1357 1570 omne
1379 1525 1501 1586 quod
1523 1526 1683 1571 dicitur
1704 1542 1799 1570 ma-

394 1597 509 1652 lum,
537 1606 611 1641 aut
632 1605 864 1657 peccatum
893 1612 1009 1651 esse,
1049 1605 1125 1640 aut
1156 1613 1335 1657 poenam
1363 1598 1548 1658 peccati.
1583 1601 1672 1643 Nec
1703 1613 1798 1643 esse

394 1681 623 1731 peceatum
655 1671 735 1714 nisi
773 1686 957 1731 pravum
983 1669 1133 1713 liberae
1166 1669 1405 1714 voluntatis
1428 1685 1650 1714 assensum
1666 1705 1677 1725 ‚
1698 1685 1799 1714 cum

394 1741 657 1786 inclinamur
682 1740 738 1785 ad
767 1757 816 1785 ca
838 1757 937 1802 quae
955 1740 1122 1800 justitia
1140 1749 1284 1795 vetat,
1310 1750 1353 1784 et
1375 1739 1493 1784 unde
1515 1740 1705 1784 liberum
1734 1750 1798 1785 est

394 1812 610 1856 abstinere
628 1832 636 1857 :
652 1812 697 1856 id
713 1822 776 1856 est
790 1848 800 1867 ‚
822 1828 911 1856 non
930 1812 974 1855 in
993 1811 1123 1855 rebus
1142 1811 1230 1855 istis
1244 1846 1254 1866 ‚
1280 1810 1356 1855 sed
1374 1811 1418 1855 in
1441 1827 1524 1855 usu
1542 1827 1690 1855 earum
1709 1827 1798 1856 non

392 1882 601 1942 legitimo.
641 1886 751 1927 Usus
783 1892 930 1927 autem
965 1897 1111 1926 rerum
1139 1891 1202 1926 est
1233 1881 1480 1941 legitimus,
1513 1891 1563 1926 ut
1590 1883 1732 1928 anima
1751 1882 1797 1926 in

390 1955 486 2014 lege
510 1955 586 1999 Dei
610 1963 807 2009 maneat,
833 1964 876 1998 et
889 1954 964 1998 nni
983 1957 1072 1998 Deo
1089 1953 1337 2013 plenissima
1352 1951 1586 1998 dilectione
1599 1953 1796 2014 subjecta

392 2027 466 2081 sit,
491 2036 534 2070 et
556 2036 711 2071 caetera
733 2026 814 2070 sibi
836 2026 1030 2085 subjecta
1055 2025 1146 2069 sine
1164 2023 1402 2084 eupiditate
1417 2034 1494 2069 aut
1509 2024 1694 2068 libidine
1711 2024 1796 2069 min

391 2098 564 2152 nistret7
586 2097 630 2141 id
653 2107 737 2153 est,
764 2096 1005 2142 secundum
1039 2104 1310 2156 praeceptum
1338 2095 1431 2139 Dei.
1458 2098 1524 2140 Ita
1556 2095 1668 2139 enim
1703 2095 1795 2140 sine

391 2168 649 2213 difficultate
672 2178 715 2213 et
732 2169 901 2213 miseria
914 2204 925 2224 ,
951 2177 995 2212 et
1014 2182 1115 2211 cum
1129 2181 1298 2211 summa
1318 2165 1525 2211 facilitate
1543 2175 1587 2210 et
1600 2165 1795 2211 beatitu-

391 2239 493 2284 dine
511 2240 847 2285 administrabit.
871 2244 1007 2284 Poena
1025 2254 1130 2284 vero
1147 2238 1313 2299 peccati
1331 2247 1394 2282 est
1406 2273 1417 2294 ‚
1439 2253 1540 2282 cum
1556 2238 1659 2298 ipsis
1677 2252 1797 2282 crea-

391 2311 497 2355 turis
515 2327 603 2356 non
626 2311 708 2356 sibi
731 2310 1019 2356 servientibus
1042 2310 1260 2354 cruciatur
1283 2308 1448 2364 anima,
1475 2323 1577 2353 cum
1596 2311 1688 2354 Deo
1702 2308 1794 2368 ipsa

390 2398 479 2427 non
498 2383 627 2427 servit
656 2402 664 2428 :
681 2398 781 2444 quae
806 2390 1005 2427 ereatura
1018 2380 1082 2425 illi
1101 2380 1456 2441 obtemperabat,
1477 2395 1578 2425 cum
1598 2380 1690 2441 ipsa
1708 2380 1793 2425 ob-

390 2454 660 2514 temperabat
673 2458 779 2499 Deo.
802 2458 956 2515 Itaque
974 2469 1061 2498 non
1072 2469 1163 2497 esse
1175 2453 1322 2512 ignem
1335 2452 1501 2497 malum
1517 2486 1528 2508 ‚
1549 2452 1652 2513 quia
1667 2467 1790 2496 crea-

389 2533 484 2570 tura
500 2525 577 2570 Dei
590 2534 653 2571 est
669 2546 681 2584 3
695 2524 771 2570 sed
786 2534 932 2570 tamen
945 2525 1012 2569 uri
1022 2539 1073 2570 eo
1084 2522 1430 2569 imbecillitatem
1443 2532 1636 2570 nostram
1644 2538 1695 2568 ex
1703 2537 1791 2568 me-
