1854 3219
598 106 620 129 ἑὲ

412 155 497 193 590
854 163 888 192 s.
925 163 1157 195 Auousmm
1189 166 1373 196 Emscom

408 228 485 274 sed
506 238 674 272 naturae
709 228 922 287 dignitate
944 231 1220 289 praestantior
1241 232 1294 276 sit
1320 240 1474 276 natura
1496 232 1698 292 spiritalis
1720 234 1800 278 isto

408 314 619 358 corporeo
642 298 756 343 coelo
771 334 781 354 ‚
808 300 938 344 etiam
965 300 1036 347 illa
1066 302 1142 346 ubi
1166 317 1310 347 rerum
1345 302 1637 364 corporalium
1659 304 1801 365 expri-

407 380 590 415 muntur
609 385 834 429 imagines.

464 444 679 487 XXXIII.
716 442 798 487 Hic
822 442 965 487 existit
988 443 1200 503 quiddam
1222 445 1421 490 mirabile
1439 481 1449 501 ,
1480 454 1531 490 ut
1552 461 1654 491 cum
1683 445 1801 505 prior

402 513 458 558 sit
485 528 666 573 corpore
702 513 876 573 spiritus
893 549 903 568 ,
938 522 981 558 et
1016 515 1226 574 posterior
1260 517 1452 575 corporis
1484 517 1630 576 imago
1665 531 1801 577 quam

402 599 561 644 corpus
576 619 587 640 ‚
614 593 762 628 tamen
785 585 888 644 quia
915 583 1027 628 illud
1045 586 1166 646 quod
1190 595 1385 647 tempore
1402 587 1616 646 posterius
1634 596 1724 644 est,
1751 587 1800 631 fit

401 654 448 700 in
469 671 521 700 eo
539 654 660 716 quod
678 665 832 700 natura
857 656 974 715 prius
995 666 1079 712 est,
1104 657 1380 716 praestantior
1402 658 1456 702 sit
1473 658 1617 717 imago
1641 673 1799 718 corpo-

402 726 458 770 ris
486 727 530 770 in
553 727 730 786 spiritu,
755 742 888 787 quam
908 727 1052 786 ipsum
1074 741 1232 787 corpus
1264 727 1308 772 in
1330 728 1571 774 substantia
1592 745 1685 773 sua.
1712 731 1801 774 Nec

400 814 504 842 sane
527 799 777 858 putandum
805 808 869 843 est
890 799 1031 844 facere
1055 798 1223 860 aliquid
1247 816 1404 860 corpus
1427 801 1473 844 in
1498 801 1652 860 spiritu
1667 836 1678 856 ,
1704 809 1801 844 tan-

396 886 534 930 quam
559 871 733 930 spiritus
764 871 936 930 corpori
969 870 1174 926 facienti,
1211 872 1405 916 materiae
1439 872 1533 916 vice
1566 871 1795 916 subdatur.

399 942 530 986 Omni
552 943 668 986 enim
692 941 824 987 modo
847 942 1123 1002 praestantior
1145 952 1207 986 est
1229 943 1306 1003 qui
1329 942 1433 988 facit
1451 979 1462 998 ,
1490 959 1539 987 ea
1562 959 1608 987 re
1628 944 1683 987 de
1711 960 1799 1004 qua

400 1011 566 1073 aliquid
588 1013 691 1057 facit
707 1035 718 1071 3
734 1029 877 1074 neque
901 1012 992 1058 ullo
1011 1014 1144 1058 modo
1163 1015 1317 1073 spiritu
1334 1015 1609 1074 praestantius
1627 1025 1691 1059 est
1707 1031 1800 1059 cor-

399 1100 481 1143 pus
499 1106 510 1142 3
527 1085 616 1129 imo
639 1086 867 1145 perspicuo
892 1083 1024 1129 modo
1048 1085 1222 1144 spiritus
1246 1101 1442 1145 corpore.
1470 1086 1677 1139 Quamvis
1694 1101 1797 1145 ergo

396 1157 516 1216 prius
549 1156 775 1201 videamus
798 1156 978 1217 aliquod
1009 1172 1167 1216 corpus
1184 1193 1194 1211 ,
1221 1157 1342 1217 quod
1365 1167 1491 1202 antea
1513 1174 1603 1202 non
1626 1157 1797 1202 videra-

397 1242 511 1282 mus,
529 1237 659 1288 atque
676 1227 779 1272 inde
802 1228 980 1287 incipiat
1003 1228 1146 1286 imago
1165 1228 1199 1288 ej
1208 1244 1256 1271 us
1274 1243 1366 1272 esse
1389 1229 1435 1272 in
1452 1229 1607 1288 spiritu
1628 1238 1792 1284 nostro,

397 1315 487 1359 quo
511 1298 624 1343 illud
637 1316 738 1344 cum
763 1299 916 1343 absens
939 1298 1071 1343 fuerit
1094 1299 1373 1344 recordemur
1393 1319 1402 1345 ι
1433 1309 1578 1345 tamen
1598 1300 1797 1345 eamdem

394 1370 487 1430 ejus
506 1370 740 1428 imaginem
761 1386 851 1415 non
875 1385 1033 1429 corpus
1056 1371 1102 1413 in
1123 1370 1278 1430 spiritu
1295 1406 1306 1425 ,
1333 1370 1409 1414 sed
1431 1371 1523 1430 ipse
1547 1370 1722 1430 spiritus
1750 1371 1796 1415 in

394 1457 440 1486 se
462 1442 555 1502 ipso
573 1442 678 1486 facit
699 1440 920 1486 celeritate
937 1441 1139 1497 mirabili,
1157 1458 1256 1503 quae
1278 1441 1562 1486 ineffabiliter
1582 1441 1714 1501 longe
1731 1451 1795 1487 est

394 1529 418 1558 a
452 1514 645 1574 corporis
685 1513 918 1571 tarditate,
952 1515 1075 1574 cujus
1108 1514 1254 1573 imago
1289 1530 1391 1558 mox
1414 1522 1463 1558 ut
1484 1513 1621 1558 oculis
1652 1514 1795 1558 visum

392 1585 555 1640 fuerit,
577 1586 623 1629 in
645 1586 800 1644 spiritu
821 1584 1009 1629 videntis
1031 1584 1196 1629 nullius
1217 1585 1372 1645 puncti
1391 1584 1641 1646 temporalis
1662 1586 1794 1629 inter-

391 1657 609 1716 positione
635 1656 866 1700 formatur.
894 1659 1094 1716 Itemque
1115 1655 1162 1699 in
1179 1655 1356 1711 auditu,
1384 1657 1466 1700 nisi
1491 1657 1670 1700 auribus
1692 1672 1792 1716 per-

393 1738 533 1787 ceptae
563 1728 680 1772 vocis
700 1727 935 1786 imaginem
958 1727 1170 1770 continuo
1192 1727 1367 1786 spiritus
1384 1726 1430 1770 in
1452 1743 1496 1771 se
1513 1727 1606 1788 ipso
1628 1726 1791 1772 forma-

391 1808 479 1854 ret,
513 1814 561 1842 ac
595 1798 803 1842 memoria
834 1798 1063 1853 retineret,
1090 1797 1366 1856 ignoraretur
1399 1798 1589 1843 secunda
1621 1797 1791 1856 syllaba

390 1879 543 1914 utrum
565 1868 757 1914 secunda
780 1877 888 1912 esset
905 1903 915 1923 ,
941 1883 1040 1912 cum
1059 1869 1149 1928 jam
1172 1869 1312 1928 prima
1343 1869 1497 1930 utique
1516 1868 1637 1914 nulla
1655 1878 1785 1925 esset,

391 1957 492 2002 quae
504 1956 704 2001 percussa
718 1955 821 1984 aure
840 1939 1097 1983 transiisset:
1120 1955 1168 1983 ac
1186 1940 1245 1983 sic
1263 1941 1402 1985 omnis
1415 1940 1648 1985 locutionis
1666 1955 1785 1996 usus,

391 2013 532 2058 omnis
548 2011 752 2057 cantandi
770 2012 972 2066 suavitas,
989 2010 1129 2055 omnis
1145 2021 1367 2071 postremo
1383 2012 1430 2056 in
1444 2012 1613 2057 actibus
1631 2012 1788 2057 nostris

390 2083 625 2145 corporalis
655 2092 799 2127 motus
827 2081 1019 2142 dilapsus
1050 2081 1294 2139 occideret,
1333 2099 1477 2145 neque
1500 2083 1643 2128 ullum
1681 2099 1787 2143 pro-

392 2171 584 2215 gressum
607 2154 945 2209 nancisceretur,
981 2154 1015 2197 si
1045 2163 1284 2198 transactos
1312 2155 1504 2215 corporis
1526 2163 1671 2199 motus
1693 2170 1787 2198 me-

389 2228 568 2272 moriter
605 2227 779 2287 spiritus
830 2241 921 2270 non
959 2234 1148 2281 teneret,
1188 2226 1349 2286 quibus
1385 2235 1703 2287 consequentes
1739 2227 1787 2270 in

390 2298 561 2358 agendo
582 2306 876 2342 connecteret.
904 2299 1022 2350 Quos
1053 2296 1208 2356 utique
1231 2312 1319 2341 non
1343 2306 1484 2352 tenet,
1521 2297 1601 2341 nisi
1628 2297 1783 2356 imagi-

388 2369 546 2414 naliter
576 2385 599 2414 a
637 2385 680 2413 se
714 2368 848 2413 factos
876 2369 922 2413 in
950 2383 1009 2412 se.
1038 2371 1236 2427 Ipsarum
1257 2369 1387 2413 etiam
1409 2368 1658 2414 futurarum
1692 2385 1785 2414 mo-

389 2441 559 2486 tionum
599 2441 806 2499 imagines
838 2439 1114 2500 praeveniunt
1153 2440 1260 2484 fines
1297 2448 1475 2484 actuum
1513 2449 1778 2485 nostrorum.

388 2512 503 2565 Quid
525 2512 639 2556 enim
664 2510 829 2570 agimus
850 2526 926 2570 per
947 2525 1124 2569 corpus,
1152 2509 1273 2570 quod
1296 2527 1386 2556 non
1410 2511 1646 2571 cogitando
1668 2527 1781 2572 prae-
