1854 3219
390 231 445 258 DE
477 230 627 258 GENESI
661 228 715 256 An
747 227 986 265 erTEnAM,
1022 228 1104 254 mu.
1141 228 1202 254 xt.
1399 212 1481 250 533

93 384 381 413 ‘wumvmvvvu
388 387 1375 411 WQWWSWSWWWWUMWVVVVWMNQWMWU
1379 387 1480 404 WVVV!

587 508 809 559 CAPUT
845 511 992 559 XVII.

249 665 331 710 An
356 661 522 708 beatus
531 660 693 726 fuerit
711 659 931 706 diabolus
951 669 1064 705 ante
1077 668 1346 720 peceatum.

157 789 304 832 XXII.
339 789 558 841 QUOMODO
580 786 696 830 enim
718 783 891 830 duxisse
918 785 1046 829 etiam
1072 783 1206 829 vitam
1227 782 1401 827 beatam
1418 782 1487 826 in-

101 868 166 904 ter
185 859 333 904 beatos
355 857 544 918 Angelos
567 856 684 902 credi
709 866 875 917 potest,
897 856 974 917 qui
992 855 1129 899 futuri
1151 855 1217 900 sui
1233 855 1399 914 peccati
1416 863 1485 898 at-

98 946 184 991 que
206 929 434 989 supplicii,
471 928 516 973 id
533 938 596 974 est
611 963 622 984 ,
648 928 901 972 desertionis
922 936 965 971 et
985 927 1095 985 ignis
1112 927 1262 970 aeterni
1285 926 1488 986 praescius

97 1016 188 1044 non
211 999 325 1045 fuit?
354 1001 396 1045 Si
417 1000 619 1060 praescius
646 1014 736 1043 non
757 998 864 1053 fuit,
890 998 1043 1041 merito
1066 996 1278 1057 quaeritur
1299 1012 1377 1041 cur
1398 1012 1488 1041 non

97 1069 255 1115 fuerit?
292 1073 443 1131 Neque
479 1070 597 1114 enim
626 1069 763 1113 sancti
790 1067 945 1126 Angeli
976 1076 1151 1111 aeternae
1187 1082 1276 1111 suae
1306 1066 1408 1110 vitae
1439 1082 1488 1111 ac

95 1140 377 1186 beatitudinis
399 1141 553 1186 incerti
574 1149 690 1184 sunt.
710 1141 820 1185 Nam
839 1138 1062 1199 quomodo
1084 1138 1224 1193 beati,
1249 1138 1283 1182 si
1301 1138 1484 1183 incerti?

96 1215 166 1256 An
194 1212 386 1257 dicemus
417 1212 501 1256 hoc
530 1214 671 1255 Deum
703 1208 878 1254 diabolo
907 1208 1098 1253 revelare
1136 1208 1347 1263 noluisse,
1384 1223 1484 1252 cum

96 1281 241 1326 adhuc
263 1291 374 1326 esset
396 1281 589 1340 Angelus
610 1281 773 1335 bonus,
803 1279 874 1324 vel
903 1279 1010 1339 quid
1036 1278 1248 1334 facturus,
1280 1278 1348 1323 vel
1379 1278 1489 1339 quid

96 1368 299 1412 passurus
334 1361 472 1409 esset3
498 1353 663 1396 caeteris
679 1367 781 1396 vero
805 1352 888 1395 hoc
912 1349 1120 1395 revelasse
1137 1349 1260 1410 quod
1282 1359 1423 1394 essent
1444 1350 1490 1393 in

96 1432 309 1467 aeternum
341 1423 387 1467 in
416 1424 506 1483 ejus
529 1423 712 1467 veritate
741 1421 960 1466 mansuri?
982 1420 1112 1474 Quod
1135 1420 1169 1463 si
1192 1420 1250 1464 ita
1275 1429 1339 1464 est
1354 1456 1364 1475 ‚
1389 1420 1488 1465 ideo

91 1496 182 1557 jam
205 1509 297 1538 non
316 1492 544 1554 aequaliter
565 1493 718 1537 beatus
733 1527 743 1546 ‚
763 1492 852 1535 imo
863 1493 952 1551 jam
971 1505 1049 1534 nec
1071 1489 1200 1550 plane
1218 1490 1370 1535 beatus
1386 1489 1486 1548 fuit,

96 1562 455 1625 quandoquidem
486 1562 615 1623 plane
636 1563 752 1607 beati
774 1561 829 1606 de
846 1577 921 1606 sua
945 1561 1218 1606 beatitudine
1234 1562 1339 1605 certi
1361 1571 1485 1618 sunt,

96 1644 147 1680 ut
166 1651 262 1680 eam
285 1633 432 1679 nullus
449 1633 679 1694 perturbet
704 1642 861 1677 metus.
889 1636 987 1687 Quo
1011 1642 1155 1676 autem
1194 1633 1309 1677 malo
1332 1633 1489 1678 merito

96 1707 155 1750 ita
185 1705 513 1750 discernebatur
548 1722 571 1749 a
606 1705 792 1760 caeteris,
824 1714 874 1748 ut
901 1704 940 1747 ei
970 1707 1085 1748 Deus
1107 1719 1187 1748 nee
1225 1719 1273 1748 ea
1311 1720 1411 1764 quae
1435 1704 1490 1748 ad

97 1777 237 1836 ipsum
262 1777 551 1837 pertinerent,
586 1774 734 1819 futura
756 1775 997 1820 revelaret?
1019 1775 1246 1835 Numquid
1274 1775 1347 1819 ille
1368 1775 1487 1834 prius

94 1846 229 1902 ultor⁷
250 1862 384 1908 quam
404 1846 483 1890 iste
506 1848 737 1906 peccator?
756 1845 895 1889 Absit.
922 1848 1074 1906 Neque
1097 1846 1213 1889 enim
1236 1849 1350 1890 Deus
1369 1845 1488 1890 dam-

95 1927 172 1962 nat
191 1918 460 1962 innocentes.
488 1921 557 1961 An
580 1915 692 1960 forte
723 1932 773 1960 cx
794 1916 878 1961 alio
901 1933 1058 1975 genere
1080 1916 1350 1975 Angelorum
1381 1915 1485 1972 suit,

97 1988 257 2049 quibus
275 1991 389 2032 Deus
410 2003 500 2032 non
522 1986 644 2031 dedit
665 1987 736 2031 vel
761 1986 815 2031 de
837 2003 881 2031 se
902 1988 1002 2047 ipsis
1021 1988 1337 2047 praescientiam
1360 1987 1487 2032 futu-

96 2060 271 2103 rorum?
294 2058 379 2111 Qui
403 2074 596 2118 quonam
628 2057 759 2102 modo
782 2058 899 2102 beati
921 2059 1084 2117 possint
1105 2074 1194 2102 csse
1220 2074 1310 2103 non
1332 2058 1483 2114 video,

97 2129 256 2189 quibus
273 2128 437 2172 incerta
455 2138 520 2172 est
541 2128 629 2187 ipsa
652 2144 727 2172 sua
750 2128 993 2173 beatitudo.
1011 2131 1121 2173 Nam
1143 2137 1185 2172 et
1201 2129 1285 2174 hoc
1307 2129 1488 2190 quidam

97 2208 340 2254 senserunt,
353 2215 442 2243 non
457 2198 587 2243 fuisse
602 2198 826 2243 diabolum
838 2200 884 2242 in
898 2198 969 2242 illa
986 2199 1162 2242 sublimi
1180 2209 1333 2245 natura
1349 2204 1490 2259 Ange-

96 2269 255 2325 lorum,
274 2285 373 2330 quae
392 2268 707 2329 supercoelestis
730 2279 792 2314 est
810 2291 821 2328 3
846 2269 921 2313 sed
943 2270 987 2313 in
1001 2285 1152 2313 eorum
1170 2270 1247 2330 qui
1263 2269 1487 2333 aliquanto

95 2340 277 2384 inferius
298 2341 343 2384 in
366 2341 533 2385 mundo
555 2339 657 2384 facti
680 2350 797 2395 sunt,
825 2350 868 2385 et
890 2356 966 2400 per
987 2357 1063 2385 sua
1086 2342 1227 2385 officia
1246 2341 1481 2387 distributi.

99 2409 222 2454 Tales
243 2410 358 2454 enim
387 2410 567 2455 fortasse
588 2420 731 2470 posset
751 2410 918 2471 aliquid
949 2411 1080 2454 etiam
1107 2410 1307 2456 illicitum
1336 2411 1483 2456 delec-

97 2489 188 2525 tare
208 2500 215 2525 :
236 2468 368 2541 quani
391 2490 538 2526 tamen
555 2480 891 2526 delectationem
908 2481 942 2525 si
960 2496 1138 2540 peccare
1155 2482 1323 2536 nolent,
1344 2481 1483 2527 libero

99 2551 275 2596 arbitrio
298 2551 553 2597 cohiberent
570 2573 580 2609 3
599 2552 709 2597 sicut
730 2552 880 2607 homo,
908 2552 1092 2597 maxime
1114 2551 1187 2597 ille
1203 2552 1385 2611 primus,
1406 2553 1484 2612 qui
