1854 3219
384 194 470 235 410
827 205 862 230 s.
898 201 1129 232 Ancnsnm
1161 205 1345 233 EPISCOPI

377 273 422 318 in
445 270 574 329 lignis
600 267 766 313 caeteris
790 267 1069 325 alimentum,
1094 270 1139 314 in
1162 269 1238 314 illo
1261 279 1406 314 autem
1428 278 1744 315 sacramentum
1759 303 1772 323 ‚

377 341 486 402 quid
524 339 770 397 significans
813 338 894 382 nisi
937 340 1216 399 sapientiam,
1259 340 1314 384 de
1353 355 1440 400 qua
1474 338 1643 383 dictum
1682 347 1773 383 est:

382 432 401 454 «
427 411 618 469 Lignum
629 411 730 454 vitae
748 418 812 453 est
825 408 1187 470 amplectentibus
1201 425 1295 454 eam
1308 413 1345 455 1:
1363 428 1384 452 »
1402 408 1778 470 quemadmodum

377 482 433 527 de
445 482 618 528 Christo
637 480 854 546 diceretur
872 500 880 525 ι
909 500 930 524 «
948 484 1073 526 Petra
1085 497 1265 526 manans
1280 490 1345 526 est
1359 480 1604 526 sitientibus
1617 481 1740 525 eam?
1752 498 1775 521 11

378 557 513 598 Recte
529 553 692 613 quippe
713 551 957 611 appellatur
980 552 1100 613 quod
1122 552 1178 596 ad
1200 567 1301 596 eum
1319 550 1655 611 significandum
1671 567 1779 611 prae-

378 626 518 670 cessit.
548 628 643 684 lpse
667 633 731 667 cst
748 624 838 668 ovis
853 659 864 679 ‚
890 640 990 684 quae
1015 624 1266 668 immolatur
1280 624 1326 668 in
1350 624 1513 668 Pascha
1535 643 1543 668 ε
1570 633 1714 667 tamen
1736 632 1780 667 et

378 696 490 740 illud
503 711 591 739 non
614 703 787 738 tantum
805 693 991 739 dicendo
1006 695 1277 754 figurabatur
1293 730 1303 749 ‚
1325 693 1400 738 sed
1417 695 1546 738 etiam
1560 692 1776 738 faciendo.

377 769 529 827 Neque
551 766 668 810 enim
691 766 780 810 ovis
802 764 877 811 illa
894 782 983 811 non
997 774 1088 809 erat
1105 766 1196 810 ovis
1219 787 1229 823 3
1254 764 1383 825 plane
1401 765 1492 810 ovis
1505 774 1596 808 erat
1609 801 1620 820 ‚
1643 773 1687 808 et
1707 780 1782 809 oc-

377 838 628 892 cidebatur,
664 846 707 881 et
737 837 1086 881 manducabatur
1111 839 1156 894 ²3
1191 846 1235 881 ct
1256 846 1406 881 tamen
1438 852 1489 881 eo
1510 852 1613 881 vero
1636 835 1752 881 facto
1769 872 1780 892 ‚

378 908 499 954 aliud
528 909 658 953 etiam
682 907 896 969 quiddam
918 907 1204 966 figurabatur.
1238 910 1338 952 Non
1371 910 1482 953 sleut
1513 905 1588 950 ille
1620 906 1785 951 vitulus

377 981 617 1039 saginatus,
638 980 715 1040 qui
737 979 896 1039 minori
916 978 1005 1024 filio
1024 979 1258 1024 revertenti
1277 980 1322 1022 in
1337 977 1488 1038 epulas
1502 992 1638 1022 caesus
1655 987 1719 1022 est
1733 979 1747 1004 ³
1771 1012 1780 1021 .

379 1053 448 1096 Ibi
478 1053 642 1113 quippe
672 1052 763 1111 ipsa
793 1051 983 1096 narratio
1008 1053 1247 1109 figurarum
1270 1060 1356 1106 cst,
1387 1066 1477 1094 11011
1504 1065 1649 1094 rerum
1672 1050 1787 1109 figu-

377 1133 469 1167 rata
491 1122 750 1182 significatio
767 1131 1001 1181 gestarum.
1028 1125 1125 1166 Non
1148 1122 1265 1165 enim
1284 1122 1368 1166 hoc
1386 1119 1688 1180 Evangelista,
1710 1120 1786 1165 sed

377 1196 589 1240 Dominus
626 1196 716 1254 ipse
739 1194 961 1237 narravit:
988 1193 1265 1253 Evangelista
1298 1209 1402 1238 vero
1431 1193 1515 1237 hoc
1548 1192 1785 1238 Dominum

379 1281 573 1310 narrasse
618 1264 824 1308 narravit.
872 1262 1063 1308 Proinde
1097 1264 1217 1324 quod
1256 1264 1449 1308 narravit
1483 1262 1781 1322 Evangelista,

381 1339 511 1383 etiam
531 1337 694 1381 factum
719 1346 805 1391 est,
832 1336 1071 1381 Dominum
1094 1335 1257 1381 scilicet
1276 1335 1376 1380 talia
1399 1336 1598 1379 locutum
1621 1334 1751 1378 fuisse
1772 1354 1781 1379 ε

379 1409 512 1469 ipsius
537 1418 683 1453 autem
706 1408 882 1453 Domini
904 1408 1094 1451 narratio
1117 1406 1323 1467 parabola
1344 1407 1450 1462 fuit,
1474 1406 1529 1450 de
1552 1422 1638 1466 qua
1664 1422 1784 1450 nun-

379 1496 513 1541 quam
546 1480 753 1539 exigitur5
786 1488 837 1523 ut
864 1478 996 1523 etiam
1027 1478 1082 1523 ad
1104 1477 1294 1522 litteram
1325 1476 1439 1522 sacta
1461 1485 1781 1534 monstrentur,

380 1569 483 1613 quae
516 1567 714 1596 sermone
737 1549 1039 1610 proferuntur.
1067 1550 1265 1595 Christus
1299 1558 1363 1594 est
1386 1559 1430 1593 et
1450 1548 1558 1608 lapis
1582 1557 1741 1593 unctus
1761 1565 1786 1594 a

380 1623 547 1668 Jacob⁴
568 1658 579 1677 7
600 1631 643 1666 et
671 1622 780 1682 lapis
808 1621 1066 1680 reprobatus
1095 1621 1150 1664 ab
1179 1619 1522 1675 aedificantibus,
1550 1620 1626 1679 qui
1643 1618 1786 1664 factus

381 1704 445 1739 est
468 1695 514 1737 in
543 1702 676 1752 caput
710 1691 858 1749 anguli
874 1694 888 1717 ⁵
910 1711 918 1735 :
943 1690 1019 1735 sed
1042 1689 1152 1734 illud
1175 1690 1305 1734 etiam
1327 1690 1373 1734 in
1393 1690 1524 1734 rebus
1547 1690 1674 1749 gestis
1692 1690 1786 1735 fac-

380 1775 476 1810 tum
506 1773 591 1819 est,
626 1764 710 1808 hoc
737 1772 884 1807 autem
908 1771 1081 1807 tautum
1100 1762 1147 1806 iu
1174 1761 1322 1821 figuris
1354 1761 1634 1822 praedictum.
1668 1760 1785 1806 Illud

377 1837 542 1897 quippe
575 1834 743 1893 scripsit
773 1844 972 1879 narrator
1005 1849 1153 1877 rerum
1178 1833 1524 1894 praeteritarum‚
1548 1833 1633 1878 hoc
1666 1848 1782 1893 prae-

381 1907 606 1953 nuntiator
626 1904 939 1950 tantummodo
959 1906 1224 1952 futurarum.

427 2011 438 2028 ¹
458 2006 552 2036 Prov.
572 2014 617 2045 111,
640 2002 693 2036 13.
710 2020 752 2026 --
778 2009 791 2026 2
814 2002 919 2036 Exod.
939 2013 995 2045 xii,
1016 2001 1050 2035 5.
1072 2019 1114 2026 --
1133 2001 1147 2027 3
1165 2005 1241 2037 Luc.
1261 2012 1319 2048 xv,
1343 2003 1396 2036 23.
1419 2020 1462 2027 --
1478 2000 1495 2029 '⁴
1515 2004 1596 2038 Gen.
1614 2003 1777 2047 xv111,18)

382 2077 424 2083 —
438 2058 454 2084 5
468 2059 547 2093 rsal.
560 2070 657 2101 GKVH,
677 2067 733 2092 22.
