1854 3219
333 239 388 267 DE
419 238 571 268 GENEs1
603 234 659 265 An
690 232 938 275 mmmmm,
974 237 1058 265 Lm.
1094 238 1172 265 v11.
1362 225 1448 264 399

495 526 716 577 CAPUT
752 528 995 577 XXVIII.

55 670 400 736 Dffcultates‚
435 687 544 717 cam
579 670 756 717 dicitur
787 672 1007 716 animam
1030 669 1159 717 Adce
1191 685 1288 716 non
1317 671 1452 730 prius

143 751 364 790 creatam
384 759 533 804 quam
552 743 655 805 ejus
671 743 866 804 corpori
881 742 1173 804 inspiratam
1176 742 1358 806 fuisse.

112 873 206 918 XL.
229 876 273 920 S1
293 883 438 919 autem
469 874 624 935 aliquis
650 890 742 919 non
759 873 857 920 vult
879 888 976 918 eam
999 873 1242 918 existimare
1265 870 1449 928 factam,

53 945 135 989 nisi
156 960 258 990 cum
274 947 367 1008 jam
387 944 577 991 iormato
606 945 779 1006 corpori
806 953 870 990 est
900 944 1107 1004 inspirata
1125 979 1136 1000 ‚
1169 943 1317 989 videat
1345 941 1456 1004 quid
1492 943 1494 945 ’

53 1017 341 1077 respondeat,
371 1033 475 1063 cum
500 1017 713 1078 quaeritur
741 1017 862 1062 unde
891 1015 1004 1061 facta
1032 1016 1101 1061 sit.
1139 1018 1230 1060 Aut
1259 1015 1375 1060 enim
1405 1030 1456 1058 ex

52 1087 192 1132 nihilo
220 1088 418 1134 dicturus
439 1098 504 1134 est
526 1092 668 1134 Deum
696 1087 864 1150 aliquid
891 1086 1067 1144 fecisse,
1099 1086 1170 1132 vel
1192 1085 1336 1131 facere
1357 1094 1457 1146 post

53 1156 176 1202 illam
192 1160 613 1205 consummationem
635 1175 819 1220 operum
842 1175 1049 1217 suorum3
1075 1168 1118 1203 et
1143 1157 1276 1203 debet
1295 1156 1456 1201 intueri

54 1229 279 1290 quomodo
300 1230 484 1291 explicet
499 1240 617 1276 sexto
636 1230 707 1275 die
721 1229 888 1276 sactum
904 1231 1129 1275 hominem
1147 1229 1203 1274 ad
1219 1229 1457 1287 imaginem

55 1300 293 1362 Dei‚(quod
303 1301 385 1347 nisi
396 1301 640 1347 secundum
653 1302 842 1347 animani
854 1311 969 1346 recte
981 1300 1167 1360 intelligi
1178 1316 1268 1344 non
1276 1301 1457 1360 potest)

55 1370 103 1414 id
128 1381 213 1427 est,
241 1373 289 1417 in
318 1390 405 1434 qua
426 1363 583 1418 natura
606 1372 788 1418 causalis
816 1374 925 1418 ratio
948 1372 1063 1418 facta
1086 1371 1218 1416 fuerit
1246 1371 1336 1431 ejus
1364 1370 1453 1424 rei,

58 1458 160 1502 quae
176 1442 376 1487 nondum
394 1444 503 1488 fuit:
524 1455 599 1487 aut
613 1462 702 1491 non
724 1446 779 1490 de
801 1445 956 1501 nihilo,
977 1444 1053 1490 sed
1072 1445 1219 1505 aliquo
1238 1445 1331 1504 jam
1353 1442 1458 1486 exis-

60 1522 179 1559 tente
194 1513 355 1559 saetam
371 1513 488 1559 dicet
505 1514 693 1558 animam
710 1534 721 1571 3
741 1526 784 1558 et
802 1516 1020 1561 laborabit
1035 1515 1319 1572 inquirendo,
1340 1530 1459 1572 quae-

59 1598 162 1630 nam
173 1585 246 1630 illa
263 1595 419 1631 natura
433 1585 509 1642 sit,
529 1601 585 1630 an
607 1583 858 1645 corporalis,
881 1600 936 1628 an
959 1582 1161 1643 spiritalis
1176 1618 1186 1638 ‚
1213 1582 1459 1627 secundum

56 1672 130 1701 eas
155 1657 419 1718 quaestiones
451 1673 558 1718 quas
587 1656 786 1716 superius
820 1655 1118 1712 versavimus3
1142 1663 1350 1699 manente
1384 1653 1459 1698 illa

55 1743 238 1789 quoque
272 1728 469 1772 molestia
485 1763 496 1784 ‚
527 1737 579 1772 ut
612 1727 756 1772 adhuc
781 1735 1007 1787 quaeratur
1036 1727 1083 1770 in
1106 1742 1193 1786 qua
1215 1725 1458 1770 substantia

59 1808 357 1844 creaturarum
371 1799 419 1843 in
441 1814 513 1844 sex
531 1797 686 1843 [liebus
699 1798 900 1858 primitus
921 1797 1218 1855 conditarum,
1240 1797 1459 1843 causalem

57 1869 177 1914 illam
209 1869 421 1915 rationem
444 1869 596 1915 fecerit
617 1870 798 1926 animae,
832 1885 963 1931 quam
987 1870 1186 1915 nondum
1210 1869 1265 1913 de
1293 1868 1455 1924 nihilo,

57 1941 128 1987 vel
144 1942 199 1986 de
221 1942 369 2004 aliquo
391 1942 567 1987 fecerat.

116 2015 234 2058 XLI.
263 2016 404 2068 Quam
431 2014 463 2058 si
493 2029 546 2058 eo
580 2013 715 2058 modo
750 2012 943 2057 devitare
971 2012 1184 2067 voluerit,
1222 2021 1273 2056 ut
1311 2010 1454 2067 dicat,

43 2081 177 2129 'sexto
208 2083 280 2128 die
301 2084 431 2129 etiam
453 2084 508 2129 de
538 2084 643 2128 limo
673 2082 840 2128 factum
862 2099 952 2128 esse
978 2084 1204 2128 hominem
1216 2114 1235 2137 ‚—
1253 2082 1331 2127 sed
1370 2083 1456 2127 hoc

56 2154 387 2214 recapitulando
411 2164 561 2215 postea
582 2163 1000 2213 commemoratum3
1022 2153 1169 2199 videat
1191 2152 1247 2198 de
1269 2152 1453 2198 muliere

57 2225 166 2287 quid
181 2225 322 2283 dicat,
339 2226 443 2287 quia
467 2244 489 2268 «
507 2226 752 2271 masculum
768 2236 812 2272 et
828 2225 1078 2282 foeminam,
1100 2244 1121 2268 »
1148 2225 1282 2282 dixit,
1309 2245 1330 2268 «
1351 2224 1456 2270 fecit

60 2313 82 2339 >2
117 2312 190 2342 eos
204 2331 216 2353 ‚
241 2305 286 2342 et
299 2296 525 2342 benedixit
545 2312 633 2342 eos.
657 2315 678 2339 »
703 2297 835 2351 Quod
852 2298 886 2343 si
902 2307 945 2343 et
968 2298 1108 2359 ipsam
1130 2313 1181 2342 eo
1197 2296 1268 2342 die
1290 2295 1451 2342 factam

57 2383 147 2414 esse
174 2368 230 2414 de
255 2369 336 2414 viri
363 2385 456 2415 osse
485 2369 758 2430 responderit
775 2405 786 2426 ‚
818 2369 1015 2416 attendat
1039 2369 1265 2431 quomodo
1293 2378 1454 2414 asserat

58 2449 178 2485 sexto
193 2439 264 2485 die
284 2439 399 2486 i‘acta
419 2440 628 2497 volatilia,
652 2457 752 2502 quae
769 2440 960 2487 adducta
980 2450 1084 2486 sunt
1097 2441 1154 2487 ad
1168 2441 1325 2497 Adam,
1347 2455 1450 2486 cum

59 2512 282 2573 Scriptura
311 2527 440 2557 omne
471 2528 606 2573 genus
634 2512 879 2558 volatilium
900 2513 1056 2573 quinto
1086 2511 1157 2557 die
1180 2521 1376 2557 creatum
1398 2525 1450 2555 ex

60 2582 182 2643 aquis
202 2583 394 2630 insinuet
412 2603 422 2629 2
440 2583 545 2630 item
567 2592 685 2630 sexto
702 2582 772 2629 die
789 2582 908 2644 ligna
924 2583 1056 2629 etiam
1073 2583 1237 2644 quaein
1252 2581 1451 2651 paradiso
