1854 3219
367 225 421 251 DE
454 223 605 252 anunm
637 221 692 251 An
723 220 963 263 LITTERAM,
999 225 1081 252 Lm.
1117 225 1159 251 x.
1369 211 1452 250 489

71 291 314 337 sccundum
333 305 508 336 carnem
532 290 579 334 in
605 289 681 335 illo
697 325 708 347 ,
742 306 832 334 non
853 291 983 335 etiam
1003 289 1244 335 secundum
1267 290 1454 335 animam

71 362 278 407 fuerunt?

129 435 251 478 XIX.
277 430 533 478 Cavendum
555 440 618 477 est
638 431 752 476 enim
766 466 777 487 ,
802 447 856 476 ne
869 431 939 477 vel
956 435 1070 476 Deus
1092 431 1290 476 videatur
1307 440 1457 476 auctor

71 519 160 548 esse
181 502 375 562 peccati,
412 502 447 546 si
477 501 553 546 dat
579 502 767 546 animam
797 503 942 557 carni,
969 502 1014 546 in
1036 518 1121 562 qua
1153 517 1247 545 eam
1276 517 1457 561 peccare

70 589 244 620 necesse
265 573 346 631 sit3
375 572 445 618 vel
472 573 605 633 possit
628 588 718 617 esse
740 572 884 617 anima
900 609 910 627 ,
936 581 1094 633 praeter
1114 572 1248 632 ipsius
1270 571 1455 628 Christi,

71 645 142 689 cui
163 643 401 688 liberandae
424 660 448 688 a
463 652 640 704 peccato
656 658 746 688 non
767 643 821 687 sit
846 643 1074 687 christiana
1105 642 1240 702 gratia
1261 657 1457 686 necessa-

71 716 155 771 ria,
176 715 279 777 quia
300 730 391 759 non
412 715 605 775 peccavit
626 714 672 758 in
700 713 840 759 Adam
858 749 869 769 ,
899 714 933 758 si
955 729 1104 759 omnes
1124 713 1170 757 in
1192 728 1243 758 eo
1260 728 1457 773 peccasse

12 806 17 811 ⁷
71 786 315 831 secundum
341 800 517 830 carnem
559 794 728 830 tantum
756 800 855 846 quae
883 784 938 829 de
973 784 1050 829 illo
1081 793 1223 829 creata
1252 793 1343 840 est,
1369 799 1460 828 non

72 857 203 901 etiam
225 854 468 900 secundum
490 855 677 900 animam
710 855 877 900 dictum
907 864 999 899 est:
1027 855 1146 915 quod
1182 870 1321 915 usque
1353 853 1461 899 adeo

72 926 337 972 contrarium
363 935 427 970 est
457 925 757 970 ecclesiasticae
786 926 910 981 fidei,
943 934 994 969 ut
1021 935 1219 985 parentes
1250 925 1305 969 ad
1326 926 1462 985 perci-

70 997 276 1058 piendam
290 997 470 1056 gratiam
490 997 627 1041 sancti
644 996 849 1056 baptismi
862 996 991 1041 etiam
1007 1011 1107 1040 cum
1121 995 1313 1055 parvulis
1331 1005 1464 1056 atquc

72 1067 314 1112 infantibus
349 1075 527 1112 currant
557 1086 567 1112 ε
596 1066 644 1110 in
677 1067 835 1127 quibus
864 1067 899 1111 si
927 1067 1010 1112 hoc
1037 1066 1265 1112 vinculum
1292 1066 1460 1125 peccati

73 1137 256 1183 solvitur
274 1137 396 1198 quod
412 1136 720 1182 tantummodo
737 1137 892 1192 carnis,
914 1152 1003 1182 non
1021 1137 1151 1181 etiam
1169 1135 1289 1197 quod
1306 1136 1462 1180 animae

73 1218 158 1265 est,
183 1209 339 1254 merito
360 1208 572 1270 quaeritur
593 1208 701 1269 quid
717 1209 776 1253 eis
799 1210 969 1253 obesset
984 1245 994 1264 ,
1029 1209 1062 1252 si
1084 1210 1130 1252 in
1157 1208 1230 1252 illa
1253 1218 1380 1253 aetate
1407 1207 1463 1252 de

72 1294 253 1339 corpore
274 1279 365 1323 sine
388 1278 604 1338 baptismo
626 1279 806 1323 exirent.
831 1279 874 1324 Si
891 1280 1007 1323 enim
1024 1295 1101 1339 per
1118 1280 1201 1324 hoc
1217 1294 1464 1323 sacramen-

74 1359 170 1395 tum
197 1349 369 1409 corpori
391 1364 544 1394 eorum
565 1349 829 1404 consulitur,
853 1365 944 1394 non
972 1359 1015 1393 et
1037 1350 1192 1394 animae
1208 1386 1218 1405 ,
1253 1349 1466 1397 deberent

75 1429 119 1464 et
138 1419 301 1464 mortui
323 1418 533 1478 baptizari
558 1439 567 1464 ε
593 1428 636 1463 at
669 1434 770 1463 cum
791 1418 1017 1464 videamus
1052 1421 1136 1464 hoc
1165 1420 1467 1464 universaliter

74 1489 312 1535 Ecclesiam
331 1489 516 1534 retinere
533 1525 543 1545 ,
564 1499 615 1534 ut
633 1505 734 1534 cum
755 1490 1001 1534 viventibus
1024 1499 1240 1546 curratur,
1261 1500 1305 1534 et
1324 1491 1469 1535 viven*

74 1560 193 1606 tibus
214 1569 507 1616 succurratur,
525 1576 581 1604 ne
598 1575 699 1604 cum
721 1561 883 1604 mortui
902 1559 1067 1605 fuerint
1084 1560 1194 1604 nihil
1215 1562 1352 1620 possit
1374 1562 1468 1605 fieri

76 1631 198 1693 quod
219 1632 376 1692 prosit,
402 1647 492 1676 non
508 1632 707 1676 videmus
728 1631 837 1692 quid
859 1630 979 1675 aliud
1001 1632 1136 1691 possit
1155 1632 1367 1691 intelligi,
1389 1633 1470 1676 nisi

76 1717 437 1762 unumquemque
453 1701 687 1761 parvulum
707 1717 798 1746 non
820 1716 910 1745 esse
925 1737 936 1756 ,
957 1701 1039 1745 nisi
1061 1701 1202 1746 Adam
1224 1711 1268 1746 et
1290 1718 1472 1762 corpore

78 1782 122 1817 et
143 1774 312 1828 anima,
338 1781 382 1816 et
403 1772 503 1817 ideo
531 1772 594 1817 illi
623 1772 785 1817 Christi
815 1773 996 1831 gratiam
1025 1773 1325 1817 necessariam.
1352 1777 1473 1818 AEtas

79 1845 242 1905 quippe
264 1843 338 1888 illa
353 1843 399 1888 in
416 1859 459 1888 se
480 1844 571 1904 ipsa
594 1844 705 1888 nihil
722 1844 810 1903 egit
831 1843 902 1888 vel
918 1844 1023 1888 boni
1043 1843 1113 1888 vel
1134 1843 1262 1889 mali:
1287 1844 1473 1904 proinde

79 1915 142 1958 ibi
164 1914 307 1958 anima
327 1914 679 1958 innocentissima
706 1923 770 1958 est
786 1950 796 1970 ‚
823 1915 857 1958 si
880 1930 931 1958 ex
960 1913 1100 1958 Adam
1126 1925 1362 1975 propagata
1383 1932 1473 1961 non

82 1994 144 2029 est
169 2004 178 2030 :
205 1985 326 2029 unde
347 1984 570 2046 quomodo
591 1986 726 2045 possit
742 1986 858 2045 juste
885 1985 945 2029 ire
966 1986 1011 2029 in
1033 1985 1438 2031 condemnationem
1458 2022 1470 2043 ,

82 2055 116 2100 si
139 2055 194 2100 de
215 2071 395 2115 corpore
423 2055 514 2100 sine
546 2056 764 2115 baptismo
792 2056 968 2112 cxicrit,
994 2057 1191 2117 quisquis
1218 2058 1343 2101 istam
1367 2073 1468 2101 sen-

82 2127 264 2171 tentiam
287 2125 343 2171 de
370 2127 512 2172 anima
546 2135 697 2172 tenens
729 2127 921 2187 potuerit
952 2127 1276 2184 demonstrare,
1308 2128 1470 2172 miran-

85 2195 167 2241 ‹lus
188 2205 269 2241 est.
