1854 3219
703 200 849 227 [unssx.
1388 190 1471 228 645

312 265 409 299 modo
436 264 560 298 cecidit
578 265 729 309 szfsssw,
747 271 810 298 etc.
833 284 873 289 —-
890 268 1010 309 Corpus
1034 267 1160 299 Christi.
1186 285 1226 290 --
1243 269 1364 309 Corpus

311 321 440 354 diaboli.
1411 326 1474 355 540

91 377 164 407 Cn»,
179 386 253 407 xxv.
279 379 324 409 De
341 377 453 409 eodem
464 386 598 419 corpore
616 376 733 409 diaboli
749 376 869 409 dictum
889 387 956 410 esse
972 377 1047 410 illud
1061 390 1067 409 2
1093 379 1142 410 Tu
1160 390 1193 410 es
1208 379 1364 421 signacu-

313 432 380 464 lum
393 457 401 473 ‚
416 435 480 464 etc.
502 448 542 453 -—-
561 432 724 464 Paradisus
738 433 891 464 Ecclesia.
1410 436 1471 465 541

151 499 238 521 xxvi.
266 487 430 520 Conclusio
443 488 484 520 de
499 487 617 519 diaboli
634 489 816 521 conditione
830 494 862 521 et
879 490 978 532 lapsu.
1412 492 1475 522 543

144 556 242 582 xxvn.
268 547 314 578 De
330 545 510 577 tentatione
522 544 641 577 diaboli
659 556 715 588 per
728 550 921 588 serpentem.
1411 549 1477 578 544

130 611 238 633 xxvui.
265 603 313 633 An
322 611 451 644 serpens
469 600 567 633 verba
586 600 708 643 prolata
726 600 928 633 intellexerit*
1414 604 1477 633 545

155 667 239 688 xxix.
266 658 403 700 Serpens
419 668 477 689 cur
493 656 597 688 dietus
612 656 882 699 prudentissimus.
1415 658 1478 688 546

166 722 242 744 xxx.
269 712 465 755 Colloquium
481 713 638 755 serpentis
661 722 734 744 cum
758 712 902 745 muliere.
923 730 964 735 ——
983 711 1105 745 Oblivio
1123 712 1280 754 praecepti
1305 714 1365 744 Do-

314 767 404 799 mini.
1416 770 1477 799 547

160 834 242 856 xxxi.
270 824 317 855 Ad
329 823 404 866 quid
414 824 517 866 aperti
529 823 733 856 oculiAdami
750 828 783 856 et
800 825 883 856 Evae.
1416 826 1480 857 548

144 890 238 911 xxxu.
265 880 462 912 Mortaliiatis
480 884 513 912 et
528 879 666 912 libidinis
688 879 788 921 origo.
804 897 846 904 ·—-
869 880 1017 913 Ficulnea
1034 880 1258 913 succinctoria.
1415 882 1479 913 550

130 946 238 967 xxxin.
266 937 333 967 Vox
354 935 412 967 Dei
431 935 621 968 ambulantis
638 935 669 967 in
690 935 848 977 paradiso,
1415 938 1476 968 551

132 1001 239 1022 xxxiv.
265 990 365 1023 Adam
386 990 429 1022 ob
448 990 627 1022 nuditatem
647 1001 716 1022 sese
734 989 930 1022 abscondens
952 989 1164 1032 interrogatur
1183 1001 1200 1022 a
1220 993 1298 1023 Deo.
1327 1007 1366 1013 -

315 1046 446 1079 Nuditas
462 1047 606 1078 carnalis.
1415 1048 1478 1078 553

149 1114 241 1135 xxxv.
269 1103 496 1135 Excusationes
511 1103 623 1135 Adami
641 1108 675 1135 et
688 1105 772 1135 Evae.
1416 1104 1481 1134 554

130 1170 237 1191 xxxvi.
263 1159 445 1191 Maledictio
462 1159 630 1201 serpentis
1415 1159 1479 1190 556

118 1225 241 1247 xxxvu.
270 1217 362 1247 Poena
379 1215 529 1247 mulieris,
545 1232 587 1238 —
604 1213 782 1246 Domssnium
795 1215 911 1246 mariti.
1008 1247 1012 1249 Δ
1416 1215 1479 1246 557

105 1283 243 1304 xxxvm.
269 1274 362 1304 Poena
374 1272 488 1304 Adami
504 1276 538 1304 et
555 1282 670 1304 nomen
688 1271 811 1303 mulieri
827 1271 1021 1313 impositum.
1416 1269 1481 1302 558

133 1339 241 1361 xxx1x.
266 1328 392 1360 'runicae
408 1327 563 1370 pelliceae.
591 1345 632 1350 —
651 1327 864 1369 Exprobratio
888 1325 1056 1369 superbiae.
1415 1325 1480 1357 559

192 1395 242 1417 xl„
269 1383 414 1426 Expulsio
433 1394 451 1415 e
467 1383 623 1426 paradiso,
646 1401 687 1405 —
706 1382 1012 1415 Excommunicatio.
1416 1379 1481 1413 560
1522 1400 1523 1403 =

177 1451 238 1471 xm.
264 1439 436 1482 Opiniones
457 1438 498 1471 de
518 1438 653 1471 hominis
676 1442 835 1480 peceato,
859 1437 951 1480 quale
970 1436 1079 1470 fuerit.
1107 1453 1146 1459 —
1170 1435 1369 1470 Gaeremoniae

316 1495 483 1539 nuptiales.
1417 1494 1477 1524 561

167 1562 244 1584 xm.
272 1554 318 1584 An
337 1552 438 1584 Adam
458 1550 632 1582 crediderit
656 1550 815 1592 serpenti,
837 1560 939 1592 quave
956 1550 1080 1583 ratione
1104 1550 1143 1581 ad
1171 1549 1369 1591 peccandum

312 1606 458 1638 inductus
472 1606 524 1637 sit⁴
542 1623 583 1627 —
595 1605 769 1637 Salomonis
787 1604 977 1637 idololatria.
1415 1604 1478 1635 56⁶2

96 1871 141 1908 In
162 1881 236 1916 quo
253 1870 301 1906 de
322 1869 495 1916 paradiso
515 1871 553 1904 et
577 1868 688 1905 tertio
708 1869 804 1905 coelo
829 1878 904 1914 quo
928 1871 1058 1914 raptus
1082 1871 1141 1904 est
1167 1867 1330 1909 Paulus,
1351 1868 1477 1914 deque

378 1927 583 1974 multiplici
602 1927 793 1966 visionum
808 1937 949 1974 genere
965 1927 1194 1973 disputatur.

119 2027 193 2058 CAP.
218 2037 241 2058 1.
267 2028 313 2058 De
328 2024 474 2067 paradiso
492 2023 578 2056 locus
594 2023 737 2067 Apostoli
754 2023 989 2056 examinandus.
1416 2024 1479 2054 565

211 2092 244 2113 ιι.
271 2080 457 2124 Apostolum
470 2080 609 2123 potuisse
633 2079 758 2112 nescire
776 2090 816 2112 an
836 2084 925 2112 extra
943 2089 1057 2121 corpus
1079 2077 1257 2121 paradisum
1275 2077 1367 2110 vide-

317 2138 360 2170 rit
371 2163 381 2180 ‚
399 2137 425 2169 si
438 2137 518 2170 vidit
534 2137 565 2169 in
583 2137 696 2169 extasi.
1020 2167 1026 2175 ,
1417 2137 1478 2167 567

200 2205 246 2227 111.
272 2193 438 2236 Apostolus
453 2198 560 2226 certus
572 2204 605 2225 se
619 2192 731 2225 vidisse
747 2193 879 2225 tertium
895 2191 1007 2225 coelum
1022 2217 1031 2234 ,
1050 2191 1192 2224 incertus
1212 2191 1368 2234 quomodo

320 2250 449 2283 viderit.
1417 2249 1481 2280 568

201 2318 244 2339 iv.
272 2309 353 2340 Vere
372 2306 504 2351 tertium
521 2306 635 2338 coelum
653 2305 747 2343 fuisse
764 2305 838 2338 illud
858 2316 920 2348 quo
937 2309 1046 2348 raptus
1064 2309 1113 2336 est
1131 2303 1312 2347 Apostolus.
1330 2321 1370 2326 —

319 2362 494 2395 Difficultas
513 2362 672 2406 quomodo
691 2361 856 2405 Apostolus
876 2365 984 2394 certus
1007 2361 1047 2393 sit
1068 2361 1108 2394 de
1131 2360 1210 2394 coelo
1235 2361 1317 2401 viso,
1338 2364 1371 2392 et

321 2419 461 2452 incertus
478 2419 519 2450 de
535 2419 630 2451 modo
653 2429 715 2461 quo
738 2419 837 2451 visum
854 2417 925 2450 fuit.
1419 2418 1459 2447 57

222 2486 252 2506 v.
279 2475 397 2507 Eadem
413 2473 583 2508 difficultas
600 2475 767 2508 enodatur.
1421 2474 1460 2502 07

206 2542 248 2562 vi.
276 2530 434 2563 Visionum
451 2542 566 2573 genera
581 2530 651 2562 tria.
1417 2529 1455 2557 57
