1854 3219
376 175 462 212 350
819 181 853 209 s.
879 182 1110 211 AUGUSTINI
1134 183 1317 212 Emscom

377 261 571 309 ternpore
593 257 811 304 creantur,
837 249 882 293 in
899 251 1061 311 quibus
1084 249 1224 295 Adam
1244 251 1333 310 jam
1352 246 1562 293 formatus
1571 254 1627 293 'ex
1643 249 1765 304 limo,

374 332 417 365 et
445 321 517 364 Dei
542 319 650 364 ssatu
682 320 924 377 animatus,
961 323 1071 366 sieut
1103 321 1276 366 foenum
1308 330 1543 365 exortum:
1580 319 1704 364 aliter
1724 320 1769 363 in

374 391 634 446 seminibus,
661 391 705 435 in
723 392 883 451 quibus
907 409 1053 438 rursus
1075 393 1199 453 quasi
1221 391 1521 452 primordiales
1543 404 1685 436 causoe
1701 405 1771 434 re-

377 471 605 522 petuntur,
632 461 686 505 de
722 463 852 507 rebus
886 463 1032 508 ductae
1059 479 1159 524 quae
1192 463 1433 508 seeundum
1459 477 1629 517 causas‚-
1663 462 1770 522 quas

376 533 569 594 primum
590 533 807 589 condidit,
835 535 1093 590 extiterunt,
1112 535 1231 580 velut
1248 535 1381 578 herba
1399 550 1450 578 ex
1466 543 1579 578 terra
1592 569 1602 589 ,
1624 546 1772 578 semen

377 620 427 649 ex
450 604 601 649 herba.
631 609 680 648 ln
698 606 858 665 quibus
882 607 1085 651 omnibus
1100 621 1147 650 ea
1159 607 1251 665 jam
1274 603 1389 649 facta
1410 604 1563 650 modos
1585 614 1628 648 et
1652 613 1776 648 actus

377 676 444 720 sui
476 676 681 735 temporis
703 687 989 736 aeceperunt³
1016 669 1189 738 quaeex
1211 676 1393 721 occultis
1420 685 1552 737 atque
1575 675 1774 721 invisibi-

378 746 494 790 libus
530 747 800 803 rationibus,
832 765 932 809 quae
965 749 1010 791 ‘m
1044 757 1242 797 ereatura
1278 747 1504 792 causaliter
1534 745 1698 802 latent,
1730 746 1778 790 in

379 816 629 861 manifestas
668 817 828 863 formas
866 829 1130 880 naturasque
1166 818 1423 879 prodierunt
1455 838 1464 863 ε
1497 819 1608 863 sicut
1641 817 1778 862 herba

380 897 527 932 exorta
556 903 686 948 super
707 898 867 935 terram
884 924 895 945 ‚
922 899 965 934 et
988 891 1123 934 homo
1152 888 1293 934 factus
1316 890 1362 933 in
1393 889 1583 934 animam
1607 888 1774 944 vivam,

377 969 422 1003 01
447 968 604 1004 caetera
627 960 906 1020 hujusmodi,
940 961 1028 1005 sive
1065 960 1274 1017 frutecta,
1292 972 1293 975 ’
1309 961 1398 1006 sive
1433 960 1668 1005 animantia
1686 995 1697 1016 ‚
1723 959 1785 1004 adr

382 1030 501 1076 illam
519 1033 815 1091 operationem
839 1034 917 1077 Dei
938 1033 1199 1093 pertinentia
1216 1069 1226 1089 ‚
1250 1049 1350 1094 quae
1374 1049 1515 1094 usque
1531 1048 1650 1077 nunc
1671 1046 1782 1092 ope--v

379 1112 516 1146 ratur.
555 1104 639 1147 Sed
661 1105 791 1148 etiam
822 1104 901 1148 ista
935 1119 1083 1149 secum
1117 1114 1273 1163 gerunt
1306 1114 1516 1165 tanquam
1545 1105 1703 1148 iterum
1736 1099 1782 1147 se'

381 1175 473 1234 ipsa
502 1175 775 1219 invisibiliter
802 1176 847 1218 in
876 1176 1047 1220 occulta
1076 1176 1267 1237 quadam
1294 1177 1336 1220 vi
1364 1175 1621 1234 generandi,
1648 1187 1782 1236 quam

384 1255 662 1291 extraxerunt
674 1246 729 1291 de
742 1246 825 1291 illis
839 1248 1084 1307 primordiis
1102 1264 1331 1293 causarum
1351 1264 1544 1304 suarum,
1557 1248 1603 1291 in
1621 1247 1800 1308 quibus

381 1326 528 1362 creato
547 1317 713 1362 mundo
736 1334 838 1363 cum
858 1317 999 1364 factus
1022 1329 1085 1364 est
1102 1319 1193 1364 dies
1211 1355 1222 1376 ,
1248 1328 1487 1380 antequam·
1502 1311 1551 1363 in
1574 1319 1781 1364 manifes-

384 1396 473 1432 tam
486 1389 672 1448 speciem
694 1390 760 1434 sui
783 1391 948 1448 generis
966 1391 1253 1447 exorirentur,
1276 1390 1437 1435 inserta
1453 1399 1570 1435 sunt.

395 1542 1177 1564 mmmmmmmmmmmmwmwwwunmms‘
1374 1542 1784 1564 xvmmmmnwwwumm

912 1653 1136 1702 CAPUT
1172 1656 1251 1703 XI.

516 1816 681 1877 Opera
697 1817 961 1861 creationis
981 1813 1059 1861 die
1073 1824 1215 1864 sexto·
1235 1813 1481 1876 quomodo·
1497 1816 1669 1877 etjam

643 1898 1006 1945 consummata,
1032 1898 1079 1933 et
1099 1887 1261 1933 adhue
1282 1887 1529 1934 inchoata.

449 2030 616 2072 XVIII.
646 2029 690 2072 S1
713 2027 831 2071 enim
853 2027 994 2087 prima
1017 2026 1091 2071 illa
1111 2042 1241 2087 opera
1262 2027 1363 2083 Dei,
1380 2043 1482 2072 cum
1498 2027 1627 2073 simul
1642 2028 1787 2072 omnia
1848 2055 1851 2069 2

391 2099 578 2153 creavit,
625 2098 670 2142 in
703 2114 782 2142 suo
817 2096 950 2142 modo
981 2097 1175 2158 perfecta
1207 2114 1298 2142 non
1339 2108 1480 2142 essent
1495 2134 1505 2154 ‚
1550 2114 1599 2142 ea
1635 2098 1787 2158 procul
1848 2103 1851 2119 ·’

389 2170 526 2214 dubio
549 2179 646 2229 post
676 2168 962 2225 adderentur,
988 2186 1087 2230 quae
1109 2169 1192 2213 illis
1216 2167 1490 2229 perficiendis
1521 2167 1784 2228 defuissent3

388 2250 439 2285 111
467 2241 670 2302 qurcdam
702 2240 995 2285 universitatis
1021 2240 1232 2301 perfectio
1258 2256 1309 2285 ex
1342 2241 1538 2302 utrisque
1571 2250 1789 2286 constaret·
1850 2279 1854 2282 .

389 2313 568 2373 singulis
597 2313 725 2374 qnasi
752 2313 900 2370 3011113,
932 2313 1055 2358 velut
1084 2314 1264 2374 alicujus
1298 2313 1432 2358 totius
1454 2322 1598 2374 partes
1621 2324 1784 2370 essent,
1849 2348 1854 2363 ,.

391 2400 577 2446 quarum
603 2383 914 2444 conjunctione
937 2384 1080 2444 ipsum
1103 2393 1246 2430 totum
1274 2385 1396 2445 cujus
1416 2387 1560 2446 partes
1580 2383 1756 2429 fuerant
1773 2420 1784 2441 ‚
1850 2420 1854 2434 ,

388 2457 695 2517 compleretur.
717 2458 883 2500 Rursus
908 2456 942 2500 si
964 2456 1023 2500 ita
1046 2466 1189 2501 essent
1211 2455 1283 2501 illa
1301 2456 1508 2517 perfecta,
1529 2457 1640 2501 310111
1660 2457 1788 2516 perfi-
1850 2484 1854 2485 ν

389 2528 580 2584 ciuntur,
597 2542 699 2572 cum
714 2527 798 2572 suis
812 2543 1001 2588 quaeque
1013 2528 1283 2589 temporibus
1296 2528 1343 2573 in
1359 2527 1607 2575 manifestas
1621 2526 1787 2575 formas
1849 2554 1854 2557 <
