1854 3219
356 219 410 244 DE
442 218 594 245 GENESI
626 217 680 244 An
714 217 954 256 numm-ir,
990 220 1072 245 Lin.
1108 220 1167 245 iv.
1381 210 1464 247 285

79 366 1212 386 mmmmmwummmmmmwmmmmmmnmmmsmmmm
1216 369 1424 386 ἏΜΝΝἋΜΜ
1430 370 1460 385 Ἃ

544 490 762 541 CAPUT
790 493 988 540 XXIII.

188 646 411 708 Cognz'tio
434 661 591 691 rerum
613 649 662 691 in
688 644 856 694 Verbo
877 646 976 692 Dei·
988 683 998 703 ,
1023 649 1134 692 etin
1154 663 1205 693 se
1222 648 1351 708 ipsis.

131 783 224 826 XL.
264 785 465 828 Murrum
506 783 670 844 quippe
706 783 885 828 interest
922 783 1035 828 inter
1073 784 1368 843 cognitionem
1407 786 1467 828 rei

71 855 286 914 cujusque
316 854 362 898 in
391 854 538 899 Verbo
566 855 671 910 Dei,
709 864 753 900 et
782 855 1077 914 cognitionem
1113 858 1205 917 ejus
1238 857 1283 900 in
1310 865 1468 901 natura

71 925 161 985 ejus
173 959 184 980 ‚
204 934 255 969 ut
269 924 383 969 illud
398 926 553 970 merito
571 925 627 970 ad
643 925 760 970 diem
781 926 996 986 pertineat
1011 963 1021 983 ‚
1047 928 1131 972 hoc
1149 927 1203 972 ad
1225 943 1463 988 vesperam.

72 998 125 1040 In
146 995 471 1056 comparatione
495 996 611 1041 enim
633 996 743 1041 lucis
765 996 880 1042 illius
904 1014 1002 1058 quae
1024 998 1070 1043 in
1092 999 1240 1043 Verbo
1264 999 1341 1043 Dei
1364 1015 1469 1043 con-

70 1067 265 1128 spicitur,
291 1068 432 1113 omnis
457 1068 648 1127 cognitio
683 1085 771 1130 qua
802 1079 1048 1115 creaturam
1076 1070 1322 1132 quamlibet
1348 1070 1395 1115 in
1423 1086 1468 1116 se

70 1139 162 1199 ipsa
182 1139 383 1184 novimus
399 1175 410 1195 ,
437 1155 529 1185 non
550 1140 767 1186 immerito
781 1157 868 1187 nox
890 1141 975 1187 dici
997 1151 1139 1202 potest
1160 1161 1169 1187 :
1193 1158 1294 1203 quae
1319 1158 1467 1187 rursus
1493 1164 1498 1169 ·

70 1219 246 1255 tantum
267 1209 418 1255 differt
437 1211 494 1255 ab
516 1226 661 1256 errore
690 1211 761 1256 vel
789 1212 1031 1271 ignorantia
1062 1229 1241 1269 eorum,
1277 1214 1353 1274 qui
1386 1229 1468 1257 nec

69 1281 206 1340 ipsam
228 1290 472 1326 creaturam
489 1281 632 1326 sciunt
647 1317 659 1338 ,
684 1292 735 1327 ut
755 1283 801 1326 in
823 1284 913 1343 ejus
935 1286 1260 1344 comparatione
1283 1301 1374 1330 non
1397 1285 1466 1329 in—

69 1368 262 1412 congrue
284 1352 456 1398 dicatur
477 1353 581 1398 dies.
611 1356 733 1398 Sicut
749 1355 841 1414 ipsa
863 1355 950 1399 vita
975 1355 1172 1400 fidelium
1195 1373 1294 1418 quae
1316 1358 1361 1400 in
1385 1358 1466 1401 hac

69 1437 198 1467 carne
221 1431 353 1483 atque
377 1424 423 1467 in
445 1424 529 1467 hoc
549 1423 708 1468 saeculo
731 1425 929 1480 ducitur,
950 1426 997 1471 in
1018 1427 1343 1487 comparatione
1363 1428 1465 1471 vitae

70 1493 255 1538 infidelis
281 1502 412 1554 atque
438 1493 584 1554 impiae
614 1510 705 1539 non
726 1494 1082 1541 irrationabiliter
1103 1497 1182 1542 lux
1206 1508 1248 1543 et
1270 1498 1361 1542 dies
1385 1514 1465 1558 ap·-

69 1563 273 1624 pellatur‚
299 1564 472 1609 dicente
489 1564 699 1625 Apostolo
723 1585 732 1610 ε
763 1585 782 1608 «
806 1566 967 1610 Fuistis
986 1567 1223 1628 aliquando
1242 1568 1436 1611 tenebrae
1451 1603 1461 1622 ‚

71 1654 92 1677 »
125 1652 245 1681 nunc
269 1646 417 1699 autem
438 1635 514 1681 lux
534 1637 579 1681 in
601 1637 843 1696 Domino¹3
869 1656 889 1678 >›
918 1649 960 1682 et
982 1638 1124 1696 illud3
1151 1659 1171 1682 «
1197 1640 1466 1699 Abjiciamus

72 1725 92 1748 »
127 1723 258 1767 opera
279 1707 584 1763 tenebrarum,
609 1718 653 1753 et
674 1707 907 1753 induamus
931 1725 1009 1754 nos
1032 1725 1149 1753 arma
1183 1708 1319 1768 luci53
1350 1711 1462 1755 sicut

71 1795 92 1818 »
126 1777 172 1821 in
184 1778 255 1822 die
270 1779 452 1823 honeste
468 1777 743 1823 ambulemus
757 1780 796 1822 2:
816 1797 836 1820 »
858 1779 934 1839 qui
949 1789 1094 1824 tamen
1111 1778 1202 1823 dies
1216 1780 1298 1824 nisi
1317 1796 1465 1825 rursus

68 1849 114 1893 in
136 1849 459 1909 comparatione
487 1849 602 1894 illius
620 1848 706 1893 dici
721 1884 732 1905 ‚
758 1865 847 1910 quo
869 1849 1057 1910 aequales
1075 1850 1251 1909 Angelis
1273 1850 1376 1896 facti
1398 1852 1465 1896 vi-

68 1920 269 1965 debimus
285 1924 426 1965 Deum
446 1921 574 1964 sicuti
595 1929 659 1964 est
674 1955 684 1975 ,
709 1920 801 1980 ipse
816 1937 993 1981 quoque
1015 1937 1101 1966 nox
1122 1931 1253 1977 esset,
1280 1938 1369 1966 non
1392 1923 1463 1967 hic

67 1992 308 2052 prophetiae
341 1992 520 2037 lucerna
556 1991 875 2051 indigeremus3
909 1992 1028 2036 unde
1061 1993 1283 2053 apostolus
1313 1998 1466 2039 Petrus

69 2062 174 2107 dicit
195 2083 204 2108 :
234 2083 254 2106 «
274 2063 498 2108 Habemus
520 2063 749 2108 certiorem
765 2063 1074 2123 propheticum
1091 2079 1336 2108 sermonem
1353 2100 1363 2120 ,
1390 2066 1462 2110 cui

71 2149 92 2173 »
126 2133 239 2176 bene
250 2133 391 2178 facitis
407 2132 683 2178 intendentes
695 2133 806 2178 sicut
819 2133 1010 2178 lucernae
1028 2134 1194 2179 lucenti
1212 2135 1258 2179 in
1272 2135 1460 2180 obscuro

73 2221 94 2245 »
127 2202 224 2248 loco
237 2239 248 2260 ,
274 2204 414 2250 donec
432 2205 520 2249 dies
534 2204 725 2250 lucescat
740 2241 750 2261 ‚
776 2214 820 2250 et
835 2205 992 2250 lucifer
1007 2207 1171 2251 oriatur
1187 2207 1233 2251 in
1255 2207 1461 2252 cordibus

75 2292 96 2316 »
129 2274 320 2319 vestris3.
345 2292 367 2316 n

121 2379 130 2395 ¹
153 2371 233 2414 Eph.
254 2382 286 2414 v,
305 2370 338 2404 8.
357 2387 400 2394 —-
420 2377 433 2394 ²
453 2373 545 2404 Rom.
562 2382 632 2413 xm,
653 2380 704 2404 12.
726 2387 768 2395 -
784 2370 798 2394 3
819 2381 838 2405 2
857 2375 927 2405 Pet.
948 2386 978 2416 1,
998 2385 1050 2417 19.
