1854 3219
333 141 419 180 640
956 149 1097 177 [hm-LX.

873 293 1045 337 LIBER
1077 293 1179 337 VII.

335 425 383 460 ln
401 432 476 469 quo
494 421 590 458 illud
609 420 774 458 Genesis
799 431 851 462 u,
869 427 912 455 τε
935 435 952 453 «
978 420 1027 457 Et
1048 420 1154 458 navit
1182 421 1222 456 in
1246 420 1381 457 taciem
1402 422 1486 468 ejus
1511 421 1642 460 flatum
1669 423 1724 461 vi-

384 496 402 516 «
420 485 484 525 tae,
504 485 577 518 etc.
597 495 613 515 ι)
634 480 849 517 illustratur
867 479 1063 517 uberrima
1083 479 1307 517 tractatione
1322 481 1371 518 de
1384 481 1525 518 anima.

360 581 435 612 Gar.
462 591 482 612 ι.
510 582 555 611 De
574 578 678 612 anima
691 577 844 610 tractatio
859 576 1038 620 suscipitur.
1665 581 1727 612 3711

451 647 485 669 n.
511 635 654 668 Animam
668 645 730 667 non
748 645 816 667 esse
834 634 977 675 ejusdem
991 638 1111 667 naturae
1121 644 1194 667 cum
1206 636 1272 668 Deo
1286 644 1324 667 ex
1339 634 1501 678 proposito
1515 633 1620 678 Scrip-

561 695 640 725 turae
652 690 724 723 loco
742 690 894 734 arguitur.
1668 694 1732 723 372

440 759 485 782 in.
512 749 646 790 Urgetur
666 747 752 780 idem
764 751 996 789 argumentum.
1669 750 1733 780 373

438 816 470 836 ιν
510 807 610 836 Deum
634 802 795 835 sufflando
819 813 883 836 non
906 802 1020 836 feciffie
1038 800 1078 834 de
1097 812 1130 834 sc
1149 803 1216 844 ipso
1234 802 1391 845 animam,
1417 814 1478 837 nee
1494 804 1535 837 de
1553 803 1621 837 ele—

564 860 690 892 mentis.
1670 862 1735 892 374

450 928 482 948 v.
510 918 557 949 An
576 915 682 948 anima
702 926 740 947 ex
754 914 862 947 nihilo.
1128 934 1132 935 ν
1674 917 1738 948 :375

443 984 487 1004 w.
513 974 561 1004 An
578 976 614 1003 ut
631 970 771 1013 corporis
784 996 793 1013 ‚
816 971 861 1002 ita
880 974 913 1002 et.
932 970 1043 1002 animm
1065 971 1265 1013 praecesserit
1276 971 1380 1014 aliqua
1399 971 1559 1004 materies.
1671 974 1736 1004 376

434 1041 489 1061 vn.
514 1028 582 1061 Dici
601 1039 663 1060 non
677 1038 769 1069 posse
786 1027 884 1070 qualis
905 1026 1017 1058 suisset
1032 1026 1085 1058 illa
1098 1027 1248 1059 materies
1264 1027 1385 1059 animae.
1672 1031 1736 1059 377

419 1096 488 1117 vm.
517 1088 648 1117 Beatam
665 1084 763 1116 fuisse
780 1083 946 1115 materiem
961 1082 1046 1115 illam
1069 1083 1193 1115 admitti
1210 1094 1272 1115 non
1289 1088 1406 1126 potest.
1673 1086 1738 1118 378

446 1152 490 1173 ix.
518 1143 627 1184 Neque
639 1139 725 1172 illam
739 1139 908 1171 materiem
927 1149 997 1171 esse
1011 1139 1182 1181 quamdam
1198 1139 1414 1172 irrationalem
1431 1141 1578 1174 animam.
1672 1143 1737 1174 379

462 1208 491 1229 x.
519 1200 563 1229 Ex
583 1208 706 1229 morum
724 1196 927 1229 similitudine
951 1207 1012 1228 non
1031 1195 1114 1228 eflici
1136 1201 1171 1228 ut
1198 1197 1301 1229 anima
1325 1197 1458 1230 hominis
1477 1199 1510 1230 in
1529 1209 1628 1241 pecus

544 1258 697 1286 transeat.
1674 1256 1734 1288 381

449 1320 490 1341 xl.
518 1309 653 1341 Fictitiae
682 1309 890 1350 quarumdam
928 1308 1104 1340 animarum
1134 1308 1434 1350 transmigrationes.
1460 1327 1502 1334 --
1529 1310 1628 1343 Mani-

564 1368 729 1399 chaeorum
745 1366 886 1399 deterior
903 1377 997 1409 quam
1010 1365 1272 1409 philosophorum
1285 1366 1404 1410 opinio.
1674 1370 1739 1401 382

433 1434 489 1455 κη.
517 1422 630 1456 Anima
645 1433 711 1455 non
730 1426 780 1454 cst
795 1433 835 1454 ex
849 1432 1009 1464 corporeo
1021 1422 1194 1454 elemento.
1674 1426 1738 1457 383

344 1490 401 1512 xin
415 1482 448 1511 et
462 1490 527 1511 xiv.
544 1478 741 1511 Medicorum
765 1477 925 1510 sententia
946 1478 987 1510 de
1018 1489 1155 1520 corpore
1174 1478 1324 1512 humano.
1343 1496 1384 1502 —-
1399 1478 1544 1512 Animam
1565 1490 1628 1512 non

568 1546 639 1567 esse
658 1546 697 1566 ex
715 1534 895 1567 elementis.
1674 1539 1740 1570 384

435 1604 489 1624 xv.
516 1591 630 1624 Anima
652 1592 856 1634 incorporea.
1674 1593 1739 1626 385

427 1660 497 1681 xvi.
524 1649 585 1680 Cur
598 1647 720 1680 dictum
738 1647 777 1679 sit
794 1658 800 1678 :
825 1647 957 1679 Factus
980 1654 1032 1679 est
1048 1646 1143 1680 homo
1160 1648 1196 1680 in
1210 1648 1359 1681 animam
1377 1649 1498 1682 vivam.
1676 1650 1740 1683 386

415 1714 493 1736 xvn.
520 1705 557 1735 In
573 1702 691 1735 faciem
703 1701 839 1735 hominis
859 1713 915 1734 cur
932 1701 1048 1734 dicitur
1062 1704 1162 1735 Deum
1179 1701 1340 1736 sufflasse.
1675 1706 1738 1747 387

410 1772 496 1794 xvin.
520 1762 598 1793 Tres
616 1758 788 1793 ventriculi
805 1756 942 1791 cerebri.
1645 1758 1739 1793 Ibid.

424 1827 492 1849 x1x.
519 1815 641 1848 Animae
660 1813 843 1858 praestantia
855 1823 949 1857 supra
968 1824 1020 1847 res
1037 1824 1221 1857 corporeas.
1676 1817 1740 1849 388

445 1883 500 1905 xx.
527 1871 618 1905 Aliud
635 1871 753 1913 anima,
771 1869 856 1903 aliud
867 1881 985 1913 organa
1006 1870 1159 1914 corporis.
1675 1873 1739 1905 389

429 1940 493 1961 xxi.
521 1929 633 1962 Anima
657 1938 761 1971 neque
773 1927 835 1959 ullo
856 1938 895 1960 ex
916 1937 1066 1970 corpore,
1084 1937 1189 1971 neque
1201 1925 1299 1960 ullum
1312 1936 1427 1971 corpus
1441 1932 1501 1960 est.
1675 1929 1740 1959 390

416 1988 493 2018 xx1i.
521 1989 568 2018 An
585 1984 719 2017 casualis
733 1984 812 2016 ratio
828 1983 940 2016 animae
960 1982 1058 2015 fuerit
1078 1984 1209 2015 condita
1229 1983 1262 2015 in
1284 1982 1396 2027 diebus
1407 1985 1578 2016 Geneseos.
1674 1984 1739 2014 392

404 2053 490 2073 xxin.
517 2044 564 2073 An
580 2041 634 2072 illa
652 2040 786 2072 causalis
804 2040 887 2071 ratio
902 2038 1013 2070 anima}
1034 2039 1131 2071 suerit:
1148 2040 1264 2071 inserta
1281 2039 1312 2070 in
1330 2039 1475 2081 angelica
1489 2043 1613 2071 natura.
1673 2040 1740 2070 394

410 2109 496 2130 xxiv.
521 2097 633 2129 Anima
647 2107 686 2128 an
698 2101 808 2128 creata
823 2096 862 2127 sit
877 2095 962 2137 prius
981 2105 1075 2137 quam
1087 2095 1214 2137 corpori
1226 2095 1358 2127 inserta.
1674 2094 1738 2125 395

418 2166 493 2187 xxv.
520 2154 632 2187 Anima
658 2154 683 2185 si
704 2157 794 2186 extra
814 2162 932 2195 corpus
957 2151 1134 2193 existebat,
1157 2162 1197 2184 an
1221 2158 1334 2194 suopte
1350 2155 1427 2183 nutu
1451 2150 1491 2183 ad
1515 2160 1630 2193 corpus

569 2209 709 2242 venerit.
894 2234 904 2238 -
1675 2206 1739 2238 :396

409 2278 495 2300 xxw.
521 2266 633 2299 Anima
651 2267 676 2297 si
697 2265 831 2308 proprio
850 2268 929 2296 nutu
945 2264 1076 2307 corpori
1099 2264 1238 2306 inserta,
1263 2275 1329 2296 non
1351 2264 1411 2297 fuit
1425 2262 1557 2307 praescia
1573 2261 1627 2295 fu-

568 2322 642 2354 turi.
659 2338 701 2344 -
722 2321 873 2353 Liberum
891 2319 1070 2352 arbitrium.
1675 2319 1738 2350 397

397 2390 497 2411 xxvii.
523 2378 668 2411 Animam
685 2376 820 2409 naturali
838 2376 987 2419 appetitu
1003 2375 1082 2407 ferri
1099 2375 1131 2406 in
1152 2386 1281 2419 corpus.
1674 2375 1747 2419 398.

390 2446 495 2468 xxvm.
521 2433 742 2475 Difficultates‚
754 2443 826 2465 cum
836 2432 951 2465 dicitur
963 2431 1100 2464 animam
1116 2432 1189 2464 Adae
1200 2442 1263 2464 non
1276 2431 1362 2475 prius
1377 2435 1520 2465 creatam
1535 2441 1627 2475 quam

568 2491 637 2533 ejus
654 2490 783 2532 corpori
796 2488 984 2532 inspiratam
995 2487 1106 2520 fuisse.
1674 2488 1738 2519 399
