1854 3219
329 207 382 233 DE
414 205 566 234 GENEsx
596 201 652 232 An
683 204 929 244 ermnAM,
963 206 1046 233 Lm.
1081 203 1177 234 V111.
1359 192 1445 234 419

64 270 292 316 credamus
312 270 536 316 hominem
563 270 622 314 ita
644 270 690 314 in
717 269 914 330 paradiso
936 268 1244 325 constitutum,
1268 279 1319 314 ut
1339 285 1446 330 ope-

63 351 233 386 raretur
250 341 572 401 agriculturam,
586 357 677 385 non
687 340 836 385 labore
851 341 1009 397 servili,
1027 341 1103 386 sed
1118 342 1300 386 honesta
1313 340 1446 386 animi

63 412 319 473 voluptate?
339 411 457 466 Quid
477 412 593 456 enim
612 412 697 456 hoc
715 427 844 472 opere
866 413 1142 458 innocentius
1162 411 1417 458 vacantibus
1432 447 1446 471 ‚

64 492 110 528 et
130 483 238 545 quid
258 482 429 545 plenius
449 498 609 543 magna
630 483 976 529 consideratione
993 483 1309 544 prudentibus?

63 639 1449 659 mmmmmmmmmwmmmmmm

603 764 821 816 CAPUT
854 767 919 814 X.

270 897 406 963 Quid
423 900 485 945 sit
506 919 515 946 z
541 903 600 946 Ut
621 864 879 961 *operaretur
901 908 946 946 et
965 900 1249 946 custodiret1.

124 1036 248 1079 XIX.
278 1053 298 1077 «
319 1038 384 1080 UT
407 1035 644 1081 custodiret
670 1055 690 1078 »
718 1046 864 1081 autem
880 1072 891 1093 ,
917 1035 1053 1098 quid?
1074 1039 1143 1080 An
1160 1037 1303 1096 ipsum
1325 1051 1452 1096 para-

67 1104 243 1159 disum?
274 1108 438 1151 Contra
467 1109 610 1167 quos?
647 1106 802 1153 Nullus
831 1116 946 1151 certe
972 1107 1140 1152 vicinus
1173 1106 1451 1151 metuebatur

67 1175 264 1232 invasor,
300 1176 448 1221 nullus
482 1177 630 1222 limitis
660 1178 960 1237 perturbator,
996 1177 1144 1221 nullus
1177 1177 1270 1232 fur,
1305 1177 1452 1222 nullus

68 1263 304 1306 aggressor.
336 1247 569 1302 Quomodo
594 1264 697 1307 ergo
717 1248 981 1292 intellecturi
1008 1264 1156 1292 sumus
1182 1248 1453 1307 corporalem

62 1318 312 1380 paradisum
332 1319 522 1378 potuisse
545 1319 600 1362 ab
618 1319 795 1363 homine
812 1318 1093 1379 corporaliter
1110 1319 1344 1363 custodiri?
1369 1319 1453 1364 Sed

63 1405 208 1449 neque
226 1390 447 1449 Scriptura
464 1389 596 1433 dixit:
618 1408 638 1431 «
660 1391 716 1433 Ut
733 1399 985 1449 operaretur
1003 1399 1045 1433 et
1067 1389 1305 1435 custodiret
1327 1396 1453 1450 para-

67 1478 89 1503 »
123 1460 286 1505 disum:
311 1478 331 1502 »
356 1459 466 1504 dixit
488 1469 661 1504 autem:
687 1479 704 1500 «
734 1463 790 1505 Ut
813 1470 1066 1520 operaretur
1084 1471 1127 1506 et
1146 1461 1396 1506 custodiret.
1428 1480 1448 1503 η

65 1534 327 1592 Quanquam
345 1531 379 1575 si
396 1530 451 1575 de
465 1546 606 1590 graeco
628 1529 878 1589 diligentius
896 1531 952 1575 ad
965 1532 1149 1576 verbum
1168 1532 1450 1591 exprimatur,

64 1601 124 1646 ita
154 1601 365 1661 scriptum
387 1610 478 1646 est:
513 1620 534 1643 «
554 1603 612 1645 Et
632 1601 798 1660 accepit
823 1602 1033 1646 Dominus
1056 1605 1169 1645 Deus
1199 1602 1422 1646 hominem
1439 1638 1451 1658 ,

68 1689 90 1714 >›
125 1687 257 1733 quem
280 1670 406 1727 fecit,
441 1681 485 1715 et
507 1671 653 1730 posuit
678 1686 779 1714 eum
799 1671 846 1714 in
868 1671 1067 1730 paradiso
1089 1673 1257 1731 operari
1289 1688 1390 1717 eum
1412 1682 1456 1718 et

66 1761 92 1790 .»
127 1742 358 1788 custodire.
379 1760 399 1783 >›
428 1740 513 1787 Sed
531 1750 679 1785 utrum
693 1741 837 1801 ipsum
854 1742 1076 1786 hominem
1095 1744 1239 1801 posuit
1260 1745 1451 1803 operari,

68 1813 153 1859 hoc
175 1813 292 1856 enim
310 1811 442 1857 sensit
463 1812 540 1873 qui
560 1811 868 1871 interpretatus
891 1820 978 1856 est:
1008 1831 1028 1854 «
1054 1814 1111 1856 Ut
1127 1822 1378 1872 operaretur
1396 1835 1407 1872 3
1432 1833 1453 1857 »

69 1900 126 1929 an
139 1883 343 1928 eumdem
356 1882 605 1943 paradisum
627 1883 809 1942 operari,
829 1883 876 1926 id
896 1892 975 1938 est,
993 1892 1044 1926 ut
1059 1884 1191 1928 homo
1210 1884 1457 1944 paradisum

68 1963 340 2015 operaretur,
373 1953 575 2012 ambigue
596 1962 747 1998 sonat:
772 1962 815 1997 et
835 1952 1010 1998 videtur
1029 1954 1164 2013 magis
1187 1956 1355 2015 exigere
1387 1956 1457 2002 lo-

65 2026 192 2075 -cutio
208 2060 221 2082 ‚
245 2035 297 2070 ut
316 2041 407 2070 non
433 2024 619 2080 dicatur,
640 2033 893 2085 operaretur
916 2024 1188 2085 paradisum,
1215 2027 1292 2072 sed
1312 2028 1359 2072 in
1379 2045 1460 2090 pa-

73 2096 231 2143 radiso.

67 2213 70 2216 .
112 2186 115 2189 ·
133 2170 234 2213 XX.
259 2170 572 2227 Verumtamen
593 2182 649 2210 ne
668 2165 783 2211 forte
802 2165 861 2211 sic
884 2165 1051 2212 dictum
1073 2168 1155 2221 sit;
1184 2188 1205 2212 «
1232 2171 1287 2214 Ut
1309 2186 1463 2230 opera-

70 2257 101 2287 ρ)
135 2247 256 2295 retur
277 2237 552 2298 paradisum,
586 2237 697 2281 sieut
717 2237 913 2297 superius
947 2237 1116 2283 dictum
1146 2248 1223 2284 est.
1261 2242 1350 2287 Nec
1373 2252 1464 2288 erat

69 2327 102 2355 .>›
135 2306 291 2367 homo,
309 2309 387 2371 qui
407 2317 659 2369 operaretur
678 2318 862 2367 terram,
883 2327 902 2351 »
926 2308 1107 2368 (eadem
1123 2310 1286 2372 quippe
1300 2307 1465 2359 locutio

78 2390 159 2439 est,
183 2381 352 2441 operari
372 2382 553 2436 terram,
579 2396 678 2442 quae
702 2380 870 2440 operari
892 2380 1193 2440 paradisum3)
1216 2384 1466 2443 ambiguam

76 2452 341 2497 sententiam
363 2451 420 2511 ad
439 2461 677 2512 utrumque
698 2459 945 2496 tractemus.
984 2452 1027 2497 Si
1056 2453 1173 2498 enim
1198 2470 1290 2501 non
1311 2465 1374 2501 est
1394 2471 1468 2501 ne·-

105 2556 113 2572 ¹
170 2552 288 2592 Gen.11‚
311 2548 362 2582 15.

1244 2611 1310 2649 27.
