1854 3219
414 185 495 224 348
848 197 882 225 s.
919 196 1148 226 Auens‘rrm
1182 199 1361 226 Brlscorr

409 272 586 317 massot,
618 263 695 308 etsi
730 273 889 308 nostrae
921 265 1161 309 infirmitati
1198 265 1366 325 assequi
1397 263 1467 308 vel
1495 264 1693 320 dillieile,
1726 267 1795 311 vel

406 333 670 391 impossibile
690 344 774 392 est3
792 344 939 379 utrum
959 337 1002 379 in
1026 335 1243 396 aliquibus
1260 334 1644 395 propinquioribus
1659 338 1794 382 causis

405 404 515 447 sicut
539 405 640 449 Levi
672 406 717 449 in
745 405 906 451 lumbis
929 408 1115 452 Abraliae
1143 408 1382 452 decimatus
1411 408 1525 464 est¹3
1550 422 1605 450 an
1634 407 1680 451 in
1704 409 1794 468 ipso

405 474 544 518 Adam
562 511 572 530 ,
606 476 650 519 in
674 493 763 537 quo
787 493 922 537 genus
956 479 1198 522 humanum
1229 487 1439 538 tanquam
1462 476 1705 521 radicaliter
1727 479 1795 523 in-

402 546 602 590 stitutum
628 557 719 605 est,
751 558 793 593 et
824 550 867 592 in
892 565 943 595 eo
965 551 1057 610 ipso
1089 560 1239 594 utrum
1264 550 1357 609 jam
1379 563 1480 593 cum
1502 547 1557 592 de
1579 547 1684 593 limo
1703 549 1794 594 for-

398 626 543 661 matus
566 628 674 663 esset
691 655 701 675 ,
728 635 782 664 an
801 636 901 665 cum
920 621 1146 666 causaliter
1163 621 1209 664 in
1227 619 1293 664 his
1311 619 1514 679 operibus
1536 618 1676 664 sactus
1693 636 1794 680 quae

399 689 560 732 creavit
579 690 723 734 onmia
746 691 897 749 simul,
925 709 978 736 an
1003 708 1106 737 vero
1130 701 1230 736 ante
1255 706 1430 735 omnem
1455 691 1601 750 potius
1623 701 1794 735 ereatu-

398 773 489 802 ram
505 794 515 813 ,
533 759 643 804 sieut
665 760 797 821 elegit
817 771 861 807 et
883 762 1208 823 praedeStinavit
1221 771 1390 806 sanctos
1406 776 1506 806 suos
1525 770 1624 805 ante
1637 760 1792 806 mundi

397 831 754 876 constitutionem
773 836 818 891 '23
857 849 913 877 an
946 834 1090 893 potius
1125 834 1170 877 in
1203 832 1408 877 omnibus
1444 830 1792 892 praecedentibus

395 914 533 944 causls
556 921 563 945 :
587 901 674 946 sive
696 918 803 963 quas
834 904 1195 958 commemoravi,
1223 903 1310 947 sive
1338 918 1446 964 quas
1479 918 1569 946 non
1598 917 1791 946 comme-

393 972 579 1027 moravi,
612 973 730 1033 prius
758 991 890 1035 quam
920 976 965 1019 in
994 984 1120 1020 utero
1153 974 1439 1032 formaretur,
1473 989 1564 1018 non
1599 974 1790 1018 arbitror

391 1042 686 1102 scrupulosius
709 1047 847 1106 quaeri
881 1057 1108 1107 oportere,
1143 1045 1386 1091 dummodo
1419 1046 1652 1090 Jeremiam
1682 1060 1790 1090 con-

391 1122 496 1169 stet,
523 1132 574 1159 ex
601 1133 690 1176 quo
711 1127 774 1162 est
805 1118 850 1161 in
879 1119 958 1163 hac
986 1119 1084 1163 luce
1107 1134 1130 1162 a
1156 1117 1409 1178 parentibus
1431 1116 1573 1160 editus
1589 1151 1600 1172 ,
1636 1131 1688 1160 cx
1711 1116 1786 1161 illo

390 1186 525 1244 egisse
546 1188 681 1231 vitam
704 1190 924 1249 propriam
940 1226 951 1245 ,
987 1206 1075 1250 qua
1109 1189 1394 1248 grandescens
1418 1188 1557 1232 aetatis
1579 1203 1754 1232 accessu
1768 1224 1781 1245 ‚

388 1267 531 1315 posset
552 1258 696 1303 vivere
720 1259 808 1304 sive
825 1260 938 1305 male
960 1261 1049 1305 sive
1067 1261 1200 1319 bene,
1227 1269 1354 1304 antea
1366 1274 1469 1304 vero
1486 1258 1610 1303 nullo
1630 1260 1780 1316 modo,

387 1343 477 1371 non
498 1327 640 1373 solum
667 1330 786 1390 prius
807 1347 941 1392 quam
970 1332 1015 1376 in
1038 1341 1164 1376 utero
1187 1330 1464 1386 formaretur,
1488 1329 1565 1375 sed
1587 1345 1667 1374 nee
1691 1331 1783 1390 jam

389 1398 447 1441 ibi
477 1398 687 1444 formatus
717 1411 953 1462 antequam
982 1411 1124 1447 natus.
1159 1405 1311 1463 Neque
1340 1402 1456 1446 enim
1486 1401 1620 1445 habet
1645 1399 1781 1445 ullam

385 1471 711 1516 cunctationem
740 1472 975 1532 apostoliea
1005 1471 1079 1517 illa
1100 1473 1314 1517 sententia
1335 1472 1390 1516 de
1414 1471 1593 1530 geminis
1615 1471 1661 1514 in
1688 1474 1779 1516 Re-

386 1540 529 1585 beccae
554 1551 677 1587 utero
696 1542 897 1587 nondum
920 1543 1151 1602 agentibus
1173 1542 1341 1604 aliquid
1364 1543 1470 1588 boni
1493 1551 1570 1586 aut
1592 1540 1737 1586 maliss.

442 1614 539 1656 XV.
576 1615 663 1658 Nee
703 1622 849 1657 tamen
883 1612 1043 1657 frustra
1078 1614 1288 1673 seriptum
1317 1622 1380 1658 est
1398 1649 1409 1669 ,
1448 1628 1528 1657 nee
1564 1612 1780 1657 infantem

383 1682 599 1727 mundum
620 1700 709 1728 esse
729 1700 751 1728 a
768 1693 963 1744 peceato,
978 1686 1046 1744 cuj
1055 1700 1102 1728 us
1121 1693 1184 1728 est
1198 1685 1327 1727 unius
1347 1683 1433 1728 diei
1449 1684 1537 1728 vita
1553 1699 1683 1743 super
1697 1693 1782 1728 ter-

382 1769 471 1798 ram
486 1755 522 1798 ⁴:
547 1764 589 1798 et
605 1754 715 1799 illud
730 1755 775 1798 in
794 1754 985 1799 Psalmo:
1008 1757 1138 1814 «Ego
1155 1754 1201 1798 in
1218 1754 1521 1815 iniquitatibus
1538 1765 1775 1815 conceptus

384 1843 404 1865 »
440 1840 558 1880 sum,
586 1835 629 1869 et
645 1826 689 1869 in
707 1827 894 1885 peccatis
917 1835 1054 1870 mater
1077 1841 1172 1870 mea
1194 1841 1265 1869 me
1288 1826 1333 1869 in
1357 1834 1482 1870 utero
1505 1825 1636 1870 aluit⁵
1658 1846 1667 1871 ε
1688 1845 1707 1867 »
1733 1837 1777 1871 et

379 1895 501 1955 quod
522 1896 565 1939 in
588 1895 729 1940 Adam
751 1912 902 1941 omnes
924 1897 1188 1951 moriuntur,
1215 1897 1260 1940 in
1282 1912 1370 1957 quo
1395 1912 1545 1942 omnes
1567 1912 1777 1957 peecave-

381 1969 525 2011 runt0.
548 1970 673 2013 Nune
692 1977 838 2012 autem
860 1968 1029 2029 liquido
1048 1978 1293 2024 teneamus,
1316 1968 1526 2030 quaelibet
1543 1978 1775 2029 parentum

380 2040 530 2083 merita
557 2040 826 2100 trajiciantur
841 2041 888 2083 in
910 2040 1078 2101 prolem
1097 2056 1388 2101 quaecumque
1411 2041 1545 2100 gratia
1564 2041 1641 2085 Dei
1655 2051 1775 2086 antc-

377 2126 510 2170 quam
534 2120 736 2155 nascatur
758 2126 978 2172 quemque
1001 2113 1265 2167 sanctificet,
1292 2127 1372 2156 nec
1390 2112 1667 2172 iniquitatem
1685 2129 1774 2157 esse

379 2180 497 2240 apud
524 2185 664 2226 Deum
679 2218 690 2237 ,
723 2198 803 2227 nec
829 2182 933 2227 boni
956 2182 1113 2227 malive
1135 2198 1260 2242 agere
1282 2198 1550 2243 quemquam
1572 2183 1694 2244 quod
1718 2185 1774 2229 ad

376 2253 596 2312 propriam
614 2269 843 2313 personam
861 2255 1096 2314 pertineat,
1117 2264 1352 2315 antequam
1371 2264 1498 2298 natus
1519 2263 1596 2299 est.
1626 2254 1770 2299 Illam-

373 2340 460 2384 que
482 2326 741 2370 sententiam
762 2342 849 2386 qua
871 2326 1071 2370 nonnulli
1098 2336 1256 2386 putant
1284 2325 1387 2370 alibi
1411 2341 1608 2386 peccasse
1631 2327 1768 2386 magis

375 2397 606 2457 minusque
628 2398 791 2442 animas
807 2433 818 2453 ,
843 2407 887 2442 et
911 2413 989 2457 pro
1013 2398 1282 2443 diversorum
1304 2398 1466 2442 meritis
1488 2407 1768 2458 peecatorum

425 2501 432 2516 ¹
469 2495 551 2528 neb.
587 2507 643 2536 vu,
671 2507 703 2538 9.
733 2513 774 2519 —
803 2503 815 2518 ²
835 2496 949 2538 Ephes.
974 2508 1004 2535 1,
1029 2496 1130 2539 4.-
1153 2494 1166 2518 3
1186 2499 1276 2529 Rom.
1297 2507 1351 2538 ix,
1378 2508 1426 2530 11.
1455 2513 1492 2520 ·—-
1512 2495 1611 2529 4Job.
1640 2508 1711 2539 xiv,
1731 2496 1766 2539 4,

373 2551 462 2588 juxta
478 2554 613 2583 1.xx.'—-
633 2549 647 2574 5
673 2551 755 2584 Psal.
775 2551 854 2594 ι,,’;·.
883 2569 923 2575 -·
939 2550 953 2573 ‘5
971 2554 1061 2584 Rom.
1085 2564 1118 2593 v,
1138 2561 1188 2586 12.

1847 2266 1849 2271 .
1844 2134 1851 2255 ἐὰν..
1849 2123 1851 2127 ,
