1854 3219
414 200 494 239 468
837 216 870 240 s.
909 214 1135 242 Avensa-im
1170 216 1350 243 EPISCOP1

401 279 491 338 jam
513 280 615 321 sua?
644 280 747 322 Haec
763 293 836 337 per
856 280 1139 337 agricolarum
1165 297 1295 342 opera
1321 279 1572 335 didicimus,
1596 294 1695 323 cum
1716 277 1797 337 ipsi

406 359 620 393 creatores
639 349 845 393 arborum
863 350 984 395 nullo
1000 352 1130 396 modo
1149 362 1304 407 essent,
1330 352 1403 396 sed
1426 361 1593 396 naturae
1619 363 1796 395 cursum

406 422 496 463 Deo
514 420 676 463 creanti
692 435 819 464 suum
838 421 1060 480 quoddam
1078 423 1274 467 ollicium
1292 423 1667 482 ministeriumque
1681 435 1795 480 prae-

406 488 575 533 berent.
613 491 902 551 Nequaquam
933 491 1049 535 enim
1083 493 1324 553 quidquam
1366 508 1443 552 per
1481 507 1633 537 eorum
1666 505 1797 550 opera

405 559 625 615 existeret,
658 561 692 604 si
723 562 806 605 hoc
837 562 881 605 in
904 562 980 606 Dei
1009 578 1152 623 operm
1184 563 1338 607 intima
1365 572 1534 607 naturae
1569 562 1677 607 ratio
1706 576 1796 605 non

404 630 599 675 liaberet.
638 631 753 684 Quid
783 647 885 690 ergo
908 632 1066 677 mirum
1085 669 1095 689 ,
1119 634 1153 678 si
1175 634 1397 678 hominem
1419 649 1470 677 ex
1492 649 1583 678 osse
1607 631 1796 677 hominis

403 701 562 746 factam
582 718 671 746 non
692 704 913 759 novimus,
935 705 1112 765 quando
1130 706 1293 750 creanti
1312 709 1402 750 Deo
1421 703 1795 767 quemadmodum

403 773 559 832 Angeli
587 775 773 818 serviant
802 775 1080 834 ignoramus:
1109 777 1187 837 qui
1216 792 1295 820 nec
1322 777 1523 822 arborem
1550 793 1601 821 ex
1629 775 1795 820 arboris

402 844 577 889 surculo
600 847 645 888 in
668 845 824 890 robore
847 845 987 890 alieno
1006 845 1166 891 factam
1184 863 1307 892 nosse
1328 863 1572 908 possemus,
1599 847 1632 891 si
1652 856 1695 890 et
1717 846 1795 890 ista

404 918 493 960 Deo
528 916 663 960 creari
695 916 1069 977 quemadmodum
1100 917 1300 976 agricolae
1334 919 1552 975 serviant,
1598 916 1794 962 similiter

402 988 696 1032 nesciremus?

459 1061 600 1102 XXX.
633 1058 764 1105 Nullo
795 1058 927 1104 modo
956 1068 1103 1103 tamen
1131 1058 1384 1104 dubitamus
1420 1069 1463 1104 et
1492 1059 1722 1104 hominum
1752 1067 1795 1104 et

399 1130 606 1174 arborum
626 1131 797 1174 nonnisi
820 1134 959 1175 Deum
981 1146 1070 1174 esse
1093 1133 1366 1186 Creatorem,
1400 1130 1674 1191 fideliterque
1697 1147 1793 1175 crc-

399 1200 541 1245 dimus
562 1202 721 1246 factam
744 1200 972 1245 foeminam
995 1217 1046 1245 ex
1067 1202 1160 1246 viro
1175 1237 1185 1257 ,
1211 1202 1335 1247 nullo
1358 1202 1674 1246 interveniente
1693 1218 1795 1247 con-

400 1273 555 1318 cubitu
576 1308 586 1327 ,
629 1272 795 1317 etiamsi
832 1271 942 1316 forte
973 1282 1092 1317 costa
1124 1273 1312 1317 hominis
1353 1273 1596 1318 ministrata
1634 1273 1687 1317 sit
1717 1287 1794 1332 per

399 1343 590 1403 Angelos
611 1344 658 1387 in
675 1359 804 1403 opere
822 1342 1037 1388 Creatoris
1060 1362 1068 1387 :
1093 1343 1203 1387 sicut
1219 1342 1405 1387 fideliter
1423 1343 1640 1387 credimus
1662 1343 1792 1387 etiam

398 1416 541 1460 virum
564 1415 730 1460 factum
753 1430 803 1458 ex
826 1413 1005 1458 foemina
1032 1413 1155 1458 nullo
1178 1414 1494 1459 interveniente
1521 1414 1763 1459 concubitu
1777 1449 1788 1469 ,

399 1502 501 1532 cum
526 1502 672 1531 semen
695 1486 884 1530 Abrahsc
907 1486 1166 1545 dispositum
1192 1495 1255 1530 est
1275 1501 1352 1545 per
1375 1485 1565 1544 Angelos
1590 1486 1636 1529 in
1657 1501 1792 1530 manu

397 1557 646 1602 mediatoris
664 1560 693 1599 ¹.
716 1559 960 1615 Utrumque
978 1555 1229 1599 infidelibus
1252 1556 1507 1600 incredibile
1525 1565 1589 1600 est
1611 1575 1619 1601 :
1645 1556 1790 1600 fideli-

397 1630 479 1673 bus
495 1638 641 1672 autem
664 1642 742 1671 cur
764 1626 820 1670 ad
837 1626 897 1669 rei
921 1635 1050 1684 gestfe
1068 1626 1376 1685 proprietatem
1395 1627 1516 1687 quod
1539 1627 1593 1671 de
1616 1627 1791 1672 Christo

396 1698 562 1743 factum
591 1707 674 1752 est,
701 1706 744 1740 et
767 1705 935 1739 tantum
959 1694 1012 1739 ad
1035 1696 1264 1753 figuratam
1287 1696 1650 1754 significationem
1670 1697 1791 1757 quod

396 1770 451 1814 de
474 1773 562 1813 Eva
581 1768 792 1827 scriptum
814 1776 877 1810 est
902 1765 1109 1811 credibile
1134 1767 1359 1811 videatur?
1381 1770 1450 1811 An
1471 1783 1574 1812 vero
1597 1769 1688 1812 sine
1711 1785 1790 1812 cu-

388 1842 596 1901 jusquam
611 1838 851 1884 concubitu
872 1837 937 1880 vir
959 1853 1010 1880 ex
1031 1835 1212 1881 foemina
1230 1839 1322 1882 fieri
1340 1839 1484 1898 potuit
1499 1874 1509 1894 ,
1536 1838 1715 1883 foemina
1738 1855 1788 1883 cx

394 1911 487 1957 viro
505 1927 593 1955 non
612 1909 781 1969 potuit,
809 1917 852 1951 et
871 1906 1092 1966 virginalis
1111 1917 1260 1952 uterus
1282 1908 1400 1952 unde
1422 1909 1488 1953 vir
1514 1909 1637 1953 fieret
1652 1909 1788 1953 habe-

394 1983 491 2036 bat,
511 1980 635 2025 virile
657 1989 804 2023 autem
821 1978 934 2023 latus
958 1978 1076 2022 unde
1100 1977 1281 2022 foemina
1305 1979 1429 2023 fieret
1455 1995 1545 2024 non
1568 1978 1783 2034 habebat,

390 2069 493 2098 cum
521 2053 590 2096 hic
614 2051 823 2096 Dominus
847 2049 900 2094 de
924 2048 1087 2093 famula
1110 2058 1375 2104 nasceretur,
1408 2049 1470 2094 ibi
1493 2049 1548 2093 de
1567 2065 1690 2094 servo
1718 2049 1786 2094 fa-

390 2123 509 2168 mula
528 2123 818 2167 formaretur?
852 2124 1026 2165 Poterat
1056 2129 1100 2163 et
1133 2119 1343 2164 Dominus
1373 2135 1549 2164 carnem
1582 2135 1704 2164 suam
1729 2119 1784 2164 de

388 2205 506 2240 costa
523 2194 592 2239 vel
611 2193 666 2237 de
683 2192 829 2252 aliquo
847 2191 1044 2235 membro
1061 2190 1248 2249 Virginis
1265 2206 1431 2234 creare:
1452 2190 1527 2234 sed
1545 2191 1621 2251 qui
1638 2200 1784 2250 posset

386 2265 614 2311 ostendere
629 2263 674 2306 in
694 2277 872 2319 corpore
885 2277 962 2305 suo
976 2261 1058 2305 hoc
1073 2277 1116 2304 se
1130 2260 1289 2305 iterum
1306 2260 1455 2305 fecisse
1473 2260 1595 2321 quod
1611 2260 1780 2305 factum

386 2347 475 2392 est,
507 2334 656 2380 utilius
691 2334 737 2377 in
768 2333 915 2377 matris
945 2347 1125 2392 corpore
1159 2330 1348 2376 ostendit
1382 2331 1492 2375 nihil
1517 2330 1780 2392 pudendum

387 2424 478 2454 esse
495 2406 617 2468 quod
639 2414 805 2450 castum
821 2413 899 2449 est.

436 2515 445 2531 ¹
460 2506 528 2541 Gal.
550 2517 600 2549 m,
623 2517 674 2548 ¹9·
694 2514 714 2538 2
728 2507 872 2538 Reti-act.
893 2513 965 2546 cap.
986 2512 1073 2544 xxiv,
1094 2511 1125 2533 n.
1144 2509 1174 2533 2.
