1854 3219
320 234 376 262 DE
407 232 558 261 GENESI
591 230 646 258 Λι)
677 228 923 269 mer-raum,
959 232 1041 258 Lm.
1078 232 1139 258 vr.
1354 219 1438 258 345

55 316 141 362 que
161 299 429 360 temporibus
457 312 628 352 creans,
661 296 788 340 finxit
809 311 910 339 eum
939 295 999 340 de
1023 295 1128 341 limo
1152 304 1299 352 terrae,
1325 305 1368 340 et
1390 311 1441 340 ex

54 374 145 433 ejus
162 385 255 415 osse
274 368 526 426 mulierem3
549 382 652 411 nam
673 381 753 410 nec
774 366 857 411 isto
878 366 1011 412 modo
1034 382 1106 411 eos
1126 366 1202 411 illo
1230 375 1348 411 sexto
1369 366 1441 411 die

56 442 192 486 iactos
208 477 219 498 ,
240 456 320 485 nec
341 449 488 483 tamen
509 453 580 483 eos
600 436 676 483 illo
698 446 818 483 sexto
837 437 907 482 die
929 453 1020 482 non
1043 437 1179 483 factos
1200 438 1443 498 intelligere

59 512 279 573 Scriptura
299 509 526 571 permittit.

60 667 1153 689 mmmmmmmmwwmmmmwm
1159 667 1441 684 m¹mwwm

562 790 780 840 CAPUT
816 791 933 840 VII.

59 936 174 983 Diei
199 951 295 982 non
314 951 457 996 posse
480 936 673 981 animas
686 936 822 995 prius
843 944 1036 981 creatas
1056 951 1203 993 quam
1220 950 1444 995 corpora.

117 1074 220 1116 XII.
238 1075 384 1116 Fon-113
395 1086 497 1130 ergo
514 1072 669 1116 animae
686 1087 838 1117 eorum
855 1081 973 1116 sexto
991 1071 1061 1116 die
1072 1071 1148 1116 illo
1164 1070 1288 1115 factae
1306 1080 1445 1125 erant,

58 1142 136 1187 ubi
156 1152 200 1187 et
226 1144 317 1203 ipsa
337 1143 479 1201 imago
507 1142 585 1187 Dei
608 1151 723 1186 recte
752 1142 1010 1201 intelligitur
1033 1142 1077 1185 in
1112 1141 1266 1201 spiritu
1290 1141 1448 1185 mentis

59 1229 233 1270 eorum,
263 1223 314 1258 ut
342 1223 492 1274 postea
523 1228 704 1272 corpora
737 1212 1059 1257 formarentur?
1084 1210 1168 1256 Sed
1201 1227 1344 1272 neque
1366 1213 1450 1255 hoc

59 1285 235 1331 credere
262 1286 415 1331 eadem
444 1287 664 1346 Scriptura
690 1286 917 1346 permittit.
953 1286 1097 1330 Primo
1124 1294 1303 1345 propter
1331 1284 1450 1328 illam

60 1373 241 1417 operum
254 1358 675 1402 consummationem
692 1374 815 1417 3quae
830 1374 919 1402 non
935 1357 1061 1402 video
1075 1356 1298 1417 quomodo
1315 1356 1450 1416 possit

59 1427 269 1488 intelligi,
292 1429 326 1472 si
353 1427 493 1472 defuit
515 1427 679 1488 aliquid
700 1438 805 1472 tunc
828 1444 919 1472 non
943 1428 1172 1472 causaliter
1192 1427 1419 1472 conditum
1437 1463 1448 1482 ,

60 1498 181 1560 quod
197 1508 345 1559 postea
367 1498 593 1544 visibiliter
610 1499 885 1544 conderetur.
909 1500 1077 1544 Deinde
1093 1502 1195 1561 quia
1215 1516 1338 1545 sexus
1362 1502 1453 1561 ipse

59 1569 241 1614 masculi
253 1578 296 1613 et
310 1568 504 1614 foeminae
518 1570 598 1613 nisi
614 1570 659 1613 in
671 1570 927 1630 corporibus
941 1585 1029 1614 esse
1044 1586 1133 1615 non
1143 1580 1299 1630 potest.
1323 1569 1453 1624 Quod

61 1641 96 1685 si
123 1640 353 1701 quisquam
374 1639 618 1685 secundum
647 1639 921 1685 intellectum
943 1650 986 1685 et
1008 1642 1222 1685 actionem
1244 1650 1454 1702 tanquam

63 1720 302 1772 utrumque
323 1727 475 1756 sexum
495 1712 542 1755 in
570 1728 658 1756 una
687 1712 831 1757 anima
864 1712 1168 1772 accipiendum
1203 1713 1451 1773 putaverit,

62 1782 170 1843 quid
194 1781 324 1827 faciet
345 1781 401 1826 de
423 1783 490 1826 his
513 1799 613 1843 quae
642 1783 697 1826 ad
726 1799 866 1827 escam
899 1787 1012 1827 Deus
1038 1784 1132 1842 ipso
1154 1783 1226 1828 die
1248 1783 1368 1827 dedit
1401 1782 1456 1827 de

62 1853 282 1913 lignorum
300 1852 516 1898 fructibus
530 1856 560 1909 ¹,
586 1869 686 1914 quae
702 1854 782 1897 nisi
802 1853 969 1897 homini
986 1853 1168 1897 habenti
1190 1869 1346 1913 corpus
1367 1870 1457 1898 non

62 1925 216 1984 utique
233 1939 427 1983 congrua
443 1925 535 1968 est?
550 1926 659 1970 Nam
673 1923 707 1968 si
721 1933 764 1968 et
780 1924 893 1967 hanc
911 1939 1052 1967 escam
1066 1924 1249 1982 figurate
1263 1925 1457 1983 accipere

63 1995 295 2056 quisquam
311 1994 516 2049 voluerit,
537 1994 711 2039 recedet
729 2011 751 2039 a
767 1994 1031 2054 proprietate
1053 2010 1199 2038 rerum
1217 2005 1453 2053 gestarum,

64 2081 163 2126 quae
183 2065 384 2124 primitus
410 2065 458 2108 in
484 2064 737 2125 hujusmodi
765 2064 1082 2110 narrationibus
1109 2065 1228 2110 omni
1253 2065 1457 2110 observa-

66 2136 185 2181 tione
202 2135 431 2181 fundanda
448 2145 527 2181 est.

117 2239 126 2255 ¹
154 2233 233 2265 Geri.
254 2243 279 2274 1,
297 2241 352 2276 29.
