1854 3219
412 154 494 193 378
810 162 843 190 s.
879 162 1111 193 AUGUSTINI
1143 165 1323 193 EPISCOPI

408 246 522 284 sere,
547 227 770 289 quomodo
806 229 1026 274 rationalis
1058 232 1180 275 erat?
1203 229 1333 284 Quod
1361 229 1396 274 si
1435 238 1540 274 tunc
1580 229 1802 274 rationalis

409 301 522 347 facta
544 310 624 356 est,
643 316 744 345 cum
764 315 813 344 ex
833 299 905 345 illa
927 303 1105 346 materie
1120 312 1275 347 natura
1294 303 1499 346 humanae
1517 301 1673 345 animae
1689 301 1804 347 facta

409 383 500 430 θεὶς
524 371 782 416 irrationalis
805 387 906 430 ergo
927 373 1015 418 vita
1036 374 1235 418 materies
1262 383 1354 418 erat
1376 372 1532 417 animae
1553 371 1775 417 rationalis
1789 409 1800 428 ‚

409 445 454 489 id
476 454 561 497 est,
588 445 824 488 humanae?
846 444 962 498 Quid
985 461 1088 505 ergo
1110 446 1223 490 inter
1250 446 1371 490 illam
1392 444 1649 505 pecorisque
1669 445 1806 490 dista-

408 517 513 560 bat?
534 519 604 561 An
626 515 845 560 rationalis
872 525 964 560 erat
981 518 1072 577 jam
1099 516 1409 576 possibilitate,
1434 515 1634 560 nondum
1665 514 1806 561 facul-

411 590 529 632 tate?
563 587 607 633 Si
640 587 758 631 enim
791 587 989 633 videmus
1021 587 1268 632 infantilem
1298 587 1511 644 animam,
1533 588 1626 648 jam
1651 588 1806 648 utique

409 658 597 703 hominis
627 658 838 713 animam,
864 658 1063 704 nondum
1086 658 1265 719 coepisse
1289 658 1354 702 uti
1377 658 1568 713 ratione,
1593 667 1638 702 et
1658 666 1807 702 tamen

411 744 508 773 eam
525 728 780 773 rationalem
803 727 986 775 dicimus
1004 751 1014 788 3
1041 745 1118 774 cur
1140 745 1232 774 non
1253 727 1456 773 credatur
1477 728 1600 774 sicin
1621 727 1696 773 illa
1713 743 1807 773 ma-

411 801 533 854 terie,
549 799 604 844 de
619 816 707 860 qua
723 799 837 844 faeta
855 810 919 845 est
937 801 1097 856 anima,
1118 801 1318 861 quietum
1339 800 1471 846 fuisse
1487 809 1659 845 motum
1673 800 1805 845 etiam

410 871 647 927 sentiendi,
673 872 784 916 sicut
807 872 853 916 in
875 873 955 917 ista
978 871 1192 928 infantili,
1212 889 1311 933 quae
1329 875 1421 935 jam
1441 881 1558 916 certe
1583 872 1725 917 anima
1742 880 1806 916 est

410 943 614 1000 hominis,
635 944 809 1004 quietus
832 954 897 990 est
927 943 1070 990 adhuc
1098 954 1244 991 motus
1261 944 1564 990 ratiocinandi.

412 1123 513 1139 ᾹΊΣἮΊΝ
519 1123 587 1140 *MA
592 1123 742 1140 ΎΙΜΝἏῚΧ
745 1124 795 1140 vt&
798 1124 868 1140 ’νυνὶ
874 1124 940 1140 ww!
944 1123 1012 1140 m&
1016 1124 1083 1140 &EM
1086 1123 1227 1140 ωννννὶ
1230 1124 1298 1140 &MR
1303 1124 1441 1141 mvtm
1444 1124 1512 1140 ΜΝἱ
1516 1123 1584 1141 ΝΛΜ
1587 1124 1656 1141 ΝΛΜ
1660 1124 1729 1141 &W
1732 1124 1802 1142 ΜΜ

917 1264 1140 1311 CAPUT
1178 1265 1305 1310 VIII.

408 1427 796 1491 Beatamficisse
828 1429 1083 1475 materiem
1120 1427 1258 1473 illam
1278 1427 1473 1474 admitte·
1501 1442 1598 1473 non
1624 1436 1800 1488 potest.

467 1582 548 1624 XI.
572 1582 674 1625 ΝΛΜ
693 1580 725 1623 si
734 1581 825 1641 jam
844 1579 969 1623 beata
989 1588 1081 1623 erat
1096 1578 1185 1623 vita
1207 1578 1262 1622 de
1283 1594 1371 1639 qua
1394 1578 1507 1622 facta
1530 1586 1594 1622 est
1615 1576 1803 1622 hominis

406 1651 550 1696 anima
567 1687 577 1706 ‚
604 1651 794 1695 deterius
817 1665 918 1709 ergo
939 1649 1053 1695 facta
1080 1659 1144 1694 cst
1159 1686 1170 1705 ‚
1201 1659 1245 1694 et
1266 1648 1365 1694 ideo
1388 1665 1477 1693 non
1492 1650 1584 1710 jam
1607 1647 1681 1692 illa
1708 1664 1803 1693 ma-

407 1724 533 1767 teries
555 1723 708 1783 hujus,
734 1721 810 1767 sed
831 1721 944 1767 illius
959 1723 1036 1767 ista
1056 1721 1248 1766 defluxio
1271 1731 1349 1766 est.
1373 1724 1484 1766 Nam
1502 1721 1701 1765 materies
1725 1719 1804 1764 ali-

408 1811 495 1855 qua
514 1810 616 1839 cum
644 1793 859 1839 formatur
876 1793 1118 1853 praesertim
1140 1809 1164 1837 a
1185 1796 1294 1847 Deo,
1320 1792 1365 1835 in
1379 1791 1534 1836 melius
1556 1792 1647 1836 sine
1669 1790 1802 1835 dubi-

407 1866 573 1910 tatione
594 1864 823 1910 formatur.
849 1864 933 1910 Sed
962 1863 1130 1908 etiamsi
1151 1864 1409 1924 cujusquam
1429 1863 1475 1907 in
1501 1861 1645 1924 aliqua
1666 1861 1805 1906 beati-

407 1936 562 1980 tudine
598 1936 726 1980 faetae
749 1951 773 1980 a
801 1939 891 1979 Deo
923 1935 1023 1978 vitae
1046 1934 1237 1978 defluxio
1266 1934 1409 1977 anima
1442 1933 1633 1977 humana
1659 1942 1805 1993 posset

406 2006 606 2066 intelligi,
627 2022 707 2050 nee
729 2007 787 2050 sie
805 2004 1024 2050 credenda
1047 2014 1138 2049 erat
1161 2020 1250 2049 esse
1267 2004 1449 2064 coepisse
1467 2004 1513 2048 in
1531 2004 1678 2065 aliquo
1702 2012 1804 2048 actu

404 2079 659 2122 meritorum
694 2093 894 2132 suorum,
930 2077 1010 2120 nisi
1045 2092 1096 2119 ex
1128 2092 1217 2137 quo
1246 2077 1468 2136 propriam
1502 2076 1640 2136 eoepit
1672 2090 1800 2134 agere

403 2150 553 2203 vitam,
581 2148 688 2192 dum
706 2148 848 2192 anima
870 2148 985 2192 faeta
1008 2156 1071 2191 est
1094 2147 1290 2191 animans
1313 2162 1505 2201 carnem,
1531 2156 1574 2190 et
1595 2148 1688 2207 ejus
1703 2162 1802 2190 sen-

401 2220 519 2263 sibus
542 2219 662 2263 velut
685 2220 847 2263 nuntiis
872 2228 1012 2273 utens,
1039 2227 1172 2279 atque
1194 2218 1240 2261 in
1263 2232 1307 2262 se
1332 2218 1421 2276 ipsa
1443 2232 1488 2261 se
1514 2216 1662 2262 vivere
1699 2232 1802 2261 sen-

404 2291 514 2334 tiens
535 2305 610 2334 sua
630 2290 879 2345 voluntate7
907 2288 1155 2344 intellectu,
1182 2288 1404 2332 memoria.
1439 2288 1481 2332 Si
1505 2288 1621 2331 enim
1642 2297 1705 2332 est
1723 2287 1802 2332 ali-

400 2361 529 2423 quid,
555 2363 673 2405 unde
693 2363 816 2406 istam
845 2361 1141 2405 defluxionem
1159 2359 1358 2404 formatae
1383 2360 1503 2404 carni
1526 2363 1640 2404 Deus
1662 2360 1800 2420 inspi-

402 2443 530 2489 raret,
546 2443 755 2494 tauquam
770 2433 987 2478 sufflando
1007 2434 1193 2477 animam
1208 2431 1384 2488 faciens,
1398 2431 1603 2493 idemque
1618 2432 1696 2476 bea
1704 2442 1798 2477 tum

400 2514 478 2555 est,
495 2504 762 2549 nullomodo
780 2514 997 2553 movetur„
1016 2514 1090 2549 aut
1108 2513 1317 2559 mutatur⁷
1336 2513 1413 2548 aut
1431 2503 1589 2548 amittit
1610 2503 1792 2563 aliquid„
