1854 3219
200 222 254 250 m:
286 220 437 249 GENEsr
470 217 525 247 An
556 216 796 258 nra-Eum,
831 218 1122 248 IMPERFECTUS
1157 220 1240 248 Lm.
1337 209 1418 248 123

39 302 140 348 quae
163 295 315 332 eontra
335 294 536 330 naturam
556 292 680 341 sunt,
703 284 780 329 sed
800 294 1014 345 quantum
1037 286 1091 330 ad
1112 286 1223 346 ipsas
1245 295 1420 331 naturas

0 384 5 388 ·
40 358 217 414 attinet,
252 361 392 403 Deum
422 372 511 402 esse
539 365 761 401 auctorem
789 365 832 400 et
857 356 1126 402 conditorem
1152 358 1420 402 credendum

39 438 125 488 est3
149 427 405 489 nullamque
426 427 604 473 omnino
628 443 717 472 esse
734 436 998 483 creaturam,
1021 444 1124 488 ‘quae
1145 444 1236 473 non
1259 429 1312 473 ab
1328 429 1422 489 ipso

38 501 213 546 initium
224 499 623 561 perfectionemque
636 500 796 545 habeat
808 500 976 559 generis
990 509 1033 545 et
1047 500 1300 545 substantiae
1313 516 1418 564 snae.

36 658 1030 681 mmmmmumwukunmmm
1035 659 1384 676 mmmmm}
1390 660 1418 675 νὶ

595 801 814 852 CAPUT
850 804 910 852 V.

35 957 115 1006 De
155 956 401 1005 versic-alis
442 964 467 1004 3
505 968 553 1004 et
592 964 618 1004 4
669 958 926 1005 Geneseos.
961 985 1020 994 —-
1070 959 1181 1005 Lux
1221 959 1419 1021 trz'pleoe‚

109 1028 615 1089 aetlzerea„sensaalis
647 1040 693 1076 et
714 1030 986 1077 rationalis.
1007 1058 1066 1067 —
1086 1031 1196 1077 Lux
1216 1030 1346 1092 quid.

93 1203 216 1246 XIX.
246 1220 267 1244 «
297 1203 362 1246 ΕΤ
391 1200 500 1245 dixit
526 1204 672 1246 Deus:
698 1201 796 1246 Fiat
822 1201 920 1257 lux,
960 1210 1003 1245 et
1035 1199 1150 1246 sacta
1181 1211 1245 1246 est
1278 1201 1370 1246 lux.
1400 1220 1419 1243 »

34 1275 176 1320 Deum
188 1272 343 1317 dixisse
358 1291 367 1318 z
389 1273 517 1316 «Fiat
533 1271 660 1328 lux»,
679 1288 768 1317 non
781 1271 835 1316 de
848 1287 970 1328 voce,
987 1272 1270 1332 pulmonibus
1289 1272 1420 1329 edita,

35 1359 116 1393 nec
138 1343 287 1401 lingua
309 1352 352 1387 et
373 1342 579 1387 dentibus
601 1343 794 1402 accipere
812 1342 1037 1387 debemus.
1055 1342 1308 1388 Carnalium
1322 1353 1424 1389 sunt

34 1415 128 1460 istae
151 1413 434 1473 cogitationes
456 1432 464 1459 ε
490 1412 732 1458 secundum
755 1422 902 1457 autem
925 1428 1100 1457 carnem
1115 1429 1263 1473 sapere
1278 1450 1289 1469 ,
1307 1430 1423 1460 mors

34 1494 112 1535 est.
139 1483 223 1530 Sed
242 1482 523 1528 ineffabiliter
546 1482 713 1528 dictum
739 1492 824 1528 est:
854 1502 874 1525 «
895 1482 1095 1527 Fiatlux.
1124 1502 1144 1524 >›
1173 1486 1327 1529 Utrum
1345 1501 1424 1530 au-

33 1565 122 1604 tem
142 1556 227 1600 hoc
248 1553 371 1615 quod
391 1553 558 1599 dictum
579 1562 642 1599 est
655 1589 667 1610 ‚
688 1553 799 1598 Filio
819 1554 1046 1614 unigenito
1063 1554 1231 1600 dictum
1254 1565 1340 1612 est,
1367 1573 1423 1601 an

32 1625 221 1688 idipsum
248 1625 370 1686 quod
398 1624 566 1669 dictum
596 1633 681 1681 est,
723 1624 860 1669 Filius
893 1625 1146 1685 unigenitus
1175 1636 1265 1683 est,
1302 1628 1423 1688 quod

32 1696 200 1744 dictum
221 1697 299 1743 Dei
316 1698 514 1742 Verbum
536 1697 712 1754 dicitur⁷
733 1714 810 1758 per
831 1698 953 1758 quod
970 1698 1084 1744 facta
1107 1710 1209 1744 sunt
1231 1702 1418 1758 omnia1‚

32 1770 170 1830 quaeri
190 1778 333 1829 potest
353 1789 362 1813 z
388 1768 496 1813 dum
518 1778 665 1814 tamen
688 1768 761 1814 illa
783 1770 896 1814 absit
916 1771 1135 1831 impietas,
1160 1782 1210 1817 ut
1227 1773 1422 1817 Verbum

32 1840 111 1885 Dei
145 1840 421 1898 unigenitum
447 1839 632 1896 Filium,
664 1841 787 1901 quasi
808 1856 960 1886 vocem
990 1842 1203 1902 prolatam
1220 1878 1231 1898 ,
1265 1844 1376 1888 sicut
1398 1862 1421 1889 a

31 1911 158 1960 nobis
180 1912 255 1967 fit,
287 1927 377 1956 esse
409 1911 651 1956 credamus.
678 1912 875 1957 Verbum
899 1923 1046 1958 autem
1067 1915 1168 1970 Dei,
1194 1931 1269 1975 per
1300 1916 1421 1976 quod

32 1981 147 2031 faeta
168 1991 271 2027 sunt
297 1982 442 2027 omnia
457 2018 468 2038 ‚
494 1999 576 2028 nec
602 1983 737 2043 eoepit
760 1999 850 2028 esse
866 2020 877 2039 ‚
908 1999 988 2028 nec
1017 1984 1208 2043 desinet3
1233 1986 1309 2030 sed
1332 1987 1421 2030 sine

32 2054 307 2104 inchoatione
325 2063 477 2099 natum
490 2091 501 2109 ‚
520 2055 639 2099 Patri
656 2065 922 2100 coaeternum
943 2066 1021 2101 est.
1041 2059 1184 2110 Quare
1198 2058 1281 2102 hoc
1298 2057 1420 2118 quod

34 2125 200 2170 dictum
221 2135 308 2171 est:
337 2126 471 2171 «Fiat
490 2125 568 2170 lux
587 2144 627 2181 »‚
649 2127 739 2171 siet
759 2127 894 2186 coepit
915 2136 958 2171 et
973 2127 1139 2172 destitit
1156 2128 1241 2172 dici
1256 2164 1266 2183 ,
1285 2129 1421 2187 magis

34 2195 145 2242 Filio
165 2195 333 2242 dietum
353 2206 418 2241 est
437 2198 521 2242 hoc
544 2198 740 2243 Verbum
753 2233 763 2253 ‚
790 2213 923 2259 quam
945 2198 1087 2258 ipsum
1105 2208 1168 2243 est
1189 2198 1338 2244 Filius.
1364 2189 1433 2244 Et*

18 2266 178 2317 ‘tamen
199 2267 328 2312 etiam
348 2268 433 2313 hoc
449 2267 757 2314 ineffabiliter:
782 2284 863 2313 nee
890 2269 1072 2313 carnalis
1095 2270 1240 2329 imago
1263 2271 1418 2314 subre-

33 2337 168 2397 patin
187 2338 381 2383 animum
393 2374 404 2395 ‚
420 2348 464 2384 et
479 2338 753 2384 intellectum
775 2340 898 2400 pium
914 2340 1150 2400 spiritalem
1165 2342 1413 2385 conturbet.

34 2408 144 2462 Quia
174 2418 218 2453 et
246 2409 435 2469 incipere.
468 2410 634 2471 aliquid
667 2420 710 2454 et
742 2411 938 2455 desinere
979 2411 1023 2455 in
1059 2421 1214 2456 natura
1245 2410 1350 2467 Dei,
1384 2413 1418 2455 si

33 2479 204 2539 proprie
225 2480 476 2540 accipiatur,
493 2481 720 2526 temeraria
745 2490 789 2527 et
815 2497 1008 2542 praeceps
1030 2482 1178 2542 opinio
1199 2492 1264 2527 est
1290 2502 1298 2527 ;
1319 2498 1416 2526 car-

81 2581 92 2598 ¹
114 2577 204 2609 Joan.
231 2586 255 2617 ι,
278 2577 308 2608 3.
