1854 3219
331 221 385 247 DE
416 219 567 248 onusssr
600 217 654 247 An
686 218 930 258 LITTERAM,
964 221 1046 247 Lm.
1083 218 1124 246 v³
1337 207 1420 245 333

41 371 110 388 m
114 370 536 400 mmmmmm
540 370 1420 389 mmmmmwmwsmtmmmmmw

516 490 732 542 CAPUT
768 493 958 541 XXIII.

50 635 305 700 Quomodo
327 636 461 684 Deus
482 638 646 684 omnia
667 636 811 682 simul
838 639 1101 695 creaverit,
1127 645 1173 684 ec
1198 652 1325 684 nunc
1353 653 1430 683 us-

550 724 642 769 qae
674 716 908 768 operetur.

100 845 257 889 XLIV.
282 845 369 890 Nos
391 852 536 889 autem
552 878 563 900 ,
600 859 790 905 quorum
812 858 1000 903 gressus,
1039 860 1094 889 ne
1117 848 1163 890 in
1186 843 1306 889 illam
1333 859 1433 905 per-

41 915 288 960 versitatem
308 914 570 971 incidamus,
588 915 740 960 eadem
754 913 900 960 divina
914 915 1187 975 providentia
1208 931 1286 975 per
1308 930 1434 959 sanc-

42 994 132 1030 tam
146 985 412 1047 Scripturam
429 985 557 1045 regit,
574 1000 626 1030 ex
646 985 747 1046 ipsis
761 1002 938 1047 quoque
960 986 1164 1047 operibus
1180 986 1259 1032 Dei
1277 985 1432 1031 eodem

0 1072 3 1123 [
43 1057 276 1117 adjuvante
309 1057 514 1115 indagare
541 1072 751 1103 conemur
783 1057 862 1102 ubi
900 1058 995 1103 haee
1036 1057 1164 1102 simul
1198 1056 1431 1112 creaverit,

42 1143 146 1173 cum
162 1144 186 1173 a
201 1127 509 1174 consummatis
530 1129 615 1173 suis
637 1128 843 1189 operibus
859 1128 1094 1189 requievit,
1120 1143 1309 1189 quorum
1329 1143 1432 1187 spe-

2 1219 4 1223 *
43 1199 127 1243 cies
150 1214 229 1259 per
250 1198 450 1244 ordinem
470 1208 720 1259 temporum
741 1215 880 1260 usque
901 1215 1020 1244 nunc
1036 1209 1256 1259 operatur.
1276 1197 1433 1244 Consi-

42 1269 246 1315 deremus
259 1284 360 1328 ergo
376 1269 610 1329 cujuslibet
625 1269 788 1314 arboris
801 1268 1178 1329 pulchritudinem
1193 1269 1240 1312 in
1259 1269 1434 1324 robore,

0 1358 8 1385 ;;
44 1339 191 1396 ramis,
217 1338 472 1396 frondibus,
497 1339 636 1400 pomis
663 1358 672 1384 ε
694 1340 790 1384 haec
806 1340 968 1400 speeies
982 1355 1071 1385 non
1084 1339 1237 1400 utique
1254 1347 1435 1399 repente

0 1412 9 1458 3}
44 1418 164 1454 tanta
186 1425 235 1455 ac
270 1408 367 1454 talis
390 1418 454 1454 est
490 1418 636 1455 exorta
651 1444 662 1466 ,
687 1409 763 1454 sed
781 1425 869 1470 quo
892 1411 1022 1454 etiam
1044 1409 1196 1454 ordine
1217 1409 1432 1454 novimus.

47 1480 240 1526 Surrexit
260 1480 378 1524 enim
399 1495 424 1524 a
444 1479 615 1536 radice,
642 1495 775 1541 quam
803 1489 930 1524 terrae
950 1480 1143 1540 primum
1167 1495 1344 1539 germen
1366 1479 1438 1523 in-

45 1550 140 1595 fixit
157 1570 168 1608 3
186 1559 317 1611 atque
333 1549 436 1594 inde
458 1550 603 1595 omnia
615 1549 690 1594 illa
707 1548 892 1595 formata
910 1559 953 1594 et
966 1550 1168 1594 distincta
1186 1558 1434 1595 creverunt.

0 1631 13 1677 ὴ
48 1622 182 1665 Porro
203 1619 317 1665 illud
337 1636 515 1680 germen
537 1636 588 1666 ex
603 1621 765 1666 semine
792 1638 799 1666 :
825 1620 872 1664 in
892 1621 1056 1664 semine
1077 1636 1180 1679 ergo
1196 1620 1270 1664 illa
1294 1620 1439 1665 omnia

0 1708 15 1737 εἰ
47 1689 227 1737 fuerunt
247 1692 448 1752 primitus
469 1727 480 1748 ,
506 1707 597 1737 non
617 1691 733 1736 mole
756 1707 974 1752 eorporeae
1001 1691 1336 1750 magnitudinis,
1363 1690 1440 1735 sed

47 1763 90 1808 vi
112 1763 396 1823 potentiaque
415 1761 590 1806 causali.
615 1765 727 1808 Nam
758 1761 832 1806 illa
855 1761 1129 1821 magnitudo,
1157 1762 1281 1822 eopia
1314 1771 1440 1805 terrae

47 1833 332 1894 humorisque
359 1842 564 1892 congesta
586 1841 663 1877 est.
688 1832 772 1877 Sed
790 1831 864 1877 illa
895 1833 940 1876 in
967 1833 1119 1891 exiguo
1150 1849 1283 1891 grano
1305 1833 1438 1876 mira-

48 1903 178 1949 bilior
198 1904 560 1965 praestantiorque
581 1903 644 1949 vis
669 1912 758 1959 est,
784 1919 871 1964 qua
898 1903 1037 1947 valuit
1058 1903 1259 1964 adjacens
1280 1904 1439 1948 humor

48 1976 307 2020 commixtus
340 1985 466 2020 terrae
500 1984 708 2036 tanquam
729 1975 928 2019 materies
954 1974 1065 2019 verti
1099 1975 1146 2018 in
1174 1974 1281 2034 ligni
1322 1974 1439 2018 illius

18 2063 21 2078 ι
49 2046 320 2107 qualitatem,
338 2046 384 2091 in
397 2061 620 2092 ramorum
641 2044 938 2101 diffusionem,
963 2046 1008 2090 in
1029 2044 1236 2091 foliorum
1247 2045 1441 2090 viridita-

6 2142 22 2164 ,;
50 2126 159 2174 tem,
195 2133 245 2162 ae
280 2118 493 2177 figuram,
532 2117 579 2161 in
611 2115 835 2161 fructuum
869 2115 1029 2161 formas
1063 2126 1107 2161 et
1137 2115 1405 2176 opulentiam
1424 2151 1435 2173 ,

6 2206 9 2218 ι
51 2190 336 2250 omniumque
359 2188 724 2234 ordinatissimam
745 2187 1084 2233 distinctionem.
1106 2187 1224 2242 Quid
1241 2188 1357 2232 enim
1388 2203 1439 2232 ex

7 2300 11 2307 .
51 2260 203 2305 arbore
226 2259 301 2304 illa
328 2260 464 2319 surgit
485 2269 560 2304 aut
580 2258 769 2320 pendet,
803 2259 924 2319 quod
946 2275 1036 2304 non
1068 2275 1120 2303 ex
1149 2259 1342 2320 quodam
1364 2275 1440 2303 oc-

8 2355 27 2396 ³1
53 2331 171 2376 culto
186 2332 387 2376 thesauro
400 2331 574 2376 seminis
593 2329 708 2374 illius
726 2339 966 2375 extractum
985 2340 1115 2391 atque
1128 2329 1439 2390 depromptum

8 2400 28 2463 ιζ
54 2403 142 2446 est?
163 2405 222 2447 At
242 2400 355 2446 illud
376 2417 522 2446 semen
550 2416 602 2446 ex
636 2400 811 2456 arbore,
836 2400 938 2445 licet
966 2417 1055 2446 non
1077 2399 1150 2445 illa
1174 2400 1249 2445 sed
1277 2401 1407 2445 altera
1425 2434 1437 2456 ,

10 2491 27 2513 A2
55 2481 184 2533 atque
205 2471 278 2516 illa
313 2488 460 2518 rursus
491 2488 544 2516 ex
567 2470 701 2516 altero
737 2471 914 2516 semine.
947 2470 1197 2532 Aliquando
1232 2481 1376 2516 autem
1398 2479 1441 2515 et

10 2542 12 2563 ³
57 2543 184 2588 arbor
199 2558 251 2588 ex
275 2542 428 2588 arbore
443 2577 454 2599 ,
476 2557 575 2587 cum
614 2541 812 2588 surculus
829 2541 1020 2588 demitur
1049 2551 1180 2602 atque
1197 2541 1434 2601 plantatur.
