1854 3219
381 153 464 194 394
809 166 842 192 s.
879 161 1110 194 AUGUSTINI
1142 165 1324 193 EPISCOPI

380 248 477 276 rum
507 232 748 275 animarum
764 266 774 286 ,
795 239 1002 291 tanquam
1020 231 1065 274 in
1083 246 1127 275 sc
1148 231 1248 290 ipsis
1265 244 1355 274 esse
1372 243 1462 274 non
1479 239 1653 289 possent
1668 265 1679 285 ‚
1696 229 1773 274 sed

380 304 425 346 in
457 301 601 361 aliqua
624 311 820 345 creatura
847 301 1019 360 propria
1051 302 1139 346 vita
1165 302 1257 361 jam
1277 301 1475 354 vivente,
1505 300 1615 344 sieut
1637 314 1773 357 gene-

381 371 507 416 randi
531 372 638 415 ratio
661 387 750 415 non
778 380 921 430 potest
953 387 1041 415 esse
1065 372 1145 416 nisi
1166 372 1212 415 in
1237 370 1455 430 aliquibus
1473 371 1565 431 jam
1587 372 1775 415 existen-

380 443 496 487 tibus
526 441 818 503 perfectisque
851 443 1222 487 11:1turisP1¹a1·c›11s
1252 458 1356 500 ergo
1387 442 1544 485 animae
1577 441 1775 507 instituta

381 523 446 558 est
467 513 612 576 aliqua
630 523 828 558 creatura
851 512 1051 573 spiritalis
1070 550 1080 569 ,
1106 515 1150 557 in
1173 530 1260 573 qua
1285 513 1338 556 sit
1360 513 1468 557 ratio
1492 512 1655 557 futurae
1683 513 1776 556 ani-

381 601 488 640 mae,
526 601 625 646 quae
654 600 743 629 non
770 583 872 628 inde
904 584 1076 640 existat,
1111 584 1191 628 nisi
1225 599 1325 628 cum
1348 599 1443 628 eam
1471 587 1586 629 Deus
1607 584 1776 629 homini

381 655 679 717 inspirandam
705 654 823 700 facit.
849 657 1003 717 Neque
1037 656 1154 700 enim
1177 665 1220 700 et
1243 671 1295 699 ex
1324 655 1502 700 homine
1524 655 1684 700 foetum
1709 657 1779 702 vel

383 728 554 772 seminis
571 764 581 783 ‚
604 726 674 773 vel
703 727 837 788 ipsius
857 729 947 789 jam
970 728 1103 788 prolis
1126 737 1244 772 creat
1265 736 1310 771 et
1332 725 1490 773 format
1521 728 1603 772 nisi
1632 731 1746 772 Deus
1762 764 1774 784 ,

381 815 459 860 per
484 799 748 860 Sapientiam
779 799 1064 858 attingentem
1092 799 1258 860 ubique
1286 808 1464 859 propter
1491 814 1616 843 suam
1646 814 1779 844 mun—

383 871 535 916 ditiam
552 872 582 926 ¹,
608 870 667 914 ita
688 879 739 914 ut
757 870 867 914 nihil
890 871 1173 931 inquinatum
1197 870 1243 914 in
1264 885 1361 914 eam
1383 870 1599 926 incurrat,
1629 889 1646 910 «
1666 874 1781 915 Dum

385 960 407 984 >›
441 941 664 1002 pertendit
697 958 721 985 a
753 942 840 986 fine
874 957 1013 1002 usque
1043 940 1099 985 ad
1127 942 1261 985 finem
1295 940 1482 997 fortiter,
1516 952 1560 986 et
1588 941 1783 1002 disponit

388 1034 406 1055 »
442 1014 588 1058 omnia
619 1013 852 1058 suaviter2.
881 1032 900 1054 )›
943 1013 1028 1058 Sed
1066 1013 1211 1057 nescio
1241 1012 1616 1073 quemadmodum
1647 1014 1784 1073 possit

382 1084 563 1143 intelligi
578 1121 589 1140 ,
615 1084 670 1129 ad
691 1086 776 1130 hoc
796 1095 968 1129 tantum
991 1094 1179 1129 creatam
1198 1106 1208 1143 3
1224 1085 1368 1129 nescio
1386 1100 1519 1145 quam
1537 1094 1783 1129 creaturam

383 1155 644 1216 spiritalem,
683 1173 783 1217 quae.
810 1157 856 1201 in
890 1157 969 1201 Dei
993 1156 1321 1201 conditionibus
1354 1172 1432 1216 per
1461 1156 1557 1201 illos
1592 1171 1664 1200 sex
1691 1156 1782 1200 dies

385 1226 508 1272 factis
531 1244 622 1272 non
639 1237 1070 1283 commemoraretur,
1092 1244 1195 1273 cum
1212 1232 1326 1273 Deus
1340 1228 1563 1273 hominem
1576 1237 1695 1272 sexto
1712 1227 1783 1272 die

383 1298 534 1344 fecisse
556 1298 698 1343 dictus
721 1309 785 1344 est
804 1336 814 1355 ‚
847 1315 979 1360 quem
1002 1298 1198 1344 nondum
1224 1300 1268 1343 in
1290 1299 1464 1359 propria
1487 1308 1642 1343 natura
1664 1297 1782 1343 fece-

383 1381 477 1429 rat3
502 1370 579 1415 sed
596 1370 740 1415 adhuc
763 1371 930 1416 ratione
952 1370 1113 1415 causali
1131 1371 1177 1415 in
1199 1370 1272 1415 illa
1295 1379 1490 1414 creatura
1506 1404 1516 1423 ‚
1542 1384 1642 1428 quae
1660 1384 1782 1413 com-

383 1452 623 1487 memorata
640 1459 731 1488 non
748 1453 825 1487 est.
853 1444 991 1503 Magis
1005 1443 1121 1487 enim
1144 1441 1296 1484 debuit
1317 1441 1408 1500 ipsa
1430 1441 1780 1503 commemorari,

384 1528 484 1572 quae
506 1513 566 1555 sic
588 1523 888 1556 consummata
910 1521 1002 1555 erat
1019 1547 1029 1567 ,
1055 1520 1104 1554 ut
1130 1527 1220 1555 non
1242 1512 1386 1556 adhuc
1410 1521 1520 1556 esset
1540 1511 1784 1556 secundum

384 1601 475 1630 suae
497 1600 639 1629 causae
662 1583 983 1645 praecedentem
1007 1585 1220 1629 rationem
1237 1583 1452 1629 facienda.

386 1733 858 1749 ΛΝἏΜΜΙΙΑΜΛΑΜΑΑΜᾸΛΙἏ
862 1733 1784 1750 ΜΜΑΛΜΜΜΜΜΜΜΜΝΒΜΜΛΛΜΜΜΜΜΜΜ

859 1866 1078 1916 CAPUT
1124 1868 1318 1915 XXIII.

387 2000 470 2044 An
489 1997 576 2044 illa
594 1997 809 2051 causalis
833 2000 959 2047 ratio
980 1999 1157 2044 anz'nzoe
1166 1999 1330 2062 ficerz't
1353 2000 1537 2051 inserta
1555 2001 1604 2051 in
1631 2016 1735 2064 ang
1761 2027 1782 2034 -

941 2070 1037 2116 lica
1063 2080 1260 2117 natura.

445 2208 651 2252 XXXIV.
678 2210 746 2254 AN
769 2206 881 2252 forte
906 2207 951 2251 in
973 2206 1087 2252 illius
1110 2207 1196 2252 diei
1218 2217 1375 2252 natura
1392 2242 1403 2264 ‚
1425 2222 1559 2268 quem
1578 2208 1782 2268 primitus

385 2278 607 2334 condidit,
633 2279 667 2322 si
689 2279 862 2340 spiritus
885 2278 1191 2324 intellectualis
1209 2280 1298 2324 dies
1321 2278 1393 2323 ille
1412 2289 1528 2324 recte
1551 2280 1777 2339 accipitur,

385 2352 498 2395 hanc
527 2349 738 2394 faciendse
767 2351 922 2394 auimae
956 2350 1172 2395 causalem
1197 2351 1410 2396 rationem
1433 2355 1546 2395 Deus
1568 2352 1751 2396 inseruit
1768 2387 1779 2407 ‚

386 2423 488 2468 cum
511 2432 630 2467 sexto
652 2422 722 2467 die
744 2422 846 2475 fecit
864 2423 1085 2468 hominem
1105 2424 1160 2469 ad
1176 2425 1410 2483 imaginem
1433 2440 1554 2470 suam
1569 2460 1580 2479 ,
1607 2439 1780 2469 eausam

437 2523 535 2564 ¹Sap.
556 2533 612 2563 vn,
630 2520 673 2563 24
688 2527 719 2554 et
742 2522 792 2555 25.
813 2540 853 2545 —-
874 2529 886 2545 ²
910 2522 956 2554 ΙιΙ.
974 2534 1043 2563 vm,
1068 2534 1095 2553 ι.
