1854 3219
322 207 376 232 m:
407 206 559 233 GENE51
592 204 646 232 AD
678 203 922 242 erTEnAM,
959 207 1040 232 Lm.
1080 207 1138 232 xi.
1352 195 1429 232 561

51 267 176 313 clesia
187 302 199 324 ,
223 268 364 314 solent
377 286 401 313 a
422 267 697 314 sacramentis
713 267 857 312 altaris
870 268 1110 313 visibilibus
1126 269 1323 314 homines
1345 267 1435 313 dis-

52 339 212 399 ciplina
229 338 512 384 ecclesiastica
527 338 754 384 removeri.

112 412 201 454 LV.
227 429 248 453 «
272 413 329 455 Et
346 410 471 470 ejecit
491 410 653 464 Adam,
685 417 728 452 et
749 408 978 454 collocavit
1003 425 1104 454 eum
1127 419 1278 455 contra
1306 426 1435 470 para-

0 493 3 495 ·
55 498 76 522 »
101 480 244 525 disum
265 481 542 541 voluptatis¹.
567 499 587 522 »
619 483 676 524 Et
694 481 778 525 hoc
808 481 1081 541 significandi
1104 483 1240 540 gratia
1270 481 1436 526 factum

52 561 138 608 est,
159 552 235 598 sed
259 562 406 597 tamen
437 551 624 608 factum,
645 562 696 597 ut
721 563 871 597 contra
888 553 1157 612 paradisum,
1193 569 1281 614 quo
1310 554 1438 598 beata

52 623 141 668 vita
173 623 304 668 etiam
336 622 582 683 spiritaliter
612 623 955 681 significabatur,
986 624 1202 667 habitaret
1236 633 1439 682 peccator

53 693 207 754 utique
223 693 269 737 in
283 693 452 738 miseria
464 697 497 738 2.
523 712 543 736 «
563 696 621 738 Et
632 692 848 738 ordinavit
861 693 1118 748 Cherubim,
1134 703 1177 737 et
1190 694 1437 737 flammeam

58 782 78 806 »
104 765 400 825 rhomphaeam
422 781 521 825 quae
542 765 746 820 vertitur,
772 763 988 809 custodire
1003 765 1116 808 viam
1132 764 1239 824 ligni
1251 765 1395 808 vitaess.
1414 782 1435 805 >›

55 839 150 881 Hoc
162 851 239 896 per
255 835 452 882 coelestes
469 837 626 897 utique
647 840 885 881 Potestates
903 836 1032 880 etiam
1053 837 1098 879 in
1117 835 1314 896 paradiso
1336 835 1440 880 visi-

55 907 134 952 bili
155 907 319 953 factum
341 923 430 952 esse
447 907 716 953 credendum
738 917 802 953 est
817 943 827 963 ,
852 916 903 951 ut
923 924 1000 968 per
1022 907 1266 967 angelicum
1288 907 1441 951 minis-

57 978 215 1023 terium
242 988 352 1023 esset
389 978 476 1023 illic
508 979 633 1037 ignca
668 977 871 1039 quaedam
902 978 1098 1023 custodia
1136 998 1143 1022 :
1176 995 1264 1023 non
1292 988 1440 1022 tamen

57 1048 214 1094 frustra
237 1048 403 1094 factum
424 1065 535 1104 esse,
556 1049 636 1094 nisi
657 1050 760 1110 quia
789 1049 1003 1109 significat
1033 1049 1198 1109 aliquid
1230 1049 1359 1093 etiam
1386 1049 1441 1093 de

57 1119 256 1180 paradiso
277 1119 483 1180 spiritali,
509 1129 673 1165 nonest
688 1120 840 1180 utique
863 1119 1172 1164 dubitandum.

57 1265 1443 1282 mmmmmmwwmmtmmmtwmmnmmmmmmm„

583 1386 799 1436 CAPUT
836 1389 971 1435 XM.

67 1529 328 1590 Opz'm'ones
349 1528 410 1576 de
432 1528 637 1576 hominis
653 1538 857 1590 peccato
870 1565 886 1585 ,
911 1529 1237 1592 qualefioerz’t.
1258 1557 1318 1566 —
1342 1530 1447 1576 Coe-

502 1601 728 1646 remom'oe
744 1599 999 1660 nuptiales.

122 1737 236 1780 LVI.
259 1737 358 1780 Non
384 1743 529 1779 autem
550 1735 705 1793 ignoro
729 1733 994 1794 quibusdam
1025 1749 1113 1779 esse
1135 1736 1300 1790 visum,
1326 1735 1450 1781 festi-

63 1805 240 1850 natione
261 1804 529 1864 praevertisse
545 1803 642 1848 illos
659 1804 858 1848 homines
873 1804 1117 1863 appetitum
1135 1804 1326 1848 scientiae
1343 1805 1450 1849 boni

63 1885 107 1920 et
120 1875 237 1930 mali,
258 1884 302 1919 et
314 1875 547 1919 immaturo
568 1882 764 1934 tempore
776 1875 998 1934 percipere
1019 1873 1221 1929 voluisse,
1247 1875 1369 1935 quod
1391 1876 1450 1920 eis

64 1944 251 1991 dilatum
263 1944 551 2005 opportunius
575 1944 848 2002 servabatur,
867 1944 1002 2004 idque
1019 1945 1151 2002 egisse
1169 1954 1448 2001 tentatorem,

65 2025 117 2060 ut
136 2014 484 2076 praeoccupando
497 2015 618 2076 quod
630 2014 824 2059 nondum
840 2014 999 2059 talibus
1015 2014 1300 2074 congruebat,
1316 2016 1454 2061 offen-

66 2086 221 2132 derent
240 2090 408 2142 Deum,
427 2095 471 2130 et
492 2087 547 2131 ab
571 2090 662 2149 ejus
685 2086 746 2130 rei
769 2085 955 2130 utilitate
978 2085 1271 2130 alienarentur
1293 2086 1456 2132 exclusi

69 2167 199 2218 atque
217 2156 435 2212 damnati,
461 2157 516 2201 ad
536 2172 670 2218 quam
693 2157 726 2201 si
748 2172 826 2201 suo
851 2166 1069 2217 tempore,
1109 2158 1220 2201 sicut
1242 2161 1355 2202 Deus
1377 2174 1455 2203 vo-

67 2228 210 2283 lebat,
237 2227 514 2282 accederent,
546 2236 723 2287 possent
748 2243 798 2271 ea
820 2227 1050 2272 salubriter
1072 2226 1252 2287 perfrui.
1280 2231 1394 2284 Hoc,
1421 2229 1457 2273 si

70 2297 182 2344 sorte
203 2298 370 2357 lignum
393 2297 506 2342 illud
528 2314 618 2343 non
640 2297 695 2342 ad
715 2299 1024 2358 proprietatem
1041 2307 1091 2341 ut
1113 2313 1265 2342 verum
1287 2298 1456 2357 lignum

70 2378 115 2413 et
125 2384 226 2414 vera
247 2384 377 2428 poma
390 2370 505 2429 ejus,
525 2367 602 2413 sed
623 2368 677 2413 ad
699 2369 882 2427 figuram
900 2367 1037 2412 velint
1055 2368 1249 2427 accipere
1265 2405 1275 2423 ,
1298 2370 1456 2415 habeat

39 2445 46 2450 '
71 2439 237 2484 exitum
258 2438 446 2500 aliquem
466 2449 595 2485 rectae
613 2438 716 2483 fidei
736 2439 994 2499 veritatique
1017 2438 1304 2499 probabilem.

120 2541 130 2558 ¹
154 2537 234 2568 Gen.
251 2544 298 2574 ιιι,
317 2534 372 2576 24.
388 2551 430 2557 -
448 2540 462 2558 ²
481 2544 501 2568 2
519 2537 608 2568 Sent.
629 2534 704 2567 dist.
725 2545 812 2577 xxxx,
832 2545 904 2577 cap.
924 2534 975 2566 Ne
994 2545 1092 2567 vero.
1113 2552 1154 2557 -
1175 2533 1187 2556 3
1207 2536 1285 2567 Gen.
1302 2546 1355 2577 111,
1378 2535 1428 2577 24.

264 2598 369 2628 cxu.
1247 2589 1297 2627 :38
