1854 3219
369 193 454 232 570
799 203 832 229 5.
869 200 1094 230 Avensa-mi
1126 203 1309 231 Emscom

368 277 488 314 extra
508 282 664 327 corpus
679 302 690 323 ‚
716 265 913 325 dubitat3
938 267 1057 312 unde
1074 268 1150 312 illo
1173 267 1418 323 dubitante,
1439 269 1538 329 quis
1560 276 1760 313 nostrum

367 350 511 385 certus
529 353 618 383 esse
635 336 818 382 audeat?
835 340 950 382 Num
969 336 1080 382 forte
1097 339 1199 383 hinc
1216 339 1347 383 etiam
1361 337 1473 383 illud
1490 353 1760 400 consequens

369 412 465 465 erit,
478 420 528 454 ut
542 410 719 455 tertium
733 409 897 454 eoelum
915 410 1044 454 fuisse
1058 409 1323 466 dubitemus,
1339 426 1428 472 quo
1440 419 1613 470 raptum
1625 411 1762 455 homi-

369 498 469 527 nem
486 482 623 525 dixit?
638 481 679 526 Si
691 480 807 525 enim
820 496 885 525 res
898 480 988 540 ipsa
1002 480 1297 526 demonstrata
1311 490 1389 536 est,
1404 480 1583 525 tertium
1597 480 1762 526 coelum

369 553 717 598 demonstratum
750 561 814 595 est
842 570 851 595 :
881 551 915 595 si
938 561 1082 596 autem
1115 553 1259 611 imago
1291 551 1436 613 aliqua
1466 551 1762 612 corporalium

368 623 515 668 similis
538 622 650 667 faeta
674 632 737 666 est
753 658 764 678 ,
790 638 880 666 non
902 632 992 667 erat
1021 622 1133 667 illud
1159 623 1335 667 tertium
1370 622 1559 679 eoelum,
1590 623 1665 668 sed
1689 623 1762 668 illa

369 695 558 741 ostensio
581 695 639 739 sie
668 693 867 739 ordinata
890 703 974 749 est⁷
1001 704 1051 739 ut
1070 694 1292 739 videretur
1312 694 1394 738 sihi
1417 693 1651 739 ascendere
1671 695 1764 754 pri-

370 783 492 811 mum
527 765 719 821 coelum,
754 781 883 825 super
910 765 1031 826 quod
1062 765 1231 818 videret
1259 765 1472 821 alterum,
1506 780 1595 825 quo
1617 781 1765 810 rursus

369 839 604 883 ascendens
622 839 778 882 iterum
803 838 986 882 alterum
1009 837 1176 882 videret
1200 838 1398 897 superius
1412 873 1423 893 ,
1444 853 1533 898 quo
1555 853 1656 882 eum
1673 853 1765 898 per-

368 910 577 964 venisset,
602 919 747 969 posset
770 909 913 953 dicere
939 925 983 953 se
1004 909 1050 952 in
1068 909 1247 953 tertium
1270 909 1434 964 eoelum
1452 918 1641 969 raptum.
1682 908 1767 954 Sed

367 981 479 1026 illud
501 981 623 1042 quod
656 980 832 1025 tertium
857 980 1021 1025 coelum
1051 989 1182 1036 esset,
1209 996 1298 1041 quo
1330 990 1478 1040 raptus
1508 990 1594 1036 est,
1621 995 1767 1040 neque

368 1053 612 1107 dubitavit,
640 1068 783 1113 neque
799 1051 1002 1095 dubitare
1028 1067 1107 1095 nos
1131 1051 1270 1095 voluit
1297 1071 1306 1096 z
1333 1051 1390 1096 ad
1410 1052 1494 1096 hoe
1517 1051 1632 1095 enim
1650 1067 1766 1111 prae-

368 1125 505 1168 misit:
527 1144 545 1166 «
561 1124 674 1179 Scio,
691 1142 710 1164 »
729 1134 771 1167 et
787 1122 888 1167 inde
908 1123 1059 1182 coepit,
1080 1132 1131 1166 ut
1147 1121 1194 1165 id
1211 1122 1332 1183 quod
1346 1137 1390 1166 se
1405 1122 1513 1166 seire
1531 1121 1766 1182 Apostolus

368 1195 498 1250 dicit,
525 1195 641 1240 solus
675 1194 748 1239 ille
771 1211 861 1239 non
890 1194 1041 1239 credat
1067 1209 1220 1239 verum
1255 1209 1369 1250 esse,
1402 1194 1479 1254 qui
1514 1209 1605 1238 non
1628 1193 1766 1238 credit

368 1265 594 1326 Apostolo.

369 1409 1763 1429 mmmmmuwmwuwummmmmumwvummwmwmwmmmwwm

903 1532 1120 1582 CAPUT
1152 1535 1237 1583 IV-

372 1680 505 1730 Vere
520 1681 709 1726 tertium
730 1677 1075 1741 coelamfln'sse
1093 1676 1215 1722 illud
1231 1692 1325 1736 quo
1342 1687 1512 1738 raptas
1523 1687 1595 1723 est
1605 1680 1766 1740 Apos-

429 1751 568 1798 tolus.
591 1778 650 1784 »-
672 1748 945 1814 ‚Difficultas
973 1748 1212 1807 quomodo
1233 1749 1499 1809 Apostolus
1527 1761 1683 1796 certas
1704 1753 1765 1796 sit

427 1822 489 1869 de
510 1821 631 1868 eoelo
652 1822 753 1867 viso
770 1858 780 1878 ,
804 1831 849 1868 ec
868 1822 1075 1866 incertus
1092 1819 1151 1865 de
1170 1820 1315 1866 modo
1338 1837 1431 1882 quo
1452 1822 1739 1885 vz‘szcmficic.
1824 1814 1825 1817 ¹

428 1964 506 2006 IX.
536 1964 631 2006 Sem
653 1976 756 2019 ergo
778 1959 1001 2004 hominem
1030 1967 1205 2018 raptum
1233 1974 1327 2004 esse
1355 1975 1495 2021 usque
1516 1960 1563 2005 in
1585 1961 1764 2006 tertium

368 2033 531 2080 coelum
550 2054 558 2078 z
585 2033 768 2093 proinde
786 2031 896 2075 illud
914 2048 1002 2092 quo
1022 2040 1169 2090 raptus
1183 2041 1262 2087 est,
1281 2047 1383 2078 vere
1402 2034 1580 2077 tertium
1597 2033 1763 2077 eoelum

367 2116 458 2164 est3
483 2122 572 2149 non
599 2105 771 2163 signum
795 2103 973 2163 aliquod
994 2102 1218 2162 corporale
1236 2138 1246 2157 ,
1284 2102 1406 2163 quod
1428 2120 1529 2149 cum
1558 2104 1763 2149 ostende-

369 2187 488 2221 retur
510 2177 672 2235 Moysi‚
709 2191 848 2236 usque
877 2174 985 2218 adeo
1019 2174 1233 2218 sentiebat
1266 2174 1386 2219 aliud
1408 2191 1498 2220 esse
1526 2176 1661 2235 ipsam
1684 2176 1761 2220 Dei

367 2249 679 2303 substantiam,
712 2246 830 2291 aliud
851 2245 1064 2291 visibilem
1087 2255 1329 2291 creaturam
1345 2282 1356 2302 ,
1381 2247 1426 2291 in
1455 2263 1541 2307 qua
1571 2263 1614 2291 se
1645 2250 1760 2292 Deus

367 2319 569 2364 humanis
587 2328 631 2362 et
647 2317 943 2377 corporalibus
961 2317 1157 2361 sensibus
1175 2318 1488 2376 praesentabat,
1506 2327 1556 2362 ut
1571 2317 1755 2362 diceret:

372 2410 393 2433 «
427 2389 619 2434 Ostende
654 2389 760 2432 mihi
803 2389 1076 2447 temetipsum
1097 2390 1139 2446 ¹3
1167 2406 1187 2429 »
1224 2404 1305 2432 nec.
1338 2388 1484 2450 aliqua
1519 2390 1663 2448 imago
1697 2389 1757 2432 rei

367 2461 627 2522 corporalis,
648 2476 779 2521 quam
802 2476 902 2506 cum
925 2463 1113 2505 ,loannes
1142 2459 1310 2505 videret
1338 2462 1384 2506 in
1407 2462 1561 2522 spiritu
1577 2466 1610 2518 ²,
1637 2477 1758 2522 quee-

419 2568 427 2583 ¹
456 2561 551 2592 lixod.
578 2570 685 2599 xxxin,
710 2560 760 2591 13.
782 2576 822 2582 --
847 2566 859 2580 2
886 2561 986 2602 Apoc.
1007 2569 1077 2599 xm,
1107 2570 1133 2590 1.
1157 2564 1186 2590 et
1205 2569 1285 2597 xvn,
1303 2559 1331 2590 3.
