1854 3219
351 216 406 243 DE
438 215 589 243 αΕΝΕει
622 214 677 242 AD
711 214 952 251 erTEnAM,
988 216 1069 242 Lus.
1105 214 1146 240 x.
1353 202 1436 240 513

49 294 210 335 massa,
235 279 312 325 sed
330 279 555 325 obscurior
570 313 581 335 ,
601 294 693 324 non
709 287 857 323 tamen
874 278 1022 323 nullus
1048 298 1057 324 ε
1084 287 1190 323 tunc
1211 286 1256 322 et
1277 277 1349 322 alii
1370 286 1438 321 at-

50 366 137 412 que
154 349 226 394 alii
241 350 417 395 habitus
434 348 648 394 accedunt
674 364 755 409 pro
772 348 978 394 facilitate
1007 348 1223 415 materi—ae,
1249 364 1336 408 qua
1357 347 1442 391 du-

50 421 160 465 xerit
177 435 273 465 eam
295 423 373 482 qui
399 420 512 480 agit,
538 419 649 464 nihil
669 419 897 465 conferens
920 419 1102 465 modulo
1130 419 1211 464 nisi
1233 418 1437 477 effigiem.

51 494 118 536 Ita
139 491 357 537 et.animae
377 491 646 537 incrementa
675 490 919 552 reputanda
936 507 1026 536 non
1048 490 1316 536 substantiva
1331 525 1341 545 ,
1366 488 1442 533 sed

52 561 373 622 provocativa1.
403 579 424 603 »

109 635 245 678 XLV.
280 632 386 687 Quis
398 633 518 678 hunc
531 629 727 677 crederet
739 667 750 688 ,
768 648 869 677 cum
882 633 964 678 isto
982 631 1113 678 corde
1131 641 1218 676 tam
1232 632 1443 676 disertum

51 719 141 749 esse
162 703 380 764 potuisse?
401 702 477 748 sed
497 702 725 749 tremenda
745 703 824 748 ista
856 713 984 759 sunt,
1018 720 1108 749 non
1142 703 1339 748 ridenda.
1378 702 1446 747 Ad

51 776 137 820 hoc
155 775 271 819 enim
292 774 512 837 numquid
543 784 794 835 cogeretur,
819 775 854 820 si
877 775 1043 836 aliquid
1064 774 1251 833 cogitare
1272 783 1417 834 posset
1432 809 1442 828 ,

53 845 172 906 quod
196 854 240 890 et
261 845 336 902 sit,
372 856 416 891 et
446 862 603 907 corpus
625 862 715 891 non
745 846 830 891 sit?
867 845 985 900 Quid
1014 855 1160 890 autem
1192 845 1444 899 absurdius,

53 932 187 977 quam
214 925 368 977 putare
400 933 585 962 massam
614 918 855 978 cujuspiam
878 916 1046 962 metalli
1074 933 1125 961 ex
1149 917 1293 977 aliqua
1328 926 1448 976 parte

55 1002 245 1032 crescere
265 1002 391 1047 posse
413 987 522 1032 dum
542 987 746 1032 tunditur
763 1024 773 1044 ,
791 989 872 1033 nisi
893 987 1113 1032 decrescat
1131 1004 1179 1031 ex
1199 987 1329 1031 altera
1350 1009 1360 1043 3
1381 987 1449 1030 x-cl

57 1057 206 1117 augeri
226 1056 481 1113 latitudine,
513 1057 594 1102 nisi
616 1058 898 1103 crassitudine
921 1058 1175 1102 minuatur?
1213 1067 1287 1101 aut
1309 1056 1452 1100 ullum

57 1142 148 1172 esse
169 1142 326 1187 corpus
347 1136 550 1172 manente
573 1137 741 1172 naturae
763 1144 852 1172 suae
874 1128 1118 1188 quantitate
1134 1163 1144 1181 ,
1171 1127 1291 1187 quod
1320 1127 1452 1171 undi-

57 1214 144 1260 que
164 1207 348 1254 crescat,
365 1199 447 1243 nisi
465 1201 680 1244 rarescat?
697 1198 928 1252 Quomodo
944 1199 1076 1258 igitur
1090 1198 1290 1258 implebit
1309 1199 1452 1243 anima

58 1284 108 1314 ex
125 1269 198 1315 illa
215 1269 328 1315 stilla
345 1270 518 1315 seminis
537 1269 884 1328 magnitudinem
899 1270 1087 1329 corporis
1099 1305 1109 1324 ,
1131 1269 1250 1329 quod
1270 1270 1449 1322 animat,

57 1340 92 1383 si
114 1349 158 1382 et
177 1341 268 1398 ipsa
290 1354 446 1398 corpus
470 1350 553 1395 est,
575 1344 698 1401 cujus
719 1341 960 1384 substantia
982 1338 1105 1384 nullo
1132 1356 1305 1383 accessu
1341 1353 1455 1382 cres-

57 1411 157 1454 cat?
183 1408 438 1463 Quomodo,
459 1408 662 1469 inquam,
688 1408 889 1469 implebit
919 1425 1116 1464 carnem,
1146 1425 1278 1469 quam
1309 1409 1453 1454 vivifi-

58 1488 156 1532 cat;
185 1479 268 1524 nisi
294 1489 416 1524 tanto
439 1479 574 1523 rarior
597 1478 750 1535 fuerit,
776 1489 943 1540 quanto
967 1481 1173 1539 grandius
1206 1482 1327 1541 quod
1359 1482 1454 1524 ani-

58 1551 273 1597 maverit?
297 1550 460 1595 Timuit
476 1549 704 1606 videlicet,
730 1567 785 1595 ne
801 1551 1005 1595 deficeret
1029 1553 1158 1596 etiam
1186 1553 1450 1608 minuendo,

59 1622 95 1667 si
121 1630 366 1679 cresceret,
394 1630 438 1665 et
462 1637 553 1666 non
573 1621 723 1665 timuit
744 1637 800 1665 ne
820 1621 1025 1666 deficeret
1049 1623 1327 1678 rarescendo,
1353 1639 1455 1667 cum

60 1700 285 1737 cresceret.
324 1690 409 1737 Sed
430 1690 540 1752 quid
561 1691 746 1751 amplius
769 1692 994 1747 immorer,
1034 1693 1212 1752 quando
1243 1703 1287 1737 et
1315 1709 1456 1738 sermo

61 1762 203 1823 pergit
228 1761 275 1805 in
295 1759 573 1822 prolixiorem
595 1760 799 1816 modum,
825 1777 958 1822 quam
975 1763 1085 1822 petit
1101 1762 1361 1807 terminandi
1378 1780 1457 1808 ne-

62 1833 233 1878 cessitas
248 1867 259 1889 ,
284 1841 328 1877 et
348 1832 562 1877 sententia
583 1847 679 1876 mea
690 1833 781 1892 jam
798 1832 898 1876 satis
922 1833 976 1876 sit
997 1842 1101 1877 nota
1115 1868 1125 1887 ,
1146 1833 1214 1877 vel
1229 1833 1336 1894 quid
1360 1850 1455 1878 cer-

63 1913 160 1949 tum
179 1912 354 1948 teneam
368 1938 379 1959 ,
393 1901 465 1948 vel
476 1901 594 1947 unde
607 1902 750 1946 adhuc
764 1902 986 1958 dubitem,
1010 1913 1052 1947 et
1069 1919 1204 1963 quare
1225 1902 1458 1948 dubitem?

0 2027 1 2042 χ
63 1972 253 2018 Proinde
282 1982 327 2018 et
351 1974 437 2018 hoc
462 1972 672 2018 volumen
699 1974 790 2034 jam
819 1973 1135 2030 concludatur,
1172 1983 1222 2019 ut
1253 1991 1354 2035 quae
1388 1992 1458 2020 se-

0 2056 2 2087 2
62 2053 262 2105 quuntur
281 2042 438 2088 deinde
453 2043 694 2095 videamus.

113 2147 123 2165 ¹
144 2140 360 2175 Tertullianus
373 2140 430 2174 lib.
449 2139 492 2174 de
506 2141 643 2181 Anima,
661 2151 734 2185 cap.
755 2151 872 2175 xxxvn.

236 2619 342 2649 exn.
1222 2611 1272 2648 :33
