1854 3219
392 204 446 229 DE
477 201 627 229 GENESI
660 199 715 226 Ao
748 198 988 236 ιιΤΤΕηΑΜ,
1024 199 1105 225 Lm.
1144 199 1203 225 VI.
1394 185 1473 224 341

95 269 366 330 drupedum‚
387 278 429 313 ct
447 266 690 328 repentium
705 301 717 320 ‚
742 274 785 309 ct
807 265 1069 320 bestiarum,
1096 274 1139 309 et
1159 265 1250 324 ipse
1272 265 1405 309 homo
1427 265 1482 309 ad

93 341 327 400 imaginem
349 339 427 384 Dei
453 337 669 383 masculus
690 345 733 380 01
754 335 949 380 foemina.
979 336 1165 381 Proinde
1188 338 1332 396 potuit
1364 351 1481 395 pree-

94 411 333 456 termittere
345 407 568 470 quomodo
587 408 641 452 sit
654 408 786 452 homo
802 406 944 451 factus
955 443 966 462 ‚
987 423 1119 468 quem
1136 416 1284 451 tamen
1300 407 1393 467 ipso
1409 407 1480 451 die

93 482 260 527 factum
281 496 371 525 esse
392 480 610 535 narravit,
639 488 690 523 ut
710 477 1040 538 recapitulando
1066 487 1237 538 postea,
1270 477 1483 538 quemad-

91 553 276 599 modum
303 553 434 597 etiam
465 551 605 596 factus
629 551 761 595 fuerit
790 551 1039 609 intimaret3
1064 552 1147 595 1100
1175 560 1238 595 est
1269 549 1325 594 de
1355 560 1483 595 terrae

90 624 293 686 pulvere,
315 634 359 669 et
374 623 532 668 mulier
553 623 617 668 illi
639 623 693 668 de
713 622 872 681 latere3
897 638 987 668 non
1003 632 1149 667 tamen
1166 621 1346 684 aliquod
1367 638 1482 667 crea-

91 706 205 741 turae
231 711 368 755 genus
395 695 750 755 praetermittere‚
788 693 857 738 vel
885 694 931 738 in
964 709 1015 739 eo
1048 693 1170 755 quod
1196 692 1303 737 dixit
1330 696 1446 738 Deus
1469 713 1478 738 :

95 786 112 808 «
149 767 264 823 Fiat,
291 784 312 808 »
337 766 441 822 sive,
466 785 486 809 «
508 766 749 821 Faciamus,
772 784 790 806 »
810 763 882 810 vel
897 765 942 808 in
964 780 1015 809 eo
1037 764 1159 825 quod
1172 764 1352 809 dicitur:
1373 783 1394 807 «
1417 765 1485 810 Sic

93 857 114 880 »
149 846 214 882 est
235 836 417 892 factum,
438 855 459 878 »
482 837 586 891 sive,
612 857 632 880 ι(
653 836 776 881 Fecit
793 840 923 882 Deus.
948 854 968 878 »
994 837 1203 898 Alioquin
1224 836 1385 882 frustra
1405 853 1484 897 per

89 907 286 968 singulos
306 908 397 952 dies
420 917 507 952 tam
532 907 766 967 diligenter
786 907 988 952 distincta
1012 917 1114 952 sunt
1136 908 1303 964 omnia,
1327 909 1362 952 si
1379 924 1481 968 per-

88 978 308 1023 mixtionis
335 978 506 1022 dierum
538 988 680 1038 potest
712 977 802 1022 ulla
830 977 1017 1038 suspicio
1052 978 1263 1033 residere,
1301 988 1353 1023 ut
1379 995 1481 1023 cum

88 1049 225 1093 herba
254 1058 298 1093 et
322 1047 493 1108 lignum
517 1047 603 1092 diei
634 1049 762 1093 tertio
790 1049 846 1093 sit
868 1049 1153 1101 attributum,
1190 1049 1336 1110 aliqua
1362 1049 1481 1108 ligna

88 1119 218 1163 etiam
241 1128 359 1164 sexto
381 1119 452 1163 die
471 1128 615 1164 creata
637 1135 726 1164 esse
748 1118 974 1165 credamus
990 1155 1001 1176 ‚
1034 1137 1135 1181 quae
1153 1121 1247 1181 ipso
1269 1129 1391 1165 sexto
1409 1119 1480 1164 die

91 1192 311 1252 Scriptura
326 1192 526 1236 tacuerit.

88 1349 1481 1369 asmmmmmmmmmmmwrmxmwummummwummmmmmxmm

605 1472 824 1522 CAPUT
879 1475 939 1521 V.

596 1615 675 1662 De
697 1616 870 1662 eadem
887 1633 954 1663 re.

144 1756 245 1799 VII.
274 1757 504 1800 Pos-rnmro
526 1755 635 1815 quid
657 1755 1016 1815 respondebimus
1036 1757 1092 1801 de
1124 1757 1270 1802 bestiis
1292 1759 1382 1817 agri
1399 1795 1409 1814 ‚
1435 1768 1477 1804 et

84 1824 336 1870 volatilibus
357 1825 482 1881 coeli,
508 1842 608 1886 quae
632 1825 811 1870 adduxit
832 1829 946 1870 Deus
972 1828 1027 1871 ad
1045 1828 1185 1872 Adam
1202 1863 1213 1882 ,
1239 1838 1289 1872 111
1309 1828 1479 1875 videret

83 1894 192 1956 quid
209 1910 258 1940 ea
270 1897 470 1940 vocaret?
482 1895 603 1956 quod
620 1896 678 1940 ita
697 1897 906 1957 scriptum
924 1907 1011 1942 est:
1030 1901 1122 1943 «Et
1138 1899 1246 1943 dixit
1266 1901 1476 1946 Dominus

87 1984 108 2008 »
144 1969 284 2012 Deus:
309 1969 408 2012 Non
434 1975 498 2011 est
521 1966 688 2011 bonum
709 1982 799 2012 esse
823 1968 1046 2012 hominem
1075 1969 1214 2014 solum
1231 2005 1241 2024 ‚
1267 1969 1477 2016 faciamus

87 2055 106 2078 »
141 2035 204 2080 illi
227 2035 495 2097 adjutorium
523 2037 764 2082 secundum
788 2039 946 2098 ipsum.
973 2043 1030 2084 Et
1051 2041 1178 2084 finxit
1195 2044 1309 2085 Deus
1331 2041 1475 2087 adhue

87 2125 106 2148 >1
142 2106 198 2151 de
220 2116 334 2153 terra
355 2123 505 2152 omnes
527 2108 685 2152 bestias
703 2110 790 2167 agri
805 2145 815 2164 ,
841 2119 884 2154 et
906 2111 1051 2155 omnia
1068 2111 1262 2156 volatilia
1282 2113 1405 2169 coeli,
1431 2124 1475 2158 et

86 2195 106 2218 »
141 2177 322 2222 adduxit
349 2177 423 2222 illa
449 2177 504 2222 ad
526 2179 666 2224 Adam
682 2215 693 2234 ‚
719 2189 769 2223 ut
789 2180 957 2225 videret
977 2181 1086 2242 quid
1103 2193 1278 2229 vocaret
1307 2183 1404 2230 illa:
1431 2196 1473 2232 et

86 2267 106 2290 »
142 2264 272 2293 omne
287 2249 601 2310 quodcumque
617 2249 730 2295 illud
746 2253 918 2296 vocavit
934 2252 1073 2298 Adam
1094 2255 1281 2299 animam
1305 2257 1444 2301 vivam
1459 2293 1470 2312 ‚

86 2337 106 2360 »
141 2320 225 2363 hoc
240 2335 402 2364 nomen
424 2329 488 2364 est
504 2319 634 2364 illius.
657 2324 714 2365 Et
730 2323 902 2367 vocavit
917 2323 1059 2368 Adam
1076 2326 1253 2370 nomina
1269 2328 1472 2372 omnibus

85 2407 106 2430 n
142 2390 393 2449 pecoribus,
433 2400 477 2435 et
509 2391 714 2436 omnibus
747 2392 996 2438 volatilibus
1029 2395 1130 2439 coeli
1144 2432 1159 2452 ,
1192 2406 1236 2441 et
1268 2399 1472 2442 omnibus

85 2478 106 2502 ))
140 2461 286 2505 bestiis
308 2463 412 2520 agri.
433 2460 540 2506 Adae
557 2472 702 2507 autem
721 2479 809 2508 11011
828 2474 890 2508 est
911 2466 1114 2511 inventus
1133 2467 1307 2528 adjutor
1323 2469 1472 2514 similis

87 2548 108 2570 »
141 2531 236 2589 ipsi.
258 2534 314 2575 Et
334 2532 484 2592 injecit
506 2535 620 2577 Deus
642 2535 798 2578 mentis
818 2534 1124 2581 alienationem
1147 2554 1277 2597 super
1300 2538 1438 2583 Adam
1456 2575 1467 2594 ‚
