<?xml version="1.0" encoding="UTF-8"?>
<!DOCTYPE html PUBLIC "-//W3C//DTD XHTML 1.0 Transitional//EN"
    "http://www.w3.org/TR/xhtml1/DTD/xhtml1-transitional.dtd">
<html xmlns="http://www.w3.org/1999/xhtml" xml:lang="en" lang="en">
 <head>
  <title>
</title>
<meta http-equiv="Content-Type" content="text/html;charset=utf-8" />
  <meta name='ocr-system' content='tesseract 3.04.00' />
  <meta name='ocr-capabilities' content='ocr_page ocr_carea ocr_par ocr_line ocrx_word'/>
</head>
<body>
  <div class='ocr_page' id='page_1' title='image "./operaomniaaccura05auguuoft_0467.png"; bbox 0 0 1854 3219; ppageno 0'>
   <div class='ocr_carea' id='block_1_1' title="bbox 0 421 6 793">
    <p class='ocr_par' dir='ltr' id='par_1_1' title="bbox 0 361 6 793">
     <span class='ocr_line' id='line_1_1' title="bbox 0 421 3 509; baseline 0 52"><span class='ocrx_word' id='word_1_1' title='bbox 0 421 3 509; x_wconf 53' lang='grc' dir='ltr'>ι</span> 
     </span>
     <span class='ocr_line' id='line_1_2' title="bbox 0 594 5 677; baseline 0 0"><span class='ocrx_word' id='word_1_2' title='bbox 0 594 5 677; x_wconf 72' lang='grc' dir='ltr'><em>ι</em></span> 
     </span>
     <span class='ocr_line' id='line_1_3' title="bbox 0 680 6 793; baseline 0 0"><span class='ocrx_word' id='word_1_3' title='bbox 0 680 6 793; x_wconf 81' lang='grc' dir='ltr'>Ι</span> 
     </span>
    </p>
   </div>
   <div class='ocr_carea' id='block_1_2' title="bbox 342 205 1457 254">
    <p class='ocr_par' dir='ltr' id='par_1_2' title="bbox 342 205 1457 254">
     <span class='ocr_line' id='line_1_4' title="bbox 342 205 1457 254; baseline 0.001 -10"><span class='ocrx_word' id='word_1_4' title='bbox 342 218 396 244; x_wconf 79' lang='lat' dir='ltr'>DE</span> <span class='ocrx_word' id='word_1_5' title='bbox 429 216 582 244; x_wconf 74' lang='grc' dir='ltr'><strong>οΕΝΕεῙ</strong></span> <span class='ocrx_word' id='word_1_6' title='bbox 614 214 669 242; x_wconf 75' lang='lat' dir='ltr'>An</span> <span class='ocrx_word' id='word_1_7' title='bbox 702 215 942 254; x_wconf 76' lang='lat' dir='ltr'>LITTERAM,</span> <span class='ocrx_word' id='word_1_8' title='bbox 978 218 1060 244; x_wconf 75' lang='lat' dir='ltr'>Lm.</span> <span class='ocrx_word' id='word_1_9' title='bbox 1097 217 1193 244; x_wconf 91' lang='lat' dir='ltr'>v111.</span> <span class='ocrx_word' id='word_1_10' title='bbox 1378 205 1457 245; x_wconf 78' lang='lat'>441</span> 
     </span>
    </p>
   </div>
   <div class='ocr_carea' id='block_1_3' title="bbox 70 280 1469 904">
    <p class='ocr_par' dir='ltr' id='par_1_3' title="bbox 70 280 1469 904">
     <span class='ocr_line' id='line_1_5' title="bbox 75 280 1462 343; baseline 0 -17"><span class='ocrx_word' id='word_1_11' title='bbox 75 290 190 327; x_wconf 89' lang='lat' dir='ltr'>certe</span> <span class='ocrx_word' id='word_1_12' title='bbox 211 281 284 326; x_wconf 80' lang='lat' dir='ltr'>vix</span> <span class='ocrx_word' id='word_1_13' title='bbox 319 291 363 326; x_wconf 86' lang='lat' dir='ltr'>et</span> <span class='ocrx_word' id='word_1_14' title='bbox 391 280 602 325; x_wconf 83' lang='lat' dir='ltr'>rarissime</span> <span class='ocrx_word' id='word_1_15' title='bbox 627 280 778 340; x_wconf 85' lang='lat' dir='ltr'>possit,</span> <span class='ocrx_word' id='word_1_16' title='bbox 811 290 854 324; x_wconf 86' lang='lat' dir='ltr'>et</span> <span class='ocrx_word' id='word_1_17' title='bbox 885 282 986 341; x_wconf 84' lang='lat' dir='ltr'>quia</span> <span class='ocrx_word' id='word_1_18' title='bbox 1020 282 1205 326; x_wconf 80' lang='lat' dir='ltr'>exterius</span> <span class='ocrx_word' id='word_1_19' title='bbox 1237 290 1301 326; x_wconf 91' lang='lat' dir='ltr'>est</span> <span class='ocrx_word' id='word_1_20' title='bbox 1329 298 1462 343; x_wconf 89' lang='lat' dir='ltr'>quam</span> 
     </span>
     <span class='ocr_line' id='line_1_6' title="bbox 74 350 1462 413; baseline 0.001 -17"><span class='ocrx_word' id='word_1_21' title='bbox 74 352 206 407; x_wconf 87' lang='lat' dir='ltr'>illud,</span> <span class='ocrx_word' id='word_1_22' title='bbox 236 351 358 413; x_wconf 87' lang='lat' dir='ltr'>quod</span> <span class='ocrx_word' id='word_1_23' title='bbox 386 352 432 396; x_wconf 90' lang='lat' dir='ltr'>in</span> <span class='ocrx_word' id='word_1_24' title='bbox 462 351 555 410; x_wconf 91' lang='lat' dir='ltr'>ipsa</span> <span class='ocrx_word' id='word_1_25' title='bbox 584 350 932 395; x_wconf 81' lang='lat' dir='ltr'>incommutabili</span> <span class='ocrx_word' id='word_1_26' title='bbox 967 353 1147 396; x_wconf 89' lang='lat' dir='ltr'>veritate</span> <span class='ocrx_word' id='word_1_27' title='bbox 1173 367 1295 396; x_wconf 88' lang='lat' dir='ltr'>mens</span> <span class='ocrx_word' id='word_1_28' title='bbox 1326 353 1462 397; x_wconf 89' lang='lat' dir='ltr'>ratio-</span> 
     </span>
     <span class='ocr_line' id='line_1_7' title="bbox 74 420 1464 482; baseline 0 -15"><span class='ocrx_word' id='word_1_29' title='bbox 74 422 182 467; x_wconf 85' lang='lat' dir='ltr'>nalis</span> <span class='ocrx_word' id='word_1_30' title='bbox 199 431 243 467; x_wconf 90' lang='lat' dir='ltr'>et</span> <span class='ocrx_word' id='word_1_31' title='bbox 258 420 559 466; x_wconf 83' lang='lat' dir='ltr'>intellectualis</span> <span class='ocrx_word' id='word_1_32' title='bbox 580 421 790 476; x_wconf 87' lang='lat' dir='ltr'>intuetur,</span> <span class='ocrx_word' id='word_1_33' title='bbox 814 436 952 482; x_wconf 84' lang='lat' dir='ltr'>eaque</span> <span class='ocrx_word' id='word_1_34' title='bbox 973 421 1072 467; x_wconf 87' lang='lat' dir='ltr'>luce</span> <span class='ocrx_word' id='word_1_35' title='bbox 1094 423 1148 467; x_wconf 91' lang='lat' dir='ltr'>de</span> <span class='ocrx_word' id='word_1_36' title='bbox 1170 423 1238 466; x_wconf 89' lang='lat' dir='ltr'>his</span> <span class='ocrx_word' id='word_1_37' title='bbox 1260 423 1464 468; x_wconf 85' lang='lat' dir='ltr'>omnibus</span> 
     </span>
     <span class='ocr_line' id='line_1_8' title="bbox 70 491 1464 554; baseline 0 -17"><span class='ocrx_word' id='word_1_38' title='bbox 70 492 258 554; x_wconf 76' lang='lat' dir='ltr'>judicat,</span> <span class='ocrx_word' id='word_1_39' title='bbox 282 492 395 537; x_wconf 90' lang='lat' dir='ltr'>inter</span> <span class='ocrx_word' id='word_1_40' title='bbox 416 491 491 536; x_wconf 87' lang='lat' dir='ltr'>illa</span> <span class='ocrx_word' id='word_1_41' title='bbox 513 507 614 552; x_wconf 85' lang='lat' dir='ltr'>quae</span> <span class='ocrx_word' id='word_1_42' title='bbox 635 491 898 536; x_wconf 82' lang='lat' dir='ltr'>extrinsecus</span> <span class='ocrx_word' id='word_1_43' title='bbox 927 492 1042 537; x_wconf 90' lang='lat' dir='ltr'>fiunt</span> <span class='ocrx_word' id='word_1_44' title='bbox 1063 492 1252 537; x_wconf 83' lang='lat' dir='ltr'>arbitror</span> <span class='ocrx_word' id='word_1_45' title='bbox 1274 508 1363 537; x_wconf 90' lang='lat' dir='ltr'>esse</span> <span class='ocrx_word' id='word_1_46' title='bbox 1385 492 1464 537; x_wconf 89' lang='lat' dir='ltr'>de-</span> 
     </span>
     <span class='ocr_line' id='line_1_9' title="bbox 74 562 1465 624; baseline -0.001 -16"><span class='ocrx_word' id='word_1_47' title='bbox 74 562 337 624; x_wconf 89' lang='lat' dir='ltr'>putandum.</span> <span class='ocrx_word' id='word_1_48' title='bbox 369 564 579 608; x_wconf 90' lang='lat' dir='ltr'>Creatura</span> <span class='ocrx_word' id='word_1_49' title='bbox 604 577 707 621; x_wconf 83' lang='lat' dir='ltr'>ergo</span> <span class='ocrx_word' id='word_1_50' title='bbox 730 562 933 622; x_wconf 87' lang='lat' dir='ltr'>spiritalis</span> <span class='ocrx_word' id='word_1_51' title='bbox 956 572 999 607; x_wconf 88' lang='lat' dir='ltr'>et</span> <span class='ocrx_word' id='word_1_52' title='bbox 1026 563 1331 608; x_wconf 85' lang='lat' dir='ltr'>intellectualis</span> <span class='ocrx_word' id='word_1_53' title='bbox 1363 579 1465 623; x_wconf 90' lang='lat' dir='ltr'>per-</span> 
     </span>
     <span class='ocr_line' id='line_1_10' title="bbox 73 631 1465 693; baseline 0 -16"><span class='ocrx_word' id='word_1_54' title='bbox 73 631 186 678; x_wconf 86' lang='lat' dir='ltr'>fecta</span> <span class='ocrx_word' id='word_1_55' title='bbox 207 643 252 678; x_wconf 88' lang='lat' dir='ltr'>et</span> <span class='ocrx_word' id='word_1_56' title='bbox 272 633 416 688; x_wconf 89' lang='lat' dir='ltr'>beata,</span> <span class='ocrx_word' id='word_1_57' title='bbox 441 632 581 693; x_wconf 89' lang='lat' dir='ltr'>qualis</span> <span class='ocrx_word' id='word_1_58' title='bbox 602 631 871 690; x_wconf 81' lang='lat' dir='ltr'>Angelorum</span> <span class='ocrx_word' id='word_1_59' title='bbox 889 641 967 688; x_wconf 86' lang='lat' dir='ltr'>est,</span> <span class='ocrx_word' id='word_1_60' title='bbox 991 633 1102 678; x_wconf 83' lang='lat' dir='ltr'>sicut</span> <span class='ocrx_word' id='word_1_61' title='bbox 1118 632 1225 688; x_wconf 79' lang='lat' dir='ltr'>dixi,</span> <span class='ocrx_word' id='word_1_62' title='bbox 1248 642 1465 693; x_wconf 89' lang='lat' dir='ltr'>quantum</span> 
     </span>
     <span class='ocr_line' id='line_1_11' title="bbox 74 702 1466 763; baseline -0.001 -15"><span class='ocrx_word' id='word_1_63' title='bbox 74 704 231 748; x_wconf 84' lang='lat' dir='ltr'>attinet</span> <span class='ocrx_word' id='word_1_64' title='bbox 250 702 306 748; x_wconf 91' lang='lat' dir='ltr'>ad</span> <span class='ocrx_word' id='word_1_65' title='bbox 327 718 371 747; x_wconf 92' lang='lat' dir='ltr'>se</span> <span class='ocrx_word' id='word_1_66' title='bbox 393 703 532 763; x_wconf 86' lang='lat' dir='ltr'>ipsam</span> <span class='ocrx_word' id='word_1_67' title='bbox 555 718 643 763; x_wconf 90' lang='lat' dir='ltr'>quo</span> <span class='ocrx_word' id='word_1_68' title='bbox 661 702 730 757; x_wconf 91' lang='lat' dir='ltr'>sit,</span> <span class='ocrx_word' id='word_1_69' title='bbox 758 702 1017 763; x_wconf 86' lang='lat' dir='ltr'>sapiensque</span> <span class='ocrx_word' id='word_1_70' title='bbox 1035 719 1085 748; x_wconf 88' lang='lat' dir='ltr'>ac</span> <span class='ocrx_word' id='word_1_71' title='bbox 1108 703 1235 748; x_wconf 87' lang='lat' dir='ltr'>beata</span> <span class='ocrx_word' id='word_1_72' title='bbox 1257 704 1331 758; x_wconf 91' lang='lat' dir='ltr'>sit,</span> <span class='ocrx_word' id='word_1_73' title='bbox 1352 719 1466 748; x_wconf 91' lang='lat' dir='ltr'>non-</span> 
     </span>
     <span class='ocr_line' id='line_1_12' title="bbox 75 772 1467 834; baseline 0.001 -17"><span class='ocrx_word' id='word_1_74' title='bbox 75 774 157 818; x_wconf 87' lang='lat' dir='ltr'>nisi</span> <span class='ocrx_word' id='word_1_75' title='bbox 177 773 436 819; x_wconf 88' lang='lat' dir='ltr'>intrinsecus</span> <span class='ocrx_word' id='word_1_76' title='bbox 459 772 689 834; x_wconf 85' lang='lat' dir='ltr'>adjuvatur</span> <span class='ocrx_word' id='word_1_77' title='bbox 717 772 989 827; x_wconf 59' lang='lat' dir='ltr'>aeternitate»,</span> <span class='ocrx_word' id='word_1_78' title='bbox 1019 774 1223 829; x_wconf 86' lang='lat' dir='ltr'>veritate,</span> <span class='ocrx_word' id='word_1_79' title='bbox 1259 774 1467 818; x_wconf 86' lang='lat' dir='ltr'>charitate</span> 
     </span>
     <span class='ocr_line' id='line_1_13' title="bbox 75 843 1469 904; baseline -0.001 -13"><span class='ocrx_word' id='word_1_80' title='bbox 75 845 305 902; x_wconf 81' lang='lat' dir='ltr'>Creatoris.</span> <span class='ocrx_word' id='word_1_81' title='bbox 325 845 603 890; x_wconf 83' lang='lat' dir='ltr'>Extrinsecus</span> <span class='ocrx_word' id='word_1_82' title='bbox 619 860 722 890; x_wconf 90' lang='lat' dir='ltr'>vero</span> <span class='ocrx_word' id='word_1_83' title='bbox 740 844 775 889; x_wconf 91' lang='lat' dir='ltr'>si</span> <span class='ocrx_word' id='word_1_84' title='bbox 798 843 993 904; x_wconf 86' lang='lat' dir='ltr'>adjuvari</span> <span class='ocrx_word' id='word_1_85' title='bbox 1010 844 1195 890; x_wconf 88' lang='lat' dir='ltr'>dicenda</span> <span class='ocrx_word' id='word_1_86' title='bbox 1217 854 1294 901; x_wconf 85' lang='lat' dir='ltr'>est,</span> <span class='ocrx_word' id='word_1_87' title='bbox 1313 861 1364 890; x_wconf 89' lang='lat' dir='ltr'>eo</span> <span class='ocrx_word' id='word_1_88' title='bbox 1381 844 1469 890; x_wconf 86' lang='lat' dir='ltr'>for-</span> 
     </span>
    </p>
   </div>
   <div class='ocr_carea' id='block_1_4' title="bbox 3 915 1468 976">
    <p class='ocr_par' dir='ltr' id='par_1_4' title="bbox 3 915 1468 976">
     <span class='ocr_line' id='line_1_14' title="bbox 3 915 1468 976; baseline 0.001 -15"><span class='ocrx_word' id='word_1_89' title='bbox 3 919 5 921; x_wconf 74' lang='grc'><strong>’</strong></span> <span class='ocrx_word' id='word_1_90' title='bbox 75 925 187 961; x_wconf 82' lang='lat' dir='ltr'>tasse</span> <span class='ocrx_word' id='word_1_91' title='bbox 203 915 294 962; x_wconf 90' lang='lat' dir='ltr'>solo</span> <span class='ocrx_word' id='word_1_92' title='bbox 317 915 572 976; x_wconf 88' lang='lat' dir='ltr'>adjuvatur,</span> <span class='ocrx_word' id='word_1_93' title='bbox 597 915 720 976; x_wconf 88' lang='lat' dir='ltr'>quod</span> <span class='ocrx_word' id='word_1_94' title='bbox 742 915 931 960; x_wconf 87' lang='lat' dir='ltr'>invicem</span> <span class='ocrx_word' id='word_1_95' title='bbox 952 915 1105 960; x_wconf 87' lang='lat' dir='ltr'>vident</span> <span class='ocrx_word' id='word_1_96' title='bbox 1120 952 1130 971; x_wconf 94' lang='lat'>,</span> <span class='ocrx_word' id='word_1_97' title='bbox 1156 926 1199 961; x_wconf 92' lang='lat' dir='ltr'>et</span> <span class='ocrx_word' id='word_1_98' title='bbox 1221 915 1275 960; x_wconf 93' lang='lat' dir='ltr'>de</span> <span class='ocrx_word' id='word_1_99' title='bbox 1297 933 1374 961; x_wconf 88' lang='lat' dir='ltr'>sua</span> <span class='ocrx_word' id='word_1_100' title='bbox 1397 932 1468 962; x_wconf 90' lang='lat' dir='ltr'>so-</span> 
     </span>
    </p>
   </div>
   <div class='ocr_carea' id='block_1_5' title="bbox 0 2414 29 3219">
    <p class='ocr_par' dir='ltr' id='par_1_5' title="bbox 0 2414 29 3219">
     <span class='ocr_line' id='line_1_15' title="bbox 0 2414 29 3219; baseline 0 0"><span class='ocrx_word' id='word_1_101' title='bbox 0 2414 29 3219; x_wconf 95' lang='lat' dir='ltr'> </span> 
     </span>
    </p>
   </div>
   <div class='ocr_carea' id='block_1_6' title="bbox 75 985 1468 1047">
    <p class='ocr_par' dir='ltr' id='par_1_6' title="bbox 75 985 1468 1047">
     <span class='ocr_line' id='line_1_16' title="bbox 75 985 1468 1047; baseline -0.001 -14"><span class='ocrx_word' id='word_1_102' title='bbox 75 987 231 1033; x_wconf 84' lang='lat' dir='ltr'>cietate</span> <span class='ocrx_word' id='word_1_103' title='bbox 260 985 453 1045; x_wconf 85' lang='lat' dir='ltr'>gaudent</span> <span class='ocrx_word' id='word_1_104' title='bbox 480 987 528 1030; x_wconf 89' lang='lat' dir='ltr'>in</span> <span class='ocrx_word' id='word_1_105' title='bbox 554 989 669 1043; x_wconf 87' lang='lat' dir='ltr'>Deo,</span> <span class='ocrx_word' id='word_1_106' title='bbox 693 995 736 1031; x_wconf 90' lang='lat' dir='ltr'>et</span> <span class='ocrx_word' id='word_1_107' title='bbox 767 985 886 1047; x_wconf 89' lang='lat' dir='ltr'>quod</span> <span class='ocrx_word' id='word_1_108' title='bbox 919 987 1152 1047; x_wconf 80' lang='lat' dir='ltr'>perspectis</span> <span class='ocrx_word' id='word_1_109' title='bbox 1174 987 1305 1031; x_wconf 87' lang='lat' dir='ltr'>etiam</span> <span class='ocrx_word' id='word_1_110' title='bbox 1333 988 1381 1031; x_wconf 89' lang='lat' dir='ltr'>in</span> <span class='ocrx_word' id='word_1_111' title='bbox 1409 987 1468 1031; x_wconf 88' lang='lat' dir='ltr'>eis</span> 
     </span>
    </p>
   </div>
   <div class='ocr_carea' id='block_1_7' title="bbox 67 1057 1471 1118">
    <p class='ocr_par' dir='ltr' id='par_1_7' title="bbox 67 1057 1471 1118">
     <span class='ocr_line' id='line_1_17' title="bbox 67 1057 1471 1118; baseline 0.001 -17"><span class='ocrx_word' id='word_1_112' title='bbox 67 1057 176 1117; x_wconf 86' lang='lat' dir='ltr'>ipsis</span> <span class='ocrx_word' id='word_1_113' title='bbox 204 1057 410 1103; x_wconf 90' lang='lat' dir='ltr'>omnibus</span> <span class='ocrx_word' id='word_1_114' title='bbox 448 1058 678 1112; x_wconf 81' lang='lat' dir='ltr'>creaturis,</span> <span class='ocrx_word' id='word_1_115' title='bbox 710 1057 907 1117; x_wconf 85' lang='lat' dir='ltr'>undique</span> <span class='ocrx_word' id='word_1_116' title='bbox 936 1058 1090 1116; x_wconf 87' lang='lat' dir='ltr'>gratias</span> <span class='ocrx_word' id='word_1_117' title='bbox 1120 1058 1207 1117; x_wconf 81' lang='lat' dir='ltr'>agit</span> <span class='ocrx_word' id='word_1_118' title='bbox 1229 1057 1471 1118; x_wconf 87' lang='lat' dir='ltr'>laudatque</span> 
     </span>
    </p>
   </div>
   <div class='ocr_carea' id='block_1_8' title="bbox 77 1126 1471 1471">
    <p class='ocr_par' dir='ltr' id='par_1_8' title="bbox 77 1126 1471 1471">
     <span class='ocr_line' id='line_1_18' title="bbox 77 1126 1471 1188; baseline 0.001 -17"><span class='ocrx_word' id='word_1_119' title='bbox 77 1129 344 1172; x_wconf 73' lang='lat' dir='ltr'>Creatorem,</span> <span class='ocrx_word' id='word_1_120' title='bbox 369 1126 499 1180; x_wconf 87' lang='lat' dir='ltr'>Quod</span> <span class='ocrx_word' id='word_1_121' title='bbox 521 1136 668 1172; x_wconf 88' lang='lat' dir='ltr'>autem</span> <span class='ocrx_word' id='word_1_122' title='bbox 690 1127 846 1172; x_wconf 82' lang='lat' dir='ltr'>attinet</span> <span class='ocrx_word' id='word_1_123' title='bbox 865 1127 920 1172; x_wconf 87' lang='lat' dir='ltr'>ad</span> <span class='ocrx_word' id='word_1_124' title='bbox 938 1137 1148 1172; x_wconf 89' lang='lat' dir='ltr'>creaturae</span> <span class='ocrx_word' id='word_1_125' title='bbox 1170 1128 1378 1188; x_wconf 78' lang='lat' dir='ltr'>angelicae</span> <span class='ocrx_word' id='word_1_126' title='bbox 1400 1143 1471 1173; x_wconf 89' lang='lat' dir='ltr'>ac-</span> 
     </span>
     <span class='ocr_line' id='line_1_19' title="bbox 78 1198 1471 1258; baseline 0.001 -16"><span class='ocrx_word' id='word_1_127' title='bbox 78 1199 258 1254; x_wconf 80' lang='lat' dir='ltr'>tionem,</span> <span class='ocrx_word' id='word_1_128' title='bbox 278 1213 356 1257; x_wconf 89' lang='lat' dir='ltr'>per</span> <span class='ocrx_word' id='word_1_129' title='bbox 375 1213 508 1258; x_wconf 85' lang='lat' dir='ltr'>quam</span> <span class='ocrx_word' id='word_1_130' title='bbox 516 1198 817 1243; x_wconf 80' lang='lat' dir='ltr'>universarum</span> <span class='ocrx_word' id='word_1_131' title='bbox 840 1214 986 1242; x_wconf 90' lang='lat' dir='ltr'>rerum</span> <span class='ocrx_word' id='word_1_132' title='bbox 1001 1199 1249 1258; x_wconf 85' lang='lat' dir='ltr'>generibus,</span> <span class='ocrx_word' id='word_1_133' title='bbox 1267 1200 1471 1244; x_wconf 76' lang='lat' dir='ltr'>maxime-</span> 
     </span>
     <span class='ocr_line' id='line_1_20' title="bbox 77 1268 1470 1330; baseline 0.001 -18"><span class='ocrx_word' id='word_1_134' title='bbox 77 1284 164 1330; x_wconf 89' lang='lat' dir='ltr'>que</span> <span class='ocrx_word' id='word_1_135' title='bbox 180 1269 376 1313; x_wconf 87' lang='lat' dir='ltr'>humano</span> <span class='ocrx_word' id='word_1_136' title='bbox 392 1268 667 1329; x_wconf 89' lang='lat' dir='ltr'>providentia</span> <span class='ocrx_word' id='word_1_137' title='bbox 690 1269 768 1313; x_wconf 90' lang='lat' dir='ltr'>Dei</span> <span class='ocrx_word' id='word_1_138' title='bbox 789 1269 1050 1328; x_wconf 85' lang='lat' dir='ltr'>prospicitur</span> <span class='ocrx_word' id='word_1_139' title='bbox 1062 1305 1072 1325; x_wconf 85' lang='lat'>,</span> <span class='ocrx_word' id='word_1_140' title='bbox 1097 1270 1189 1330; x_wconf 89' lang='lat' dir='ltr'>ipsa</span> <span class='ocrx_word' id='word_1_141' title='bbox 1206 1271 1470 1314; x_wconf 78' lang='lat' dir='ltr'>extrinsecus</span> 
     </span>
     <span class='ocr_line' id='line_1_21' title="bbox 78 1338 1471 1400; baseline 0.002 -18"><span class='ocrx_word' id='word_1_142' title='bbox 78 1338 270 1399; x_wconf 88' lang='lat' dir='ltr'>adjuvat,</span> <span class='ocrx_word' id='word_1_143' title='bbox 301 1347 345 1382; x_wconf 89' lang='lat' dir='ltr'>et</span> <span class='ocrx_word' id='word_1_144' title='bbox 364 1354 442 1398; x_wconf 85' lang='lat' dir='ltr'>per</span> <span class='ocrx_word' id='word_1_145' title='bbox 462 1338 536 1383; x_wconf 88' lang='lat' dir='ltr'>illa</span> <span class='ocrx_word' id='word_1_146' title='bbox 558 1338 647 1383; x_wconf 85' lang='lat' dir='ltr'>visa</span> <span class='ocrx_word' id='word_1_147' title='bbox 668 1354 768 1399; x_wconf 81' lang='lat' dir='ltr'>quae</span> <span class='ocrx_word' id='word_1_148' title='bbox 790 1338 943 1384; x_wconf 87' lang='lat' dir='ltr'>similia</span> <span class='ocrx_word' id='word_1_149' title='bbox 966 1348 1067 1384; x_wconf 89' lang='lat' dir='ltr'>sunt</span> <span class='ocrx_word' id='word_1_150' title='bbox 1089 1340 1402 1400; x_wconf 86' lang='lat' dir='ltr'>corporalibus,</span> <span class='ocrx_word' id='word_1_151' title='bbox 1428 1350 1471 1385; x_wconf 84' lang='lat' dir='ltr'>et</span> 
     </span>
     <span class='ocr_line' id='line_1_22' title="bbox 77 1409 1303 1471; baseline 0.002 -18"><span class='ocrx_word' id='word_1_152' title='bbox 77 1424 155 1470; x_wconf 90' lang='lat' dir='ltr'>per</span> <span class='ocrx_word' id='word_1_153' title='bbox 175 1409 266 1470; x_wconf 89' lang='lat' dir='ltr'>ipsa</span> <span class='ocrx_word' id='word_1_154' title='bbox 287 1424 470 1470; x_wconf 90' lang='lat' dir='ltr'>corpora</span> <span class='ocrx_word' id='word_1_155' title='bbox 488 1424 588 1471; x_wconf 87' lang='lat' dir='ltr'>quae</span> <span class='ocrx_word' id='word_1_156' title='bbox 606 1409 811 1468; x_wconf 84' lang='lat' dir='ltr'>angelicae</span> <span class='ocrx_word' id='word_1_157' title='bbox 833 1410 1062 1470; x_wconf 87' lang='lat' dir='ltr'>subjacent</span> <span class='ocrx_word' id='word_1_158' title='bbox 1084 1412 1303 1471; x_wconf 86' lang='lat' dir='ltr'>potestati.</span> 
     </span>
    </p>
   </div>
   <div class='ocr_carea' id='block_1_9' title="bbox 81 1565 1004 1586">
    <p class='ocr_par' dir='ltr' id='par_1_9' title="bbox 81 1565 1004 1586">
     <span class='ocr_line' id='line_1_23' title="bbox 81 1565 1004 1586; baseline 0 1633"><span class='ocrx_word' id='word_1_159' title='bbox 81 1565 1004 1586; x_wconf 95' lang='lat' dir='ltr'> </span> 
     </span>
    </p>
   </div>
   <div class='ocr_carea' id='block_1_10' title="bbox 1005 1568 1471 1587">
    <p class='ocr_par' dir='ltr' id='par_1_10' title="bbox 1005 1568 1471 1587">
     <span class='ocr_line' id='line_1_24' title="bbox 1005 1568 1471 1587; baseline 0 0"><span class='ocrx_word' id='word_1_160' title='bbox 1005 1568 1471 1587; x_wconf 62' lang='lat' dir='ltr'>mmmm</span> 
     </span>
    </p>
   </div>
   <div class='ocr_carea' id='block_1_11' title="bbox 542 1687 991 1741">
    <p class='ocr_par' dir='ltr' id='par_1_11' title="bbox 542 1687 991 1741">
     <span class='ocr_line' id='line_1_25' title="bbox 542 1687 991 1741; baseline 0.002 -4"><span class='ocrx_word' id='word_1_161' title='bbox 542 1687 763 1739; x_wconf 85' lang='lat' dir='ltr'><strong>CAPUT</strong></span> <span class='ocrx_word' id='word_1_162' title='bbox 807 1690 991 1741; x_wconf 84' lang='lat' dir='ltr'>XXVI.</span> 
     </span>
    </p>
   </div>
   <div class='ocr_carea' id='block_1_12' title="bbox 110 1831 1442 1893">
    <p class='ocr_par' dir='ltr' id='par_1_12' title="bbox 110 1831 1442 1893">
     <span class='ocr_line' id='line_1_26' title="bbox 110 1831 1442 1893; baseline 0.002 -15"><span class='ocrx_word' id='word_1_163' title='bbox 110 1831 245 1878; x_wconf 82' lang='lat' dir='ltr'>Deus</span> <span class='ocrx_word' id='word_1_164' title='bbox 266 1847 457 1893; x_wconf 79' lang='lat' dir='ltr'>semper</span> <span class='ocrx_word' id='word_1_165' title='bbox 471 1831 598 1880; x_wconf 82' lang='lat' dir='ltr'>idem</span> <span class='ocrx_word' id='word_1_166' title='bbox 618 1843 665 1879; x_wconf 77' lang='lat' dir='ltr'>ec</span> <span class='ocrx_word' id='word_1_167' title='bbox 683 1834 904 1881; x_wconf 77' lang='lat' dir='ltr'>immotus</span> <span class='ocrx_word' id='word_1_168' title='bbox 927 1833 1238 1881; x_wconf 80' lang='lat' dir='ltr'>administrat</span> <span class='ocrx_word' id='word_1_169' title='bbox 1261 1838 1442 1883; x_wconf 83' lang='lat' dir='ltr'>omnia.</span> 
     </span>
    </p>
   </div>
   <div class='ocr_carea' id='block_1_13' title="bbox 82 1969 1476 2384">
    <p class='ocr_par' dir='ltr' id='par_1_13' title="bbox 82 1969 1476 2384">
     <span class='ocr_line' id='line_1_27' title="bbox 139 1969 1476 2032; baseline 0.003 -19"><span class='ocrx_word' id='word_1_170' title='bbox 139 1969 343 2014; x_wconf 86' lang='lat' dir='ltr'><strong>XLVIII.</strong></span> <span class='ocrx_word' id='word_1_171' title='bbox 374 1971 481 2023; x_wconf 62' lang='lat' dir='ltr'>Qum</span> <span class='ocrx_word' id='word_1_172' title='bbox 508 1984 609 2014; x_wconf 88' lang='lat' dir='ltr'>cum</span> <span class='ocrx_word' id='word_1_173' title='bbox 636 1970 696 2014; x_wconf 85' lang='lat' dir='ltr'>ita</span> <span class='ocrx_word' id='word_1_174' title='bbox 719 1970 826 2026; x_wconf 88' lang='lat' dir='ltr'>sint,</span> <span class='ocrx_word' id='word_1_175' title='bbox 853 1985 954 2015; x_wconf 89' lang='lat' dir='ltr'>cum</span> <span class='ocrx_word' id='word_1_176' title='bbox 983 1973 1098 2016; x_wconf 92' lang='lat' dir='ltr'>Deus</span> <span class='ocrx_word' id='word_1_177' title='bbox 1126 1971 1405 2032; x_wconf 90' lang='lat' dir='ltr'>omnipotens</span> <span class='ocrx_word' id='word_1_178' title='bbox 1433 1982 1476 2018; x_wconf 88' lang='lat' dir='ltr'>et</span> 
     </span>
     <span class='ocr_line' id='line_1_28' title="bbox 82 2039 1474 2100; baseline 0.003 -15"><span class='ocrx_word' id='word_1_179' title='bbox 82 2039 378 2095; x_wconf 88' lang='lat' dir='ltr'>omnitenens,</span> <span class='ocrx_word' id='word_1_180' title='bbox 406 2040 758 2085; x_wconf 87' lang='lat' dir='ltr'>incommutabili</span> <span class='ocrx_word' id='word_1_181' title='bbox 786 2042 1029 2087; x_wconf 82' lang='lat' dir='ltr'>aeternitate</span> <span class='ocrx_word' id='word_1_182' title='bbox 1045 2078 1056 2098; x_wconf 88' lang='lat'>‚</span> <span class='ocrx_word' id='word_1_183' title='bbox 1080 2044 1288 2100; x_wconf 89' lang='lat' dir='ltr'>veritate,</span> <span class='ocrx_word' id='word_1_184' title='bbox 1313 2043 1474 2089; x_wconf 89' lang='lat' dir='ltr'>volun-</span> 
     </span>
     <span class='ocr_line' id='line_1_29' title="bbox 82 2109 1472 2174; baseline 0.005 -20"><span class='ocrx_word' id='word_1_185' title='bbox 82 2119 170 2154; x_wconf 88' lang='lat' dir='ltr'>tate</span> <span class='ocrx_word' id='word_1_186' title='bbox 186 2125 355 2170; x_wconf 85' lang='lat' dir='ltr'>semper</span> <span class='ocrx_word' id='word_1_187' title='bbox 371 2109 487 2156; x_wconf 88' lang='lat' dir='ltr'>idem</span> <span class='ocrx_word' id='word_1_188' title='bbox 501 2146 512 2166; x_wconf 97' lang='lat'>,</span> <span class='ocrx_word' id='word_1_189' title='bbox 537 2127 626 2156; x_wconf 93' lang='lat' dir='ltr'>non</span> <span class='ocrx_word' id='word_1_190' title='bbox 643 2126 722 2171; x_wconf 89' lang='lat' dir='ltr'>per</span> <span class='ocrx_word' id='word_1_191' title='bbox 742 2120 914 2173; x_wconf 89' lang='lat' dir='ltr'>tempus</span> <span class='ocrx_word' id='word_1_192' title='bbox 937 2129 1017 2158; x_wconf 90' lang='lat' dir='ltr'>nec</span> <span class='ocrx_word' id='word_1_193' title='bbox 1038 2129 1116 2174; x_wconf 89' lang='lat' dir='ltr'>per</span> <span class='ocrx_word' id='word_1_194' title='bbox 1138 2113 1290 2160; x_wconf 91' lang='lat' dir='ltr'>locum</span> <span class='ocrx_word' id='word_1_195' title='bbox 1308 2125 1472 2171; x_wconf 88' lang='lat' dir='ltr'>motus,</span> 
     </span>
     <span class='ocr_line' id='line_1_30' title="bbox 82 2184 1475 2247; baseline 0.005 -22"><span class='ocrx_word' id='word_1_196' title='bbox 82 2190 231 2226; x_wconf 87' lang='lat' dir='ltr'>movet</span> <span class='ocrx_word' id='word_1_197' title='bbox 251 2196 329 2241; x_wconf 88' lang='lat' dir='ltr'>per</span> <span class='ocrx_word' id='word_1_198' title='bbox 349 2190 522 2241; x_wconf 87' lang='lat' dir='ltr'>tempus</span> <span class='ocrx_word' id='word_1_199' title='bbox 543 2192 787 2227; x_wconf 88' lang='lat' dir='ltr'>creaturam</span> <span class='ocrx_word' id='word_1_200' title='bbox 804 2184 1057 2244; x_wconf 87' lang='lat' dir='ltr'>spiritalem,</span> <span class='ocrx_word' id='word_1_201' title='bbox 1083 2196 1230 2231; x_wconf 85' lang='lat' dir='ltr'>movet</span> <span class='ocrx_word' id='word_1_202' title='bbox 1256 2187 1384 2231; x_wconf 90' lang='lat' dir='ltr'>etiam</span> <span class='ocrx_word' id='word_1_203' title='bbox 1399 2203 1475 2247; x_wconf 87' lang='lat' dir='ltr'>per</span> 
     </span>
     <span class='ocr_line' id='line_1_31' title="bbox 86 2251 1475 2315; baseline 0.006 -21"><span class='ocrx_word' id='word_1_204' title='bbox 86 2259 256 2310; x_wconf 84' lang='lat' dir='ltr'>tempus</span> <span class='ocrx_word' id='word_1_205' title='bbox 279 2260 324 2296; x_wconf 89' lang='lat' dir='ltr'>et</span> <span class='ocrx_word' id='word_1_206' title='bbox 343 2251 500 2297; x_wconf 76' lang='lat' dir='ltr'>locum&#39;</span> <span class='ocrx_word' id='word_1_207' title='bbox 518 2262 761 2297; x_wconf 81' lang='lat' dir='ltr'>creaturam</span> <span class='ocrx_word' id='word_1_208' title='bbox 784 2256 1077 2315; x_wconf 85' lang='lat' dir='ltr'>corporalem,</span> <span class='ocrx_word' id='word_1_209' title='bbox 1102 2266 1154 2301; x_wconf 86' lang='lat' dir='ltr'>ut</span> <span class='ocrx_word' id='word_1_210' title='bbox 1176 2273 1228 2301; x_wconf 90' lang='lat' dir='ltr'>eo</span> <span class='ocrx_word' id='word_1_211' title='bbox 1249 2267 1374 2302; x_wconf 88' lang='lat' dir='ltr'>motu</span> <span class='ocrx_word' id='word_1_212' title='bbox 1397 2274 1475 2302; x_wconf 85' lang='lat' dir='ltr'>na-</span> 
     </span>
     <span class='ocr_line' id='line_1_32' title="bbox 85 2324 1475 2384; baseline 0.006 -18"><span class='ocrx_word' id='word_1_213' title='bbox 85 2332 203 2367; x_wconf 90' lang='lat' dir='ltr'>turas</span> <span class='ocrx_word' id='word_1_214' title='bbox 218 2339 326 2384; x_wconf 87' lang='lat' dir='ltr'>quas</span> <span class='ocrx_word' id='word_1_215' title='bbox 347 2324 604 2369; x_wconf 87' lang='lat' dir='ltr'>intrinsecus</span> <span class='ocrx_word' id='word_1_216' title='bbox 628 2325 867 2382; x_wconf 90' lang='lat' dir='ltr'>substituit,</span> <span class='ocrx_word' id='word_1_217' title='bbox 894 2328 1025 2372; x_wconf 86' lang='lat' dir='ltr'>etiam</span> <span class='ocrx_word' id='word_1_218' title='bbox 1047 2329 1311 2374; x_wconf 81' lang='lat' dir='ltr'>extrinsecus</span> <span class='ocrx_word' id='word_1_219' title='bbox 1334 2329 1475 2374; x_wconf 89' lang='lat' dir='ltr'>admi-</span> 
     </span>
    </p>
   </div>
   <div class='ocr_carea' id='block_1_14' title="bbox 15 2393 1470 2460">
    <p class='ocr_par' dir='ltr' id='par_1_14' title="bbox 15 2393 1470 2460">
     <span class='ocr_line' id='line_1_33' title="bbox 15 2393 1470 2460; baseline 0.005 -23"><span class='ocrx_word' id='word_1_220' title='bbox 15 2441 18 2448; x_wconf 49' lang='lat'>,</span> <span class='ocrx_word' id='word_1_221' title='bbox 85 2393 259 2450; x_wconf 84' lang='lat' dir='ltr'>nistret,</span> <span class='ocrx_word' id='word_1_222' title='bbox 284 2404 328 2439; x_wconf 90' lang='lat' dir='ltr'>et</span> <span class='ocrx_word' id='word_1_223' title='bbox 347 2410 425 2454; x_wconf 87' lang='lat' dir='ltr'>per</span> <span class='ocrx_word' id='word_1_224' title='bbox 445 2396 692 2441; x_wconf 88' lang='lat' dir='ltr'>voluntates</span> <span class='ocrx_word' id='word_1_225' title='bbox 715 2397 796 2442; x_wconf 90' lang='lat' dir='ltr'>sibi</span> <span class='ocrx_word' id='word_1_226' title='bbox 824 2398 1039 2454; x_wconf 81' lang='lat' dir='ltr'>subditas,</span> <span class='ocrx_word' id='word_1_227' title='bbox 1060 2416 1166 2460; x_wconf 89' lang='lat' dir='ltr'>quas</span> <span class='ocrx_word' id='word_1_228' title='bbox 1183 2416 1261 2460; x_wconf 88' lang='lat' dir='ltr'>per</span> <span class='ocrx_word' id='word_1_229' title='bbox 1282 2410 1470 2460; x_wconf 87' lang='lat' dir='ltr'>tempus,</span> 
     </span>
    </p>
   </div>
   <div class='ocr_carea' id='block_1_15' title="bbox 86 2466 1475 2601">
    <p class='ocr_par' dir='ltr' id='par_1_15' title="bbox 86 2466 1475 2601">
     <span class='ocr_line' id='line_1_34' title="bbox 86 2466 1475 2531; baseline 0.006 -25"><span class='ocrx_word' id='word_1_230' title='bbox 86 2472 131 2507; x_wconf 87' lang='lat' dir='ltr'>et</span> <span class='ocrx_word' id='word_1_231' title='bbox 150 2479 227 2523; x_wconf 87' lang='lat' dir='ltr'>per</span> <span class='ocrx_word' id='word_1_232' title='bbox 254 2479 435 2525; x_wconf 89' lang='lat' dir='ltr'>corpora</span> <span class='ocrx_word' id='word_1_233' title='bbox 455 2466 536 2511; x_wconf 89' lang='lat' dir='ltr'>sibi</span> <span class='ocrx_word' id='word_1_234' title='bbox 557 2476 687 2528; x_wconf 87' lang='lat' dir='ltr'>atque</span> <span class='ocrx_word' id='word_1_235' title='bbox 714 2466 798 2512; x_wconf 88' lang='lat' dir='ltr'>illis</span> <span class='ocrx_word' id='word_1_236' title='bbox 823 2469 1124 2514; x_wconf 87' lang='lat' dir='ltr'>voluntatibus</span> <span class='ocrx_word' id='word_1_237' title='bbox 1151 2471 1346 2526; x_wconf 88' lang='lat' dir='ltr'>subdita,</span> <span class='ocrx_word' id='word_1_238' title='bbox 1373 2487 1475 2531; x_wconf 80' lang='lat' dir='ltr'>quae</span> 
     </span>
     <span class='ocr_line' id='line_1_35' title="bbox 88 2536 1473 2601; baseline 0.005 -23"><span class='ocrx_word' id='word_1_239' title='bbox 88 2548 164 2593; x_wconf 90' lang='lat' dir='ltr'>per</span> <span class='ocrx_word' id='word_1_240' title='bbox 190 2543 362 2596; x_wconf 88' lang='lat' dir='ltr'>tempus</span> <span class='ocrx_word' id='word_1_241' title='bbox 388 2546 431 2582; x_wconf 90' lang='lat' dir='ltr'>et</span> <span class='ocrx_word' id='word_1_242' title='bbox 461 2536 608 2584; x_wconf 86' lang='lat' dir='ltr'>locum</span> <span class='ocrx_word' id='word_1_243' title='bbox 641 2546 809 2594; x_wconf 86' lang='lat' dir='ltr'>movet,</span> <span class='ocrx_word' id='word_1_244' title='bbox 845 2555 897 2584; x_wconf 89' lang='lat' dir='ltr'>eo</span> <span class='ocrx_word' id='word_1_245' title='bbox 926 2549 1122 2601; x_wconf 86' lang='lat' dir='ltr'>tempore</span> <span class='ocrx_word' id='word_1_246' title='bbox 1145 2557 1194 2588; x_wconf 88' lang='lat' dir='ltr'>ac</span> <span class='ocrx_word' id='word_1_247' title='bbox 1220 2541 1318 2588; x_wconf 89' lang='lat' dir='ltr'>loco</span> <span class='ocrx_word' id='word_1_248' title='bbox 1346 2542 1473 2601; x_wconf 84' lang='lat' dir='ltr'>cujus</span> 
     </span>
    </p>
   </div>
  </div>
 </body>
</html>
