1854 3219
336 250 390 280 DE
420 249 572 278 GENESI
605 245 661 276 An
692 244 941 286 LerERAM,
977 248 1060 274 Lm.
1097 248 1157 274 1v.
1373 234 1455 274 267

71 316 235 361 tionem
255 315 411 360 mundi
433 316 448 341 ¹
470 334 480 359 ε
505 312 582 358 sed
605 312 707 373 quia
730 321 836 357 tunc
869 312 950 372 ipsi
977 327 1079 356 eum
1106 311 1224 356 illius
1251 326 1454 367 munere,

69 402 162 431 non
182 401 262 431 suo
282 385 437 430 merito
452 384 523 430 vel
544 382 752 428 facultate
771 391 1068 442 cognoverant
1082 417 1093 438 ‚
1118 381 1274 426 maluit
1294 382 1459 442 tropice

69 458 207 518 loqui,
231 466 282 501 ut
297 465 404 501 tunc
421 455 476 500 ab
494 453 570 499 illo
587 453 782 512 cognitos
799 452 979 509 diceret,
1003 469 1105 498 cum
1117 453 1176 497 eis
1197 468 1460 511 eognoscen-

68 526 177 572 dum
199 542 245 572 se
268 526 485 587 praestitit,
514 534 557 570 et
583 525 767 571 verbum
788 524 1024 584 corrigere,
1059 524 1185 585 quasi
1208 525 1293 568 hoc
1314 524 1459 569 minus

0 581 6 595 β
69 609 186 644 recte
214 598 384 655 dixerit,
416 596 539 659 quod
558 597 733 658 proprie
759 595 946 652 dixerat,
978 612 1111 657 quam
1139 597 1279 640 sinere
1301 604 1353 640 ut
1375 596 1459 641 hoc

70 670 153 715 sibi
175 678 426 730 arrogarent
447 685 491 715 se
512 669 728 731 potuisse,
749 667 870 730 quod
892 667 951 713 eis
971 683 1096 728 posse
1111 666 1186 713 ille
1203 666 1455 713 donaverat.

610 947 832 999 CAPUT
865 949 930 997 X.

78 1096 294 1159 Quaestio
320 1110 389 1141 an
416 1096 518 1156 ipse
540 1094 677 1142 Deus
694 1095 892 1157 proprie
920 1095 1218 1156 requiescere
1234 1095 1458 1156 potuerit.

128 1234 337 1278 XX.'H1c
358 1248 462 1292 ergo
483 1232 730 1278 intellectus
745 1268 756 1288 ,
780 1234 826 1278 in
848 1248 900 1277 eo
927 1232 1049 1294 quod
1071 1233 1265 1293 positum
1290 1242 1375 1288 est,
1396 1248 1465 1277 re-

69 1305 282 1367 quievisse
298 1308 440 1349 Deum
462 1305 517 1348 ab
539 1305 744 1350 omnibus
766 1305 972 1366 operibus
991 1305 1092 1361 suis,
1115 1320 1215 1366 quae
1229 1302 1334 1349 fecit
1348 1305 1464 1350 bona

68 1376 227 1434 valde,
247 1376 351 1436 quia
371 1376 462 1435 ipse
491 1391 569 1420 nos
595 1374 701 1421 facit
724 1377 1015 1437 requiescere,
1052 1393 1153 1421 cum
1180 1377 1297 1421 bona
1333 1391 1465 1436 opera

68 1446 300 1493 fecerimus
315 1482 327 1502 ‚
358 1446 624 1507 quibusdam
657 1447 771 1493 forte
799 1448 1021 1492 suffecerit
1058 1468 1066 1493 :
1105 1448 1182 1493 sed
1219 1464 1298 1493 nos
1331 1449 1465 1509 hujus

66 1518 295 1565 sententiae
314 1517 638 1578 Scripturarum
660 1519 1006 1565 consideratione
1022 1529 1235 1580 suscepta,
1255 1535 1466 1579 urgemur

69 1606 266 1653 quaerere
280 1625 292 1646 ‚
332 1606 527 1651 quonam
564 1592 697 1637 modo
729 1600 772 1636 et
806 1591 898 1652 ipse
942 1592 1213 1653 requiescere
1245 1593 1461 1652 potuerit3

68 1662 266 1724 quamvis
287 1661 438 1722 requie
461 1677 538 1706 sua
561 1663 688 1708 nobis
714 1663 933 1708 insinuata
950 1699 961 1719 ‚
987 1678 1158 1723 sperare
1187 1662 1466 1708 admonuerit

69 1734 117 1778 in
133 1748 178 1778 se
198 1732 396 1794 requiem
416 1743 610 1778 nostram
631 1732 843 1778 futuram.
865 1735 985 1779 Sicut
1002 1734 1122 1778 enim
1142 1735 1234 1794 ipse
1255 1733 1359 1779 fecit
1380 1751 1467 1779 coe¹

69 1802 165 1847 lum
185 1812 231 1847 et
256 1811 433 1859 terram,
458 1813 502 1848 et
523 1819 573 1848 ea
594 1820 693 1865 quae
721 1805 769 1848 in
800 1804 859 1848 eis
881 1814 999 1859 sunt,
1024 1813 1069 1848 et
1091 1804 1237 1849 omnia
1256 1814 1376 1850 sexto
1394 1804 1465 1849 die

69 1874 410 1932 consummavit3
436 1889 518 1919 nec
540 1874 588 1918 in
617 1875 677 1919 eis
704 1873 872 1935 aliquid
894 1874 981 1920 dici
1002 1884 1147 1935 potest
1169 1891 1248 1920 nos
1273 1891 1462 1932 creasse,

69 1943 146 1989 illo
176 1944 369 1989 donante
392 1953 443 1989 ut
470 1960 714 1990 crearemus
730 1981 740 2001 ‚
768 1955 812 1990 et
832 1944 932 1990 ideo
959 1945 1126 1990 dictum
1148 1962 1238 1991 esse
1258 1983 1268 2002 ,
1300 1967 1319 1989 «
1345 1949 1465 1992 Con-

72 2033 95 2059 »
115 2016 348 2061 summavit
364 2019 477 2061 Deus
490 2017 538 2060 in
555 2015 626 2061 die
648 2026 768 2062 sexto
787 2033 915 2077 opera
930 2033 1006 2062 sua
1018 2054 1028 2073 ,
1049 2034 1149 2079 quae
1166 2017 1271 2063 fecit
1283 2054 1293 2073 ‚
1319 2036 1341 2060 ³>
1361 2019 1464 2080 quia

69 2095 122 2132 ut
138 2103 162 2131 a
179 2087 306 2131 nobis
318 2096 729 2132 consummarentur
739 2089 829 2148 ipse
849 2088 1075 2148 praestitit:
1097 2089 1156 2133 ita
1178 2098 1221 2134 et
1236 2089 1358 2150 quod
1375 2089 1464 2136 dic-

71 2167 167 2203 tum
185 2167 275 2204 est:
303 2177 324 2201 «
336 2159 573 2220 Requievit
586 2162 701 2204 Deus
718 2159 763 2204 in
782 2160 852 2204 die
867 2161 1053 2221 septimo
1065 2161 1120 2216 ab
1138 2161 1341 2211 omnibus
1359 2178 1465 2223 ope>-

74 2246 97 2270 »
132 2229 253 2273 ribus
282 2229 386 2286 suis,
425 2246 526 2290 quae
544 2230 671 2286 fecit,
703 2248 723 2272 υ
745 2246 838 2276 non
857 2232 1010 2292 utique
1027 2240 1222 2276 nostram
1239 2233 1433 2293 requiem
1449 2270 1461 2290 ,

13 2299 16 2311 “
72 2313 206 2360 quam
220 2298 488 2344 concedente
505 2301 599 2360 ipso
617 2300 818 2360 adepturi
835 2318 984 2347 sumus
996 2338 1006 2358 ‚
1021 2302 1097 2347 sed
1110 2303 1242 2363 ipsius
1260 2304 1460 2364 primitus

15 2424 17 2426 q
74 2367 316 2429 intefljgere
333 2370 559 2426 debemus,
585 2371 728 2431 quain
746 2373 929 2432 septimo
951 2373 1020 2417 die
1037 2374 1249 2435 requievit
1261 2390 1464 2420 consum-

76 2439 203 2483 matis
224 2440 428 2499 operibus
441 2462 451 2498 3
465 2451 515 2486 ut
527 2442 646 2502 prius
659 2443 804 2487 omnia
819 2460 920 2504 quae
928 2445 1087 2504 scripta
1101 2453 1203 2489 sunt
1212 2443 1325 2490 facta
1336 2461 1461 2489 mons

15 2501 18 2545 ᾗ
75 2519 260 2565 nentur,
289 2519 333 2555 et
353 2509 510 2557 deinde
538 2513 571 2558 si
601 2529 712 2572 opus
738 2523 823 2570 est,
854 2516 984 2560 etiam
1011 2515 1178 2576 aliquid
1199 2516 1458 2574 significasse

123 2612 133 2628 ¹
158 2616 170 2638 ι
194 2608 262 2639 Pet.
287 2618 312 2648 1,
337 2618 389 2640 10.
