1854 3219
362 233 415 258 m:
447 230 601 259 (ιΕΝτζεῐ
635 230 689 256 An
722 231 960 267 urruns-1,
998 232 1078 258 Lm.
1115 231 1209 257 ΠΠ.
1394 216 1470 255 4⁵21

93 305 238 339 autem
259 295 460 340 cumdem
480 295 726 356 paradisum
745 297 822 355 ipsi
841 298 936 351 sibi,
958 314 1012 340 ne
1030 297 1193 357 aliquid
1212 294 1474 348 admitteret,

91 382 225 426 quare
246 367 350 412 inde
368 376 607 411 mereretur
624 366 791 426 expelli.
803 368 1009 428 Denique
1030 367 1195 426 accepit
1216 375 1259 410 et
1278 381 1475 425 praecep-

91 446 204 493 tum‚
224 446 274 481 ut
290 439 344 482 sit
362 437 575 498 perwquod
593 437 675 481 sibi
693 436 910 481 custodiat
927 436 1174 497 paradisum
1189 472 1200 491 ‚
1220 436 1266 480 id
1284 445 1368 491 est,
1388 452 1476 496 quo

89 517 343 554 conservato
366 524 457 553 non
479 508 580 552 inde
607 508 874 569 projiciatur.
906 511 1040 553 Recte
1062 508 1178 551 enim
1195 507 1379 567 quisque
1407 506 1476 550 di-

89 579 203 623 citur
225 595 315 624 non
338 579 579 624 custodisse
595 594 686 623 rem
717 594 838 623 suam
855 614 865 634 ‚
899 579 974 640 qui
996 579 1054 623 sic
1074 579 1160 636 egit
1187 586 1238 620 ut
1259 577 1477 620 amitteret

85 663 184 694 eam
199 685 211 706 ‚
236 650 403 695 etiamsi
424 649 547 695 alteri
569 649 683 695 salva
704 649 783 705 sit,
815 649 891 710 qui
916 665 1009 694 eam
1033 647 1292 695 vel‘invenit
1311 646 1382 692 vel
1404 663 1477 691 ac-

87 721 230 781 cipere
250 722 426 766 meruit.

144 794 313 837 XXIII.
340 795 417 837 Est
437 792 545 837 alius
573 792 619 837 in
649 793 716 838 his
736 793 878 837 verbis
899 807 1073 848 sensus,
1099 806 1230 853 quem
1248 799 1356 851 puto
1382 805 1474 834 non

83 862 304 908 immerito
324 863 672 923 praeponendum
688 899 699 920 ‚
724 873 775 908 ut
801 864 944 924 ipsum
976 864 1199 908 hominem
1221 870 1474 922 operaretur

83 935 199 977 Deus
225 942 270 977 et
301 934 552 978 custodiret.
594 935 713 979 Sicut
743 935 859 978 enim
895 944 1098 994 operatur
1124 935 1257 978 homo
1288 943 1470 986 terrani,

83 1018 173 1048 non
195 1013 246 1048 ut
267 1019 363 1049 eam
385 1004 514 1050 faciat
535 1020 625 1049 esso
646 1015 828 1061 terram,
849 1005 925 1050 sed
945 1015 996 1050 ut
1016 1005 1180 1051 cultam
1199 1014 1330 1064 atque
1350 1003 1472 1047 sruc-

82 1083 252 1119 tuosam
272 1095 280 1120 :
298 1076 357 1120 sic
374 1079 489 1121 Deus
507 1077 729 1121 hominem
749 1077 889 1122 multo
907 1078 1062 1136 magis⁷
1084 1092 1215 1137 quem
1237 1076 1328 1135 ipse
1351 1089 1473 1119 crea-

81 1145 144 1190 vit
161 1155 211 1190 ut
231 1146 365 1191 homo
387 1147 460 1203 sit,
487 1163 589 1191 eum
610 1148 700 1208 ipse
726 1158 930 1209 operatur
951 1157 1002 1192 ut
1014 1149 1156 1208 justus
1177 1148 1231 1191 sit
1248 1182 1258 1202 ‚
1284 1147 1318 1190 si
1340 1146 1473 1190 homo

79 1216 137 1259 ab
160 1216 234 1261 illo
254 1233 332 1277 per
352 1218 601 1278 superbiam
623 1235 713 1263 non
735 1218 940 1263 abscedat
967 1235 976 1259 τ
1005 1219 1090 1262 hoc
1112 1227 1176 1262 est
1203 1218 1319 1261 enim
1344 1232 1473 1276 apos-

81 1294 218 1330 tatare
251 1305 274 1333 a
306 1291 398 1333 Deo
414 1324 425 1344 ,
465 1290 586 1349 quod
619 1289 795 1333 initium
829 1289 1043 1348 superbiae
1085 1288 1306 1348 Scriptura
1335 1288 1441 1331 dicit
1457 1322 1468 1342 ‚

84 1377 104 1400 «
141 1358 337 1415 Initium,
364 1360 529 1420 inquit,
551 1360 766 1419 superbiae
778 1360 967 1404 hominis
985 1368 1227 1419 apostatare
1245 1375 1268 1402 a
1282 1362 1373 1403 Deo
1391 1361 1419 1402 ¹.
1446 1376 1468 1399 »

79 1429 191 1482 Quia
211 1444 315 1488 ergo
336 1433 451 1475 Deus
471 1439 535 1474 est
557 1431 919 1475 incommutabile
942 1431 1109 1474 bonum
1126 1466 1136 1485 ,
1162 1431 1295 1474 homo
1325 1439 1471 1474 autem

79 1508 123 1543 et
148 1499 388 1544 secundum
415 1502 606 1545 animam
628 1510 672 1545 et
697 1501 940 1545 secundum
974 1517 1132 1561 corpus
1160 1500 1382 1545 mutabilis
1406 1516 1471 1544 res

77 1580 168 1628 est3
188 1571 270 1616 nisi
299 1572 354 1616 ad
376 1572 737 1617 incommutabile
759 1573 928 1617 bonum
942 1609 952 1628 ‚
974 1573 1095 1634 quod
1118 1582 1181 1617 est
1202 1577 1339 1627 Deus,
1365 1588 1471 1617 con-

77 1657 224 1686 versus
253 1642 515 1698 substiterit,
550 1642 729 1688 formari
752 1653 802 1688 ut
824 1645 967 1704 justus
996 1644 1240 1704 beatusque
1273 1644 1327 1688 sit
1344 1679 1354 1698 ‚
1380 1659 1469 1687 non

14 1774 18 1775 ⁷
77 1721 234 1771 potest.
250 1715 313 1757 Ac
326 1728 403 1772 per
415 1714 500 1757 hoc
517 1716 632 1758 Deus
648 1714 765 1757 idem
783 1715 859 1774 qui
872 1724 991 1759 creat
1006 1715 1248 1769 hominem,
1268 1724 1319 1758 ut
1335 1716 1469 1759 homo

76 1783 152 1837 sit,
171 1783 262 1842 ipse
277 1792 482 1843 operatur
494 1784 716 1827 hominem
736 1794 868 1844 atque
885 1784 1075 1829 custodit
1086 1821 1096 1840 ‚
1112 1795 1163 1829 ut
1179 1786 1309 1829 etiam
1325 1785 1468 1829 bonus

76 1853 316 1914 beatusque
348 1855 417 1898 sit.
457 1857 732 1914 Quapropter
765 1871 853 1915 qua
883 1854 1106 1899 locutione
1142 1855 1302 1899 dicitur
1334 1856 1468 1900 homo

75 1924 244 1983 operari
266 1933 450 1980 terram,
475 1941 575 1986 quae
590 1926 681 1985 jam
703 1934 817 1969 terra
840 1934 952 1980 erat,
984 1935 1033 1970 ut
1055 1935 1204 1970 ornata
1226 1936 1357 1986 atque
1379 1924 1467 1969 foe-

28 2000 32 2003 '
74 1994 221 2039 cunda
251 1995 326 2050 sit⁷
359 2011 409 2039 ea
440 1994 663 2040 locutione
697 1996 858 2040 dicitur
879 2000 993 2041 Deus
1022 1997 1191 2056 operari
1218 1997 1465 2051 hominem,

75 2065 152 2125 qui
178 2066 268 2125 jam
290 2066 424 2111 homo
446 2076 558 2122 erat,
580 2075 630 2111 ut
650 2067 748 2126 pius
777 2068 1034 2128 sapiensque
1056 2068 1135 2122 sit,
1161 2083 1350 2128 eumque
1370 2084 1469 2113 cus-

77 2134 219 2180 todire
234 2171 245 2191 ‚
266 2136 388 2197 quod
415 2138 549 2182 homo
566 2154 641 2182 sua
664 2147 877 2197 potestate
894 2139 939 2182 in
963 2154 1028 2195 se,
1054 2155 1187 2199 quam
1205 2138 1318 2183 illius
1336 2156 1466 2200 supra

76 2221 122 2249 se
149 2205 412 2263 delectatus,
442 2207 875 2270 dominationemque
910 2212 1001 2270 ejus
1030 2219 1314 2255 contemnens
1346 2220 1466 2255 tutus

77 2291 169 2321 esse
191 2292 281 2321 non
301 2278 450 2337 possit.

123 2379 131 2395 ¹
152 2372 252 2405 Eccli.
273 2384 308 2415 x,
330 2372 382 2415 ¹4·
