1854 3219
9 254 94 292 ἒ»

9 322 93 363 ἓ»

72 410 92 434 ))

71 481 92 504 ))

71 552 91 576 ))

6 639 7 644 ,
70 624 90 647 ))

0 656 11 677 ,ι

69 694 89 717 ))

5 768 7 772 ’
68 765 89 789 ))

3 834 7 858 J
67 835 88 859 »
118 827 261 878 petra
272 838 294 873 ,·
306 827 451 877 petra
465 827 627 863 autem
643 827 750 862 erat
776 815 1026 862 Christus&
1049 818 1179 872 Quod
1197 819 1349 879 utique
1366 834 1456 863 non

0 927 1 936 ,
67 906 88 930 ))

1 973 5 1014 ξ
66 976 87 1000 »

0 1041 5 1053 ⁸
65 1047 86 1072 ))

65 1119 86 1142 ))

65 1190 86 1213 ))

67 1264 84 1285 ))

64 1330 86 1355 ))

0 1436 1 1441 1
64 1402 85 1426 ))

64 1473 84 1497 ))

65 1546 84 1569 ))

63 1616 84 1639 ))

63 1685 84 1709 ))

64 1756 85 1780 ))

64 1826 85 1850 ))

64 1898 85 1922 ))

366 187 420 213 DE
453 183 662 213 DocTIuNA
695 182 948 213 CHRISTIANA
980 188 1063 214 Lm.
1101 190 1159 214 1v.
1405 180 1457 217 93

129 266 210 295 nus
231 250 406 311 plebem
422 265 544 295 suam
565 250 620 294 ab
634 250 833 295 hostibus
854 249 1075 306 liberaret,
1094 251 1255 296 obtulit
1271 252 1459 297 hoedum

128 337 376 381 caprarum,
403 322 527 382 cujus
550 336 725 365 carnem
747 320 988 365 secundum
1013 332 1282 381 praeceptum
1302 323 1458 381 Angeli

128 401 171 436 et
193 408 343 451 azyma
361 407 490 452 supra
506 400 671 451 petram
692 391 859 451 posuit,
877 400 920 435 et
936 407 985 436 ea
1004 393 1103 452 jure
1119 392 1336 452 perfudit:
1358 410 1458 454 quae

127 463 257 508 simul
278 472 328 508 ut
355 463 487 521 virgae
508 463 755 518 cacumine,
781 478 914 523 quam
934 464 1133 520 gerebat,
1159 464 1351 522 Angelus
1380 465 1458 509 Dei

126 535 329 593 contigit,
369 533 423 578 de
459 543 581 594 petra
602 534 712 592 ignis
735 535 879 593 erupit
893 569 904 589 ,
941 543 1072 595 atque
1109 535 1168 579 ita
1198 535 1457 579 sacrificium

125 605 247 666 quod
268 606 535 651 offerebatur
557 606 841 665 absumptum
860 615 937 649 est.
960 608 1057 658 Quo
1074 605 1236 650 indicio
1259 604 1457 650 declara-

124 685 221 720 tum
241 675 430 733 videtur,
464 675 585 738 quod
606 685 727 736 petra
749 675 823 720 illa
846 685 1003 736 typum
1030 676 1232 720 habuerit
1265 676 1457 736 eorporis

124 747 305 804 Christi,
329 748 431 808 quia
452 748 664 808 scriptum
686 755 749 791 est
765 783 775 803 ,
801 745 1048 792 Bibebant
1066 745 1127 792 de
1149 748 1461 806 consequenti

123 888 179 933 ad
200 887 472 933 divinitatem
496 890 586 949 ejus
601 924 611 944 ⁷
644 887 720 933 sed
741 887 797 932 ad
819 904 993 932 carnem
1024 889 1209 933 relatum
1241 898 1331 946 est,
1356 905 1456 949 quae

123 958 362 1004 sitientium
383 959 515 1004 corda
537 958 803 1019 populorum
824 959 1006 1018 perenni
1028 959 1120 1005 rivo
1143 959 1208 1003 sui
1234 958 1455 1017 sanguinis

121 1029 367 1075 inundavit.
385 1033 410 1075 J
414 1046 483 1075 am
504 1040 611 1076 tunc
629 1030 762 1088 igitur
782 1029 828 1072 in
848 1030 1052 1088 mysterio
1076 1028 1345 1073 declaratum
1367 1038 1452 1084 est,

121 1101 224 1161 quia
240 1101 452 1146 Dominus
474 1104 597 1146 Jesus
619 1101 665 1145 in
687 1116 816 1145 carne
838 1116 936 1155 sua,
959 1100 1091 1144 totius
1108 1100 1263 1144 mundi
1280 1109 1456 1159 peccata

122 1172 352 1217 crucifixus
380 1172 600 1227 aboleret,
632 1188 712 1216 nec
740 1171 881 1217 solum
910 1171 1067 1215 delicta
1099 1171 1316 1215 sactorum
1333 1207 1343 1226 ,
1379 1170 1456 1215 sed

121 1243 248 1287 etiam
273 1243 532 1302 cupiditates
557 1243 818 1287 animorum.
840 1246 951 1287 Caro
980 1243 1096 1286 enim
1130 1242 1255 1286 hoedi
1279 1242 1334 1285 ad
1356 1241 1454 1286 cul-

119 1328 222 1373 pam
243 1312 346 1357 faeti
362 1311 548 1357 refertur
564 1334 574 1370 3
588 1315 659 1373 jus
677 1311 731 1356 ad
753 1311 979 1356 illecebras
1001 1311 1314 1372 cupiditatum,
1341 1312 1455 1356 sicut

120 1384 328 1444 scriptum
347 1393 411 1428 est
434 1403 442 1429 ι
476 1384 607 1444 Quia
629 1383 897 1443 concupivit
915 1381 1121 1442 populas
1139 1382 1455 1443 cupiditatem

117 1454 405 1515 pessimam,
432 1463 478 1498 et
499 1452 752 1498 dix-erant:
786 1454 907 1516 Quis
929 1469 1016 1497 nos
1038 1452 1221 1498 cibabit
1242 1449 1455 1498 earne'2?

120 1526 250 1579 Quod
272 1527 402 1584 igitur
419 1525 616 1570 extendit
627 1525 818 1584 Angelus
838 1525 1019 1583 virgam,
1042 1534 1084 1569 ct
1108 1525 1249 1584 tetigit
1265 1535 1449 1585 petram,

119 1600 174 1641 de
201 1614 289 1659 qua
321 1598 430 1656 ignis
453 1597 577 1653 exiit,
612 1597 801 1642 ostendit
823 1596 943 1658 quod
964 1613 1064 1642 caro
1089 1598 1261 1642 Domini
1290 1598 1454 1657 Spiritu

119 1667 283 1728 repleta
304 1666 469 1723 divino,
485 1676 661 1727 peccata
681 1668 826 1712 omnia
840 1669 1045 1713 humanae
1061 1668 1322 1713 conditionis
1345 1684 1453 1713 exu-

121 1747 248 1783 reret.
277 1737 402 1783 Unde
434 1747 477 1782 et
498 1739 709 1782 Dominus
736 1739 821 1783 ait:
847 1737 1024 1800 Ignem
1044 1740 1158 1783 veni
1188 1740 1375 1783 mittere
1404 1740 1453 1783 in

123 1810 343 1864 terram³‚
359 1817 401 1853 et
414 1817 569 1853 caetera
588 1828 597 1853 1
617 1809 663 1852 in
677 1809 838 1870 quibus
852 1809 913 1852 rei
925 1808 1136 1854 docendae
1152 1825 1199 1853 ac
1212 1808 1452 1869 probandae

120 1881 303 1925 maxime
324 1880 584 1926 incumbiffl.
602 1900 619 1922 »

119 1954 298 1996 XLVII.
324 1954 387 1996 De
410 1966 567 2010 genere
589 1959 829 2011 temperato
852 1960 916 1996 est
934 1950 1051 2012 apud
1069 1950 1339 2011 Cyprianum
1362 1951 1454 1997 vir-

62 2022 250 2083 ginitatis
266 2021 341 2067 illa
360 2021 576 2067 laudatio:
600 2025 757 2069 «Nunc
780 2023 907 2067 nobis
932 2022 984 2067 ad
1007 2023 1195 2082 virgines
1211 2038 1351 2068 sermo
1370 2032 1447 2079 est,

64 2112 86 2136 ))

65 2183 86 2207 ))

65 2255 86 2278 ))

67 2326 87 2349 ))

39 2397 88 2421 ’))

120 2109 307 2155 quarum
328 2109 417 2154 quo
441 2092 668 2137 sublimior
695 2091 829 2152 gloria
851 2103 940 2149 est,
974 2095 1109 2154 major
1130 2103 1174 2138 et
1206 2111 1324 2139 cura.
1351 2094 1452 2140 Flos

121 2174 184 2210 est
203 2164 276 2209 ille
298 2163 570 2210 ecclesiastici
595 2165 795 2223 germinis
813 2201 823 2220 ‚
840 2164 971 2210 decus
994 2175 1125 2227 atque
1145 2175 1450 2210 ornamentum

122 2236 269 2296 gratiae
301 2235 502 2296 spiritalis
518 2272 528 2292 ‚
564 2235 665 2280 laeta
688 2236 857 2281 indoles
882 2236 1022 2281 laudis
1046 2247 1089 2281 et
1110 2237 1287 2282 honoris
1304 2274 1314 2293 ‚
1342 2253 1450 2297 opus

122 2308 338 2366 integrum
360 2316 492 2369 atque
513 2307 832 2368 incorruptum,
858 2309 935 2353 Dei
953 2309 1094 2367 imago
1112 2309 1378 2369 respondens
1396 2307 1452 2352 ad

123 2379 450 2424 sanctimoniam
483 2379 680 2435 Domini,
705 2378 913 2424 illustrior
935 2380 1076 2440 portio
1107 2380 1246 2439 gregis
1272 2379 1447 2424 Christi.

112 2483 121 2499 ¹
154 2489 166 2509 1
188 2479 260 2510 Cor.
281 2488 314 2519 x,
338 2476 373 2519 4.
401 2494 443 2501 -
463 2484 476 2500 ²
494 2478 587 2510 Num.
609 2489 654 2520 xx,
673 2475 705 2520 4.
730 2494 770 2501 -
791 2475 804 2501 3
829 2479 908 2511 Luc.
935 2489 999 2521 xn,
1020 2477 1074 2521 [¹9.
1105 2494 1148 2500 —-
1165 2475 1181 2506 4
1214 2479 1257 2509 Ex
1285 2476 1452 2510 Ambrosio

64 2531 120 2566 lib.
138 2545 145 2565 1
163 2533 204 2566 de
221 2533 341 2577 Spiritu
359 2539 470 2567 sancto
483 2532 514 2566 in
530 2533 672 2577 prologo.
