1854 3219
320 213 375 240 DE
407 211 559 240 enims-³1
593 209 648 237 An
680 209 925 249 uma-Eunt,
961 212 1044 239 Lm.
1081 213 1158 238 vn.
1355 200 1438 238 377

56 276 264 323 foedatur.
292 276 377 322 Sed
397 277 510 322 sieut
539 276 657 331 haec,
683 285 864 336 excepto
893 276 1014 337 quod
1038 277 1131 337 jam
1159 291 1260 321 earo
1287 284 1375 332 est,
1394 276 1440 320 in

55 365 142 411 qua
162 358 316 393 natura
333 346 403 394 vel
421 347 594 408 proficit
615 355 664 392 ut
685 346 885 407 pulchra,
905 347 975 392 vel
996 347 1143 393 deficit
1165 357 1215 392 ut
1233 346 1440 392 deformis

55 421 125 475 sit,
144 419 303 464 habuit
319 418 449 463 etiam
474 418 719 473 materiem,
740 417 786 462 id
808 427 892 474 est,
909 427 1087 475 terram,
1108 418 1163 463 de
1190 435 1276 480 qua
1299 419 1436 474 fieret,

54 500 105 536 ut
122 491 299 535 omnino
321 505 421 534 earo
449 498 578 534 esset:
608 490 668 534 sie
688 487 866 534 fortasse
894 491 1038 549 potuit
1060 499 1103 534 et
1126 490 1289 544 anima,
1314 499 1439 534 ante-

51 577 185 623 quam
208 577 256 606 ea
277 561 369 621 ipsa
383 570 538 605 natura
560 561 704 616 fieret,
729 576 828 622 quae
852 561 993 606 anima
1014 561 1195 615 dieitur,
1226 561 1292 621 cuj
1302 577 1347 605 us
1370 561 1439 604 vel

52 631 337 694 pulchritudo
361 632 513 687 virtus,
540 630 609 677 vel
634 631 885 676 deformitas
908 633 1061 677 vitium
1080 641 1158 688 est,
1177 631 1339 676 habere
1357 631 1438 675 ali-

53 717 185 764 quam
207 702 432 747 materiam
454 718 534 762 pro
561 717 638 747 suo
658 717 814 762 genere
834 702 1092 762 spiritalem,
1118 718 1217 763 quae
1240 701 1439 746 nondum

51 783 162 819 esset
183 773 353 831 anima3
377 773 490 818 sieut
516 782 629 818 terra
660 773 714 817 de
745 789 831 834 qua
859 789 959 820 earo
985 772 1097 820 faeta
1122 783 1205 830 est,
1231 774 1322 834 jam
1347 781 1439 818 erat

52 843 238 905 aliquid,
263 843 460 905 quamvis
482 859 572 889 non
593 852 685 888 erat
701 859 814 889 caro.

51 1002 333 1020 mxwuwuwvs
548 1002 971 1020 MMMMMMMMWQAWM
976 1001 1434 1019 WUMMSWWVWRMSW

541 1119 764 1168 CAPUT
799 1121 932 1168 V111.

78 1259 195 1305 Dic-z·
207 1274 305 1304 non
322 1274 464 1319 posse
485 1257 643 1319 qualis
646 1258 831 1322 ficisset
852 1258 938 1305 illa
960 1260 1186 1305 materies
1209 1260 1401 1304 animoe.

106 1395 164 1438 X.
185 1395 269 1439 SED
286 1394 401 1437 enim
408 1395 500 1454 jam
518 1403 631 1439 terra
645 1393 857 1454 implebat
870 1393 1024 1439 mundi
1041 1395 1235 1439 infimam
1249 1403 1433 1455 partem,

48 1473 283 1525 antequam
297 1463 353 1509 de
367 1463 440 1508 illa
457 1479 614 1524 eorpus
630 1465 818 1509 hominis
836 1466 973 1520 fieret,
988 1464 1214 1510 conferens
1234 1466 1435 1510 universo

49 1544 190 1580 totum
208 1549 358 1590 suum,
384 1544 434 1579 ut
455 1534 621 1580 etiamsi
643 1533 765 1579 nulla
792 1550 842 1579 ex
869 1551 918 1579 ea
940 1551 1039 1580 earo
1062 1537 1185 1580 fieret
1206 1537 1436 1580 animantis

48 1607 328 1667 cujusquam,
353 1606 494 1666 speeie
514 1614 661 1650 tamen
683 1621 759 1650 sua
780 1604 937 1649 mundi
958 1604 1167 1650 fabricam
1184 1605 1435 1667 molemque

46 1677 304 1738 compleret,
341 1675 582 1722 seeundum
610 1692 742 1737 quam
775 1675 934 1721 dieitur
967 1677 1159 1722 mundus
1197 1677 1361 1722 eoelum
1392 1687 1436 1723 et

46 1758 186 1794 terra:
221 1757 264 1792 at
290 1763 393 1792 vero
426 1746 500 1792 issa
529 1746 730 1807 spiritalis
758 1748 980 1803 materies,
1007 1748 1039 1792 si
1073 1748 1162 1793 fuit
1193 1747 1284 1793 ulla
1316 1749 1435 1794 unde

46 1820 188 1864 anima
210 1820 355 1874 fieret,
379 1817 450 1863 vel
469 1818 503 1863 si
529 1827 592 1862 est
613 1818 703 1862 ulla
729 1817 848 1862 unde
872 1819 1027 1863 animae
1052 1819 1188 1875 fiunt,
1208 1819 1316 1880 quid
1344 1820 1434 1879 ipsa

47 1893 138 1935 est?
165 1890 296 1943 Quod
325 1904 508 1944 nomen,
528 1904 660 1950 quam
693 1889 904 1948 speeiem,
925 1904 1057 1950 quem
1084 1905 1213 1934 usum
1233 1890 1280 1933 in
1305 1890 1435 1936 rebus

45 1960 230 2007 conditis
265 1963 414 2006 tenet?
441 1961 558 2006 Vivit
592 1977 648 2005 an
671 1963 789 2005 non?
815 1961 857 2006 Si
895 1961 1021 2016 vivit,
1047 1961 1154 2022 quid
1188 1962 1305 2021 agit?
1326 1962 1434 2023 quid

46 2031 217 2078 confert
243 2032 534 2078 universitatis
561 2032 821 2077 effectibus?
850 2035 1110 2077 Beatam-ne
1136 2033 1271 2078 vitam
1298 2034 1431 2093 gerit,

47 2120 102 2148 au
122 2105 343 2160 miseram,
378 2120 434 2148 an
463 2106 694 2148 neutram?
725 2103 928 2148 Vivifieat
967 2103 1157 2165 aliquid,
1183 2120 1239 2148 an
1269 2104 1324 2149 ab
1350 2106 1434 2150 hoe

45 2175 174 2220 etiam
213 2191 342 2235 opere
372 2184 517 2230 vacat,
553 2184 596 2219 et
627 2175 673 2219 in
704 2174 898 2236 quodam
939 2185 1104 2221 secreto
1144 2177 1434 2221 universitatis

45 2247 179 2291 otiosa
193 2247 446 2307 requiescit,
462 2247 553 2291 sine
573 2245 692 2304 vigili
710 2262 838 2292 sensu
857 2257 1068 2309 motuque
1084 2247 1232 2293 vitali?
1256 2249 1299 2293 Si
1316 2248 1432 2292 enim

46 2317 166 2361 nulla
188 2333 362 2377 prorsus
385 2318 529 2362 adhue
549 2318 637 2362 vita
656 2327 761 2373 erat,
780 2319 1003 2379 quomodo
1026 2328 1136 2364 esset
1152 2319 1254 2364 vitae
1272 2318 1432 2364 futurae

45 2387 247 2447 quaedam
267 2387 521 2447 incorporea
550 2404 630 2432 nee
662 2388 759 2433 viva
790 2390 1020 2434 materies?
1051 2393 1141 2435 Aut
1162 2389 1322 2434 falsum
1344 2399 1429 2445 est,

47 2466 122 2502 aut
143 2457 270 2502 nimis
296 2456 417 2502 latet.
441 2458 484 2504 Si
503 2468 649 2503 autem
664 2460 754 2519 jam
777 2459 952 2505 vivebat
972 2476 1053 2506 nee
1078 2460 1205 2506 beate
1235 2476 1317 2506 nee
1344 2460 1427 2504 mi-

92 2559 102 2578 ¹
122 2554 156 2586 In
173 2553 268 2587 editis
281 2557 380 2597 caput
396 2564 437 2588 vu
453 2554 596 2598 aperitur
611 2554 659 2587 his
683 2554 790 2588 verbis
805 2566 812 2588 :
833 2558 878 2588 Ac
896 2567 984 2589 ver-o
1003 2556 1082 2596 illa,
1103 2561 1175 2590 etc.
