1854 3219
330 254 385 282 DE
416 252 566 282 GENESI
597 250 652 280 An
683 250 923 291 LITTERAM,
958 253 1041 280 Lm.
1075 253 1136 279 ιν.
1341 240 1426 279 299

41 328 214 381 oportet
234 321 400 376 ae'rem,
432 319 510 381 qui
545 335 675 379 supra
703 328 782 374 est,
808 328 998 363 transeat
1033 318 1143 363 radii
1172 326 1427 363 nostrorum

39 390 298 444 oculorum;
321 400 366 436 et
386 399 537 451 postea
565 389 782 451 quidquid
802 388 918 434 ultra
946 398 1030 445 est,
1056 398 1151 433 tum
1173 387 1352 432 demum
1374 388 1431 433 ad

37 462 173 508 solem
193 462 471 523 perveniant,
497 477 631 523 quem
651 461 864 506 videmus.
888 452 1005 506 Num
1027 461 1159 518 igitur
1180 460 1282 520 quia
1303 460 1430 504 toties

38 533 111 578 hic
144 533 332 578 diximus
360 533 480 593 prius
512 541 556 577 et
585 541 756 592 postea,
780 530 881 576 ideo
903 547 993 575 non
1015 530 1144 575 simul
1174 531 1318 575 omnia
1339 546 1430 575 uno

37 605 130 650 ictu
151 605 306 650 transit
332 613 480 650 noster
501 599 711 649 obtutus?
736 603 779 649 Si
800 603 917 647 enim
939 603 1095 648 clausis
1116 601 1251 647 oculis
1273 600 1430 647 faciem

37 684 189 721 contra
209 675 342 720 visuri
370 674 507 720 solem
528 689 766 735 ponamus,
792 689 940 718 nonne
962 688 1063 718 mox
1091 681 1142 718 ut
1160 688 1232 717 eos
1249 688 1431 732 aperue-

37 747 188 802 rimus,
212 746 273 791 ibi
290 746 434 806 potius
455 745 591 790 aciem
608 753 802 790 nostram
823 759 902 788 nos
925 743 1154 798 invenisse,
1175 758 1309 804 quam
1324 742 1430 788 illuc

41 832 136 861 eam
149 815 400 878 perduxisse
411 816 690 876 putabimus,
704 815 764 861 ita
778 823 828 861 ut
842 829 923 858 nec
934 814 1015 873 ipsi
1028 813 1145 858 oculi
1156 813 1277 874 prius
1290 814 1429 873 aperti

40 887 172 933 fuisse
198 887 453 943 videantur,
486 902 620 947 quam
649 886 723 932 illa
751 902 840 947 quo
879 885 1128 930 intenderat
1158 885 1430 945 pervenisse?

38 962 97 1004 Et
118 967 234 1003 certe
259 958 339 1002 iste
360 973 581 1018 corporeae
602 957 712 1002 lucis
734 966 798 1001 est
815 955 984 1011 radius,
1011 956 1202 1001 emicans
1224 971 1275 1000 ex
1293 954 1430 1000 oculis

37 1029 215 1084 nostris,
241 1038 284 1073 et
304 1037 394 1073 tam
420 1027 550 1086 longe
581 1028 720 1088 posita
746 1037 867 1073 tanta
903 1027 1123 1073 celeritate
1146 1028 1426 1086 contingens,

37 1109 88 1145 ut
109 1099 312 1145 aestimari
341 1099 671 1159 compararique
702 1114 793 1143 non
820 1098 969 1159 possit.
999 1101 1166 1158 Nempe
1194 1097 1267 1142 hic
1289 1106 1333 1141 et
1355 1096 1430 1142 illa

37 1171 181 1216 omnia
189 1164 277 1215 tani
290 1168 433 1230 ampla
446 1169 746 1230 immensaque
757 1170 894 1230 spatia
908 1168 1036 1214 simul
1049 1185 1138 1214 uno
1152 1168 1244 1213 ictu
1256 1168 1430 1213 transiri

37 1240 318 1286 manifestum
339 1250 424 1296 est,
454 1250 498 1285 et
530 1240 652 1301 quod
681 1241 802 1301 prius
832 1241 1134 1302 posteriusque
1158 1249 1425 1295 transeatur,

37 1312 323 1357 nihilominus
347 1320 517 1355 certum
540 1320 618 1355 est.

97 1386 188 1428 LV„
208 1382 366 1428 Merito
388 1382 716 1426 resurrectionis
737 1391 897 1426 nostrae
929 1381 1195 1427 celeritatem
1226 1396 1328 1426 cum
1351 1396 1429 1425 ex—

37 1454 224 1515 primere
243 1453 377 1499 vellet
398 1452 655 1513 Apostolus,
679 1453 726 1497 in
746 1453 837 1497 ictu
858 1454 973 1498 oculi
995 1452 1102 1497 dixit
1120 1453 1255 1497 fieri¹.
1276 1455 1429 1513 Neque

39 1527 155 1571 enim
168 1525 335 1587 aliquid
350 1525 396 1569 in
412 1540 558 1570 rerum
571 1541 878 1585 corporearum
890 1525 1082 1570 motibus
1092 1524 1161 1569 vel
1177 1525 1336 1570 ictibus
1354 1541 1431 1585 po-

38 1595 121 1642 test
141 1595 323 1641 celerius
354 1596 554 1641 inveniri.
575 1596 707 1650 Quod
733 1597 769 1641 si
791 1596 1020 1642 oculorum
1047 1595 1289 1641 carnalium
1318 1597 1430 1641 acies

38 1667 259 1713 celeritate
279 1676 452 1712 tantum
472 1676 637 1727 potest,
663 1667 771 1728 quid
793 1668 950 1713 mentis
975 1668 1086 1713 acies
1109 1666 1179 1713 vel
1197 1668 1425 1724 humanae,

38 1747 204 1800 quanto
230 1737 365 1795 magis
391 1737 630 1796 angelicae?
657 1737 776 1792 Quid
791 1740 883 1799 jam
906 1738 962 1783 de
987 1739 1120 1799 ipsius
1147 1754 1330 1783 summae
1350 1739 1430 1783 Dei

41 1808 272 1869 Sapientiae
293 1807 511 1852 celeritate
535 1807 721 1864 dicatur,
746 1825 847 1869 quae
869 1810 1044 1869 attingit
1062 1810 1229 1870 ubique
1250 1818 1429 1869 propter

39 1895 162 1924 suam
182 1877 464 1934 munditiem,
489 1887 533 1923 et
551 1878 660 1923 nihil
685 1879 966 1940 inquinatum
993 1881 1038 1924 in
1066 1895 1162 1924 eam
1183 1880 1429 1924 incurrit2?

39 1952 92 1995 In
107 1950 175 1994 his
195 1964 296 2007 ergo
317 1965 417 2010 quae
437 1949 567 1993 simul
582 1948 698 1994 facta
725 1959 849 2005 sunt,
874 1966 1004 1996 nemo
1031 1949 1151 1995 videt
1176 1950 1284 2011 quid
1306 1950 1426 2011 prius

36 2020 301 2080 posteriusve
322 2020 417 2064 fieri
437 2018 656 2076 debuerit,
679 2021 762 2065 nisi
783 2021 829 2065 in
848 2020 922 2066 illa
946 2022 1179 2083 Sapientia,
1193 2037 1273 2083 per
1290 2037 1426 2084 quam

39 2090 154 2136 facta
173 2099 276 2135 sunt
296 2090 441 2135 omnia
463 2106 542 2151 per
563 2090 763 2136 ordinem
781 2092 924 2137 simul.

88 2194 99 2211 ¹
122 2199 135 2220 1
151 2189 223 2221 Cor.
239 2198 295 2230 xv,
321 2186 375 2220 52.
391 2203 434 2210 —
453 2193 466 2210 ²
486 2188 560 2230 Sap.
581 2198 635 2230 vn,
662 2187 720 2230 24.
