1854 3219
433 158 518 200 490
857 171 891 199 s.
927 171 1156 203 mensum
1190 174 1373 202 muscom

432 313 1818 335 mmmmmwummwuwmmmmwuwummmmwummmmww

937 411 1156 463 CAPUT
1200 415 1313 462 XII.

429 533 659 584 carnalis
678 535 1076 596 concupiscentie&
1092 552 1298 582 causam
1319 551 1416 582 non
1439 537 1489 582 in
1511 552 1662 583 carne
1683 537 1815 596 sola,

798 604 888 655 sed
901 606 1048 652 etiam
1071 609 1119 654 in
1135 608 1305 653 anima
1325 623 1441 654 esse.

478 732 577 775 XX.
618 731 854 775 VEmserE
888 731 1054 791 quippe
1088 746 1137 775 ac
1168 731 1439 777 veracissime
1471 731 1683 793 scriptum
1717 742 1812 779 est:

420 820 443 845 «
474 803 587 848 Caro
604 802 874 864 concupiscit
890 802 1097 848 adversus
1117 802 1334 863 spiritum,
1352 813 1395 848 et
1413 804 1589 864 spiritus
1612 803 1816 851 adversus

417 892 439 916 n
474 877 676 920 carnem1
700 894 710 920 :
737 892 758 917 »
785 874 859 920 sed
881 884 1027 919 tamen
1045 890 1221 920 carnem
1239 876 1331 920 sine
1345 876 1489 922 anima
1507 878 1817 938 concupiscere

414 946 526 992 nihil
556 962 705 1008 posse,
741 956 850 1010 puto
878 946 1000 1009 quod
1032 948 1174 993 omnis
1209 946 1365 994 doctus
1396 947 1692 1010 indoctusque
1726 965 1817 995 non

415 1018 606 1063 dubitet.
631 1021 696 1064 Ac
718 1034 797 1079 per
821 1019 906 1065 hoc
929 1019 1062 1079 ipsius
1085 1019 1452 1080 concupiscentiae
1480 1019 1664 1065 carnalis
1687 1036 1817 1066 causa

414 1105 505 1134 non
527 1090 653 1134 estin
676 1090 819 1134 anima
837 1090 950 1145 sola,
975 1089 1051 1134 sed
1075 1090 1217 1134 multo
1238 1090 1383 1134 minus
1406 1099 1470 1135 est
1486 1091 1532 1135 in
1554 1107 1685 1136 earne
1706 1092 1813 1137 sola.

414 1164 479 1205 Ex
497 1171 686 1222 utroque
706 1162 823 1206 enim
845 1163 919 1217 fit,
942 1177 994 1206 ex
1017 1162 1160 1207 anima
1181 1161 1369 1217 scilicet,
1388 1161 1511 1223 quod
1533 1164 1624 1207 sine
1642 1163 1717 1208 illa
1739 1164 1819 1209 de-

412 1231 587 1277 lectatio
621 1231 743 1277 nulla
771 1232 987 1291 sentitur,
1021 1248 1074 1277 ex
1101 1248 1231 1277 carne
1261 1242 1432 1289 autem,
1469 1233 1592 1293 quod
1622 1233 1715 1278 sine
1744 1233 1817 1279 illa

411 1303 594 1348 carnalis
613 1302 844 1348 delectatio
866 1319 957 1347 non
973 1303 1174 1348 sentitur.
1203 1305 1391 1349 Carnem
1414 1303 1562 1364 itaque
1580 1305 1814 1365 concupis-

410 1383 583 1418 centem
601 1373 805 1418 adversus
822 1374 1023 1434 spiritum
1047 1373 1152 1418 dicit
1169 1374 1404 1434 Apostolus
1421 1374 1641 1419 carnalem
1660 1376 1812 1435 procul

411 1444 551 1490 dubio
570 1443 923 1500 delectationem,
941 1460 1075 1506 quam
1096 1445 1150 1489 de
1168 1460 1298 1490 carne
1316 1455 1359 1489 et
1377 1461 1478 1490 cum
1494 1461 1624 1490 carne
1639 1447 1813 1506 spiritus

409 1515 544 1560 habet
566 1514 769 1560 adversus
797 1516 1161 1572 delectationem,
1196 1531 1330 1578 quam
1358 1516 1475 1562 solus
1498 1517 1647 1561 habet.
1686 1518 1812 1563 Solus

408 1587 573 1647 quippe
590 1587 737 1642 habet,
754 1587 835 1630 nisi
853 1585 996 1641 fallor,
1013 1585 1125 1630 illud
1142 1586 1425 1644 desiderium,
1443 1604 1534 1633 non
1551 1604 1653 1633 cum
1671 1590 1810 1634 carnis

407 1659 659 1720 voluptate,
689 1658 761 1703 vel
789 1659 1030 1704 carnalium
1063 1674 1210 1703 rerum
1230 1659 1472 1718 cupiditate
1495 1660 1777 1705 commixtum
1795 1697 1807 1716 ‚

406 1746 497 1791 quo
529 1729 746 1774 desiderat
774 1739 817 1774 et
850 1729 999 1775 deficit
1029 1730 1175 1774 anima
1204 1730 1251 1773 in
1284 1729 1392 1774 atria
1428 1730 1648 1774 Domini&
1684 1730 1809 1776 Solus

405 1800 540 1844 habet
562 1800 693 1844 etiam
711 1799 838 1855 illud,
865 1799 919 1844 dc
941 1816 1029 1861 quo
1049 1801 1088 1844 ei
1110 1799 1272 1844 dicitur
1290 1819 1298 1845 :
1326 1820 1346 1843 «
1367 1800 1623 1859 Concupisti
1640 1802 1809 1861 sapien-

407 1890 428 1915 »
465 1872 586 1928 tiam,
607 1887 728 1916 serva
740 1871 1015 1927 mandatum,
1035 1881 1077 1916 et
1093 1872 1304 1916 Dominus
1319 1872 1489 1932 praebet
1501 1871 1622 1916 illam
1641 1872 1721 1916 tibi
1735 1875 1766 1918 ³.
1783 1893 1802 1915 »

403 1946 513 1991 Nam
536 1959 637 1989 cum
656 1944 832 2004 spiritus
854 1945 1041 2004 imperat
1059 1944 1267 1988 membris
1290 1944 1481 2004 corporis
1495 1979 1506 2000 ,
1532 1952 1582 1987 ut
1598 1944 1703 1989 huic
1725 1945 1804 1990 de-

402 2015 561 2060 siderio
583 2015 791 2070 serviant,
815 2031 904 2075 quo
924 2013 1040 2059 solus
1064 2014 1334 2070 accenditur,
1360 2014 1482 2059 velut
1504 2031 1605 2060 cum
1628 2017 1806 2060 assumi-

403 2096 475 2131 *tur
504 2086 640 2131 codex
662 2122 672 2142 ,
714 2102 816 2131 cum
848 2084 1014 2147 aliquid
1044 2086 1270 2141 scribitur,
1307 2085 1490 2145 legitur,
1529 2086 1799 2146 disputatur,

401 2156 595 2211 auditur,
622 2173 724 2201 eum
744 2156 935 2217 denique
959 2158 1081 2216 panis
1102 2156 1318 2213 frangitur
1333 2157 1539 2200 esurienti
1557 2192 1567 2212 ,
1589 2167 1632 2202 et
1647 2167 1799 2203 caetera

398 2229 687 2273 humanitatis
713 2244 761 2272 ac
779 2228 1084 2273 misericordiae
1105 2237 1367 2288 praestantur
1395 2229 1562 2286 cilicia,
1589 2229 1799 2274 obedien-

397 2300 502 2344 tiam
522 2315 621 2343 caro
645 2299 841 2354 exhibet,
864 2316 952 2344 non
976 2299 1375 2359 concupiscentiam
1393 2309 1553 2343 movet.
1573 2301 1648 2344 His
1666 2310 1798 2362 atque

395 2369 645 2431 hujusmodi
668 2371 793 2414 bonis
809 2370 1046 2425 desideriis,
1063 2371 1225 2431 quibus
1242 2369 1330 2414 sola
1349 2371 1491 2415 anima
1509 2372 1792 2431 concupiscit,

395 2457 496 2486 cum
521 2442 773 2486 adversatur
792 2441 959 2502 aliquid
978 2441 1098 2502 quod
1121 2442 1319 2485 camdem
1339 2441 1527 2487 animam
1551 2443 1793 2487 secundum
1853 2492 1854 2495 Ἴ

444 2545 452 2560 ¹
475 2537 543 2569 Gal.
565 2548 600 2576 v,
621 2549 671 2579 17.
689 2545 748 2560 —2
769 2538 852 2570 Psal.
878 2549 1010 2578 Lxxxm,
1034 2537 1062 2569 3.
1081 2554 1123 2562 -<=
1145 2536 1158 2560 3
1178 2537 1274 2569 Eccli.
1296 2548 1318 2577 ι,
1339 2537 1392 2569 33.
