1854 3219
362 189 415 214 DE
450 189 656 216 DOCTMNA
688 188 941 216 CHRISTIANA
976 191 1058 216 th‘..
1096 191 1154 215 1v.
1395 178 1446 215 61

64 267 284 312 respuens.
314 271 335 294 «
362 255 527 296 Iterum
563 252 686 308 dico,
725 253 890 314 inquit,
923 270 978 298 ne
1008 254 1105 314 quis
1135 268 1205 297 me
1237 253 1454 297 existimet

64 340 84 363 »
110 322 387 382 insipientem
415 336 532 378 esse,
565 322 760 384 alioquin
788 323 911 368 velut
938 324 1211 384 insipientem
1249 323 1453 383 suscipite

63 410 84 433 »
118 407 210 447 me,
230 400 282 436 ut
301 400 345 436 et
361 406 442 450 ego
459 391 684 438 modicum
699 393 806 453 quid
826 392 999 453 glorier.
1021 392 1152 448 Quod
1169 393 1342 454 loquor,
1363 409 1454 438 non

62 479 84 503 »
118 461 277 523 loquor
306 462 548 507 secundum
569 466 736 519 Deum,
761 462 837 508 sed
858 464 980 524 quasi
1005 465 1051 508 in
1072 463 1278 519 stultitia,
1305 465 1350 508 in
1373 465 1454 508 hac

62 549 84 573 »
113 533 355 577 substantia
392 532 554 591 gloriae.
591 534 809 588 Quoniam
843 534 1025 594 quidem
1052 533 1180 579 multi
1211 534 1455 592 gloriantur

62 620 83 644 »
117 601 586 660 secundumcarnem,
627 613 671 648 et
703 619 784 664 ego
820 603 1054 664 gloriabor.
1093 605 1301 649 Libenter
1336 605 1454 648 enim

63 691 84 715 »
118 674 337 719 sustinetis
358 674 608 735 insipientes
624 710 636 731 ,
656 691 759 720 cum
780 676 869 720 sitis
886 676 967 735 ipsi
990 676 1219 736 sapientes.
1246 674 1454 720 Toleratis

62 762 83 786 »
118 745 235 789 enim
258 745 293 789 si
314 745 411 806 quis
430 761 508 791 vos
529 746 575 790 in
597 746 849 791 servitutem
868 747 1048 805 redigit,
1069 746 1103 790 si
1126 747 1222 807 quis
1245 746 1425 791 devorat
1439 782 1450 802 ,

62 832 83 856 »
113 814 146 859 si
167 815 265 876 quis
292 815 468 875 accipit,
497 816 531 860 si
553 815 650 876 quis
671 816 908 870 extollitur,
934 815 969 859 si
1001 815 1098 876 quis
1129 817 1176 861 in
1197 815 1353 861 facicm
1375 833 1453 862 vos

61 903 82 927 »
116 885 261 930 caedit.
289 884 540 930 Secundum
568 883 888 944 ignobilitatem
922 885 1045 941 dico,
1077 887 1201 947 quasi
1231 902 1309 932 nos
1332 887 1455 931 infir-

61 974 82 999 »
116 956 221 1001 mati
249 956 394 1001 simus.
433 959 486 1000 In
519 972 608 1017 quo
640 965 785 1000 autem
815 957 912 1018 quis
946 957 1079 1001 audet
1102 957 1174 1011 (in
1206 958 1455 1018 insipientia

61 1045 82 1069 »
117 1027 260 1084 dico),
298 1027 440 1072 audeo
468 1036 511 1071 et
539 1042 636 1086 ego.
669 1026 845 1071 Hebraei
875 1030 1008 1072 sunt?
1040 1037 1084 1072 et
1115 1043 1211 1087 ego.
1250 1028 1454 1072 Israelitoe

60 1116 82 1140 »
116 1100 244 1143 sunt?
278 1107 322 1143 et
349 1114 446 1158 ego.
491 1100 647 1144 Semen
681 1099 871 1143 Abrahae
907 1100 1035 1143 sunt?
1062 1107 1106 1143 et
1135 1114 1229 1158 ego.
1265 1099 1455 1144 Ministri

60 1186 81 1210 »
116 1168 278 1214 Christi
307 1171 434 1213 sunt?
456 1168 683 1229 (insipiens
706 1169 834 1227 dico)
857 1184 986 1229 super
1014 1185 1110 1229 ego.
1148 1173 1200 1214 In
1230 1169 1454 1214 laboribus

60 1258 82 1282 »
116 1238 356 1300 plurimum
373 1274 384 1295 ,
414 1239 460 1282 in
481 1239 728 1284 carceribus
751 1238 1047 1284 abundantius
1064 1275 1074 1295 ,
1100 1240 1146 1284 in
1167 1239 1305 1299 plagis
1327 1254 1454 1300 supra

59 1328 81 1352 »
115 1309 320 1365 modum,
339 1310 384 1354 in
406 1311 621 1355 mortibus
644 1311 816 1370 saepius.
836 1309 1049 1355 AJudaeis
1071 1310 1325 1371 quinquies,
1345 1327 1454 1371 qua-

60 1400 82 1425 »
115 1381 316 1441 draginta
337 1396 426 1425 una
441 1381 585 1426 minus
598 1381 761 1440 accepi.
784 1384 865 1425 Ter
883 1381 1012 1438 virgis
1028 1396 1163 1425 caesus
1180 1397 1276 1425 sum
1289 1416 1299 1436 ,
1321 1382 1455 1426 semel

59 1471 82 1495 »
115 1450 332 1513 lapidatus
366 1467 486 1508 sum,
520 1461 586 1497 ter
622 1449 900 1510 naufragium
926 1450 1039 1496 feci:
1082 1461 1211 1497 nocte
1244 1462 1287 1496 ct
1309 1452 1380 1497 dic
1409 1453 1454 1496 in

59 1542 81 1566 »
115 1521 338 1584 profundo
358 1523 489 1568 maris
518 1521 606 1581 fui3
637 1523 684 1567 in
710 1522 937 1567 itineribus
968 1538 1082 1583 saepe
1099 1558 1109 1578 ,
1135 1522 1341 1583 periculis
1364 1524 1453 1567 ssu-

61 1615 80 1637 »
113 1594 283 1639 minum
300 1629 311 1651 ,
333 1593 535 1655 periculis
555 1593 800 1649 latronum,
824 1593 1029 1654 periculis
1051 1609 1103 1638 ex
1135 1609 1314 1653 genere,
1336 1595 1452 1654 peri-

58 1685 80 1708 »
115 1665 223 1711 culis
244 1681 298 1711 ex
320 1666 524 1726 gentibus
540 1702 551 1723 ‚
571 1665 774 1727 periculis
788 1666 835 1711 in
856 1665 1030 1710 civitate
1046 1701 1056 1721 ,
1076 1664 1283 1725 periculis
1301 1665 1347 1709 in
1369 1665 1451 1710 dc-

61 1757 79 1779 »
115 1746 250 1793 serto,
272 1736 476 1799 periculis
497 1737 543 1781 in
559 1737 689 1792 mari,
709 1736 912 1797 periculis
933 1738 978 1782 in
994 1735 1109 1782 falsis
1138 1736 1347 1782 fratribus
1372 1757 1381 1783 :
1407 1738 1453 1782 in

59 1826 80 1850 »
113 1806 262 1852 labore
279 1817 322 1852 et
341 1823 559 1863 aerumna,
579 1808 626 1852 in
646 1806 804 1867 vigiliis
821 1808 976 1868 saepius
989 1843 999 1863 ,
1021 1808 1067 1851 in
1082 1806 1197 1852 fame
1219 1818 1263 1852 et
1288 1808 1380 1864 siti,
1405 1808 1452 1852 in

58 1896 81 1921 »
112 1877 286 1938 jejuniis
308 1878 465 1938 saepius
482 1912 493 1933 ,
515 1878 562 1921 in
579 1876 740 1936 frigore
762 1886 805 1920 et
826 1877 1027 1922 nuditate
1048 1897 1056 1923 :
1081 1887 1240 1937 praeter
1255 1878 1327 1923 illa
1352 1895 1452 1939 quae

59 1969 80 1991 »
115 1949 376 1994 extrinsecus
402 1958 525 2004 sunt,
558 1948 759 1992 incursus
778 1948 825 1991 in
855 1962 926 1991 me
949 1947 1233 2007 quotidianus
1251 1984 1262 2004 ,
1287 1949 1452 1994 sollici-

58 2039 79 2062 »
114 2019 223 2065 tudo
245 2019 441 2065 omnium
458 2019 767 2064 Ecclesiarum.
788 2018 894 2072 Quis
911 2019 1173 2075 infirmatur,
1195 2029 1239 2064 et
1256 2036 1336 2079 ego
1360 2036 1450 2065 non

60 2109 81 2132 ι)
115 2091 335 2136 infirmor?
357 2091 463 2144 Quis
486 2089 819 2144 scandalizatur,
842 2099 886 2134 et
903 2105 983 2149 ego
1002 2105 1092 2134 non
1109 2106 1213 2134 uror
1228 2093 1269 2135 1?
1288 2091 1331 2136 Si
1354 2091 1453 2150 glo-

58 2180 81 2204 »
115 2162 214 2207 riari
235 2170 429 2222 oportet,
453 2161 500 2206 in
519 2161 570 2205 iis
591 2177 691 2222 quae
718 2161 982 2205 infirmitatis
1005 2176 1114 2205 meae
1136 2171 1263 2217 sunt,
1290 2161 1449 2221 gloria-

60 2251 81 2275 »
114 2233 209 2279 bor.
238 2251 258 2275 »
284 2234 457 2287 Quanta
471 2232 681 2292 sapientia
703 2232 783 2276 ista
802 2232 888 2276 sint
902 2231 1017 2276 dicta
1033 2231 1261 2290 vigilantes
1281 2232 1445 2278 vident.

57 2307 231 2358 Quanto
246 2319 351 2350 vero
365 2303 496 2355 etiam
513 2301 778 2363 eloquentiae
791 2302 1067 2347 cucurrerint
1082 2303 1285 2359 flumine,
1311 2313 1354 2349 et
1371 2305 1448 2365 qui

58 2376 197 2420 stertit
217 2374 422 2421 advertit.

115 2449 241 2492 XIII.
265 2451 401 2493 Porro
423 2455 569 2492 autem
591 2446 668 2507 qui
690 2446 832 2501 novit,
863 2447 1060 2506 agnoscit
1081 2447 1202 2508 quod
1230 2463 1279 2492 ea
1308 2462 1415 2492 caesa
1432 2483 1443 2503 ,

109 2539 119 2556 ¹
145 2542 163 2565 2
181 2535 255 2567 Cor.
275 2544 322 2575 xi,
346 2532 450 2566 xc-30.
