1854 3219
335 207 389 235 DE
420 207 572 237 GENEsr
604 207 660 235 AD
692 206 936 247 ιιΤΤΕῙιΑΜ,
971 209 1053 236 Lus.
1089 208 1147 235 ix.
1361 194 1445 234 445

66 371 1443 392 wwwmmmmmumwwumwmmwwmmummmmmmzwwmm

554 521 775 578 LIBER
820 520 921 577 IX.

65 703 110 735 Dz
133 711 172 734 no
200 710 279 738 ouon
296 710 425 734 ιεοιτυιι
442 711 472 735 m
489 712 597 735 cmm
613 711 657 744 11,
692 703 732 735 18
758 704 940 735 Gunzsms:
962 714 977 731 κ
1000 703 1042 734 Er
1067 712 1154 735 mxl-r
1187 704 1325 734 Donamus
1343 703 1447 733 Dssus:

110 769 128 786 »
151 759 217 790 Non
237 768 290 790 iis-r
305 769 408 791 nouum
426 769 564 792 nomam
580 769 650 792 nssr,
667 769 786 803 soum,
806 769 874 793 mc.
905 770 921 787 υ
943 769 1036 796 usone
1055 769 1093 791 An
1116 769 1204 791 mun
1221 770 1228 790 ε
1254 769 1271 786 «
1291 760 1335 791 Ετ
1351 767 1448 791 mium

108 826 127 843 n
152 825 250 849 onom
266 825 362 849 CARNE
380 825 451 849 um.
480 828 496 845 υ

603 966 820 1016 CAPUT
865 969 908 1015 Ι.

145 1120 246 1166 Cur
259 1119 439 1166 dietam
452 1121 543 1177 sz'c,·
555 1123 614 1166 Et
628 1121 756 1166 finxit
777 1124 890 1166 Deus
907 1120 1051 1166 adhuc
1064 1120 1119 1165 de
1142 1129 1270 1177 terra,
1289 1129 1372 1166 etc.

124 1260 160 1301 Ι.
190 1276 211 1300 «
230 1260 295 1302 ΕΤ
311 1256 422 1302 dixit
442 1257 653 1303 Dominus
677 1261 791 1303 Deus
812 1277 821 1303 ι
840 1260 939 1303 Non
960 1257 1129 1302 bonum
1151 1267 1215 1304 est
1231 1258 1454 1302 hominem

0 1345 9 1372 »ε
66 1346 87 1370 »
112 1343 202 1372 esse
234 1327 375 1372 solum
392 1363 403 1382 ‚
435 1327 642 1373 faciamus
671 1329 709 1372 ei
735 1327 1001 1388 adjutorium
1030 1328 1272 1373 secundum
1294 1328 1452 1388 ipsum.

66 1415 88 1441 »
114 1401 171 1443 Et
198 1399 325 1443 finxit
344 1401 458 1443 Deus
479 1399 622 1444 adhue
652 1402 707 1443 de
741 1407 854 1443 terra
887 1414 1035 1444 omnes
1063 1399 1222 1444 bestias
1261 1400 1377 1457 agri,
1414 1407 1458 1443 et

67 1487 88 1512 »
114 1469 258 1515 omnia
271 1467 465 1514 'volatilia
480 1469 597 1526 coeli,
614 1479 657 1515 et
675 1470 856 1514 adduxit
871 1469 943 1515 illa
960 1470 1015 1514 ad
1031 1469 1170 1514 Adam
1187 1505 1198 1525 ,
1222 1479 1273 1514 ut
1288 1469 1458 1514 videret

67 1558 88 1583 »
113 1540 223 1602 quid
241 1550 419 1586 vocaret
440 1540 528 1585 illa.
562 1544 621 1586 Et
651 1556 780 1586 omne
802 1541 1116 1601 quodcumque
1138 1541 1310 1586 vocavit
1343 1539 1457 1585 illud

66 1629 88 1654 ³)
123 1611 263 1657 Adam
291 1612 480 1656 animam
501 1612 667 1668 vivam,
692 1613 776 1657 hoc
798 1621 862 1656 est
882 1627 1046 1657 nomen
1076 1612 1183 1672 ejus.
1209 1614 1266 1656 Et
1287 1611 1458 1656 vocavit

67 1699 89 1724 >³
114 1681 255 1726 Adam
271 1681 448 1727 nomina
466 1682 671 1727 omnibus
692 1682 923 1742 pecoribus
938 1717 949 1738 ‚
981 1691 1024 1726 et
1046 1682 1251 1727 omnibus
1267 1682 1459 1727 volatili-

69 1771 91 1795 »
111 1753 194 1798 bus
215 1753 338 1809 coeli,
355 1763 399 1798 et
415 1753 619 1798 omnibus
640 1754 788 1798 bestiis
806 1754 915 1813 agri.
937 1753 1023 1813 Ipsi
1041 1762 1189 1797 autem
1205 1752 1347 1798 Adam
1368 1768 1460 1798 non

69 1841 90 1866 »
115 1833 180 1868 est
198 1824 400 1869 inventus
425 1823 599 1884 adjutor
620 1823 766 1869 similis
783 1824 837 1868 ei.
865 1826 923 1868 Et
944 1823 1124 1867 immisit
1145 1826 1259 1868 Deus
1279 1823 1459 1867 extasim

68 1913 91 1938 »
115 1895 161 1939 in
182 1894 348 1952 Adam,
391 1904 435 1940 et
471 1894 754 1940 obdormivit.
796 1897 854 1939 Et
883 1895 1050 1955 accepit
1082 1909 1219 1939 unam
1241 1903 1460 1939 costarum

70 1984 92 2010 »
117 1967 211 2027 ejus
227 2001 238 2022 ‚
264 1975 308 2011 et
328 1964 585 2027 adimplevit
613 1981 790 2011 carnem
816 1965 862 2009 in
884 1964 981 2011 loco
1005 1966 1096 2026 ejus
1120 1984 1128 2009 ;
1155 1974 1200 2009 et
1228 1964 1463 2010 aedificavit

70 2054 92 2078 »
116 2037 329 2082 Dominus
349 2040 465 2082 Deus
486 2045 677 2093 costam,
698 2052 831 2098 quam
854 2036 1022 2096 accepit
1038 2035 1094 2080 de
1116 2035 1278 2092 Adam,
1297 2037 1343 2080 in
1360 2051 1461 2080 mu-

70 2125 92 2150 »
116 2107 267 2152 lierem
295 2126 304 2153 z
329 2117 373 2153 et
395 2106 576 2153 adduxit
591 2123 686 2152 eam
704 2107 760 2152 ad
782 2107 938 2152 Adam.
960 2110 1017 2152 Et
1040 2106 1148 2152 dixit
1169 2106 1311 2152 Adam
1336 2126 1345 2152 :
1367 2109 1462 2152 Hoc

71 2195 93 2220 »
115 2195 234 2224 nunc
251 2194 297 2224 os
314 2194 368 2224 ex
384 2179 554 2225 ossibus
574 2179 679 2225 meis
692 2215 703 2235 ‚
731 2188 774 2224 et
789 2195 888 2224 caro
906 2178 961 2223 de
978 2195 1107 2224 carne
1129 2194 1225 2224 mea
1244 2198 1251 2224 z
1276 2179 1372 2223 haec
1389 2194 1464 2224 vo-

71 2267 92 2292 »
109 2249 279 2295 cabitur
289 2249 461 2306 mulier,
476 2251 688 2311 quoniam
706 2265 756 2294 ex
774 2250 868 2295 viro
884 2265 962 2295 suo
983 2259 1156 2310 sumpta
1168 2259 1245 2294 est.
1257 2252 1315 2294 Et
1337 2265 1463 2309 prop-

15 2337 19 2386 ᾗ
71 2338 93 2363 »
117 2329 183 2365 ter
198 2321 282 2366 hoc
297 2321 515 2383 relinquet
526 2322 660 2367 homo
675 2331 842 2382 patrem
855 2331 898 2367 et
911 2331 1095 2367 matrem
1105 2355 1115 2375 ,
1129 2330 1174 2366 et
1187 2321 1462 2380 conglutina-

16 2389 19 2441 ζ
73 2409 95 2434 »
118 2391 237 2436 bitur
257 2393 382 2438 uxori
396 2409 501 2450 suae,
520 2402 564 2439 et
581 2402 709 2438 erunt
725 2391 814 2439 duo
828 2393 874 2437 in
890 2408 1018 2440 carne
1035 2409 1123 2438 una
1137 2395 1168 2437 ¹.
1193 2412 1211 2436 ι)
1232 2392 1274 2438 Si
1295 2391 1462 2452 aliquid

119 2494 129 2512 ¹
149 2490 230 2522 Gen.
246 2499 284 2531 11,
304 2486 420 2532 18-24.
