1854 3219
384 184 465 224 524
819 194 852 223 s.
889 194 1120 223 Auous'mm
1153 196 1333 224 EPISCOPI

383 264 486 308 tiam
514 277 659 317 suam,
692 270 735 304 et
764 261 820 305 ob
852 261 935 305 hoc
957 261 1173 305 sustinens
1209 262 1251 305 in
1282 259 1419 305 multa
1442 261 1648 320 patientia
1670 277 1769 307 vasa

379 336 453 378 irre
468 337 495 389 ²,
527 348 626 393 quae
648 330 838 392 perfecta
857 340 959 376 sunt
979 332 1025 376 in
1045 331 1335 392 perditionem
1349 368 1359 388 ‚
1390 341 1441 376 ut
1463 341 1589 377 notas
1610 330 1771 378 faceret

379 406 547 449 divitias
574 404 721 462 gloria}
746 420 833 448 suec
856 404 901 447 in
924 419 1023 449 vasa
1038 403 1345 449 misericordia}
1355 440 1370 460 ,
1388 419 1488 465 quse
1509 404 1773 464 praeparavit

378 477 424 520 in
448 475 657 535 gloriam?
682 475 750 520 Sic
781 475 898 518 enim
925 475 1001 535 qui
1030 474 1267 533 gloriatur,
1304 475 1479 519 nonnisi
1513 475 1557 518 in
1584 475 1771 520 Domino

381 546 636 606 gloriatui-²,
661 561 759 590 cum
783 546 1007 603 cognoscit
1028 561 1118 590 non
1140 561 1291 600 snum,
1319 544 1394 589 sed
1412 545 1527 589 illins
1545 561 1634 590 esse
1649 581 1660 600 ‚
1682 561 1772 591 non

379 617 519 662 solnm
543 626 595 661 ut
617 618 692 672 sit,
720 616 1007 661 verumetiam
1029 625 1078 661 ut
1103 616 1276 662 nonnisi
1294 616 1349 660 ab
1374 613 1450 660 illo
1467 615 1579 660 bene
1596 616 1675 661 sibi
1692 617 1768 671 sit,

382 707 405 734 a
429 706 517 750 quo
539 690 675 734 habet
697 698 745 733 ut
767 687 836 733 sit.

438 763 518 804 XI.
545 761 683 806 Nimis
696 760 840 821 itaque
858 759 1109 820 importune
1128 758 1288 803 dicitur
1307 778 1315 803 :
1340 761 1439 805 Non
1456 767 1597 803 essent
1611 758 1773 819 quibus

378 835 494 876 Deus
516 841 682 876 tantam
704 831 1037 875 beneficentiam
1070 829 1376 875 misericordiae
1410 845 1499 875 suae
1529 829 1770 885 tribueret,

379 904 411 947 si
436 901 559 947 aliter
581 918 670 947 esse
685 917 775 946 non
797 911 973 962 possent
988 937 999 957 7
1021 901 1102 946 nisi
1122 910 1264 946 essent
1279 910 1322 946 et
1338 901 1410 957 hi,
1436 901 1482 945 in
1501 901 1664 962 quibus
1678 901 1774 945 vin-

380 973 509 1019 dictae
530 974 741 1034 justitiam
759 972 1097 1031 demonstraret.
1124 974 1215 1017 Cur
1237 973 1353 1016 enim
1377 988 1468 1017 non
1489 971 1669 1032 utrique
1690 987 1774 1031 po·-

379 1047 464 1090 tius
487 1055 648 1101 essent,
675 1045 853 1106 quando
874 1045 920 1090 in
941 1045 1139 1105 utrisque
1161 1053 1204 1090 et
1230 1044 1403 1089 bonitas
1425 1044 1505 1090 Dei
1527 1053 1571 1089 et
1593 1043 1776 1104 &equitas

375 1118 475 1178 jure
495 1117 792 1177 praedicatur?

379 1275 522 1291 WWVVVV
526 1271 1777 1291 mmmmmmmmwwmmmwwmmmwwm

882 1396 1102 1444 CAPUT
1142 1385 1252 1442 IX3.

780 1538 857 1585 De
881 1538 1055 1586 eadem
1077 1537 1375 1603 difficultate.

439 1678 543 1720 XII.
574 1678 639 1720 AT
672 1675 789 1719 enim
818 1676 850 1719 si
873 1679 989 1720 Deus
1018 1673 1177 1730 vellet,
1204 1674 1335 1719 etiam
1364 1673 1432 1718 isti
1463 1674 1569 1719 boni
1591 1675 1773 1720 essent⁴.

379 1749 556 1800 Quanto
579 1745 733 1790 melius
757 1747 840 1790 hoc
869 1749 984 1789 Deus
1011 1744 1176 1800 voluit,
1203 1754 1253 1789 ut
1274 1743 1396 1805 quod
1417 1744 1582 1789 vellent
1604 1754 1746 1790 essent
1765 1765 1773 1790 :

379 1818 454 1861 sed
477 1817 582 1861 boni
607 1816 898 1871 infructuose,
925 1814 1027 1860 mali
1055 1825 1203 1859 autem
1228 1815 1410 1874 impune
1431 1830 1521 1860 non
1544 1825 1705 1870 essent,
1732 1825 1775 1860 et

376 1888 421 1932 in
444 1903 494 1931 eo
520 1887 614 1946 ipso
637 1886 725 1931 aliis
747 1886 876 1930 utiles
904 1896 1059 1931 essent.
1089 1885 1174 1931 Sed
1195 1886 1451 1946 praesciebat
1473 1887 1595 1946 quod
1617 1901 1774 1931 eorum

377 1959 526 2003 sutura
544 1967 653 2002 esset
674 1957 875 2002 voluntas
898 1956 1026 2002 mala.
1063 1958 1326 2002 Praesciebat
1349 1973 1468 2012 sane,
1495 1967 1538 2001 et
1560 1957 1662 2018 quia
1682 1956 1776 2001 salli

379 2046 467 2074 non
485 2039 628 2089 potest
650 2030 739 2089 ejus
761 2028 1030 2089 praescientia
1046 2063 1056 2083 ,
1087 2027 1185 2073 ideo
1214 2044 1305 2072 non
1336 2029 1492 2088 ipsius,
1518 2029 1597 2072 sed
1622 2044 1774 2072 eorum

378 2111 443 2146 est
455 2100 658 2146 voluntas
674 2100 802 2144 mala.
825 2102 914 2145 Cur
931 2115 1034 2158 ergo
1057 2115 1128 2144 eos
1144 2100 1322 2155 creavit,
1344 2116 1454 2160 quos
1478 2099 1584 2143 tales
1600 2099 1775 2144 futuros

379 2188 468 2216 esse
489 2171 768 2232 praesciebat?
790 2171 900 2224 Quia
918 2171 1029 2215 sicut
1050 2169 1253 2230 praevidit
1271 2170 1378 2231 quid
1396 2169 1499 2214 mali
1517 2179 1661 2214 essent
1682 2169 1776 2214 fac-

381 2244 491 2297 turi,
517 2243 575 2286 sic
602 2242 730 2286 etiam
752 2240 955 2301 praevidit
976 2241 1030 2284 de
1052 2239 1173 2285 malis
1200 2241 1323 2284 factis
1353 2255 1505 2285 eorum
1527 2240 1636 2300 quid
1665 2240 1773 2285 boni

379 2323 487 2358 esset
514 2313 604 2372 ipse
628 2312 834 2357 facturus.
864 2312 931 2357 Sic
953 2312 1070 2355 enim
1093 2327 1164 2356 eos
1189 2310 1311 2366 fecit,
1343 2321 1392 2356 ut
1417 2312 1477 2355 eis
1502 2311 1775 2371 relinqueret

378 2384 497 2429 unde
520 2394 563 2429 et
583 2384 664 2444 ipsi
685 2383 851 2445 aliquid
879 2384 1087 2439 facerent,
1114 2399 1203 2444 quo
1224 2382 1441 2444 quidquid
1464 2384 1593 2427 etiam
1616 2383 1772 2443 culpa-

427 2489 436 2504 ¹
463 2485 552 2515 Rom.
573 2493 617 2524 ix,
635 2491 688 2514 22.
720 2500 762 2505 —
780 2490 792 2505 ²
819 2492 837 2515 2
853 2485 925 2515 Cor.
947 2492 978 2522 x,
1010 2492 1059 2525 ¹7-
1081 2499 1123 2504 —
1140 2480 1152 2504 3
1169 2483 1202 2513 In
1219 2480 1312 2512 editis
1336 2484 1434 2523 caput
1456 2491 1486 2512 lx
1504 2480 1617 2523 incipit
1640 2480 1680 2513 ad
1698 2479 1767 2513 liaec

382 2537 501 2571 verba:
524 2539 688 2572 Cur-enim
710 2551 776 2573 non
795 2539 950 2584 utrique,
968 2543 1033 2572 etc.
1057 2554 1097 2562 —-
1122 2535 1138 2567 4
1157 2546 1175 2569 2
1191 2538 1280 2571 Sent.
1298 2536 1374 2569 dist.
1395 2547 1484 2578 xxiii,
1505 2547 1578 2580 cap.
1608 2547 1636 2568 1.
