1854 3219
402 162 484 202 434
835 178 868 203 s.
905 174 1135 206 Aucus‘rim
1169 178 1350 204 EPtSCOPt

395 242 485 300 ipsc
507 240 711 300 adjuvare
734 249 777 285 ct
800 240 963 286 donare
987 242 1207 302 dignatur,
1237 257 1345 303 opus
1366 242 1526 286 divinat
1545 242 1783 301 providen—

391 313 461 356 tioe
484 312 764 372 bipertitum,
791 313 912 373 quod
933 315 1129 374 superius
1146 330 1246 359 cum
1266 314 1320 358 de
1339 312 1604 372 agricultura
1624 313 1782 375 loque-

390 397 562 437 remur,
594 383 842 428 transitoria
875 383 1070 444 quadam
1092 385 1319 429 occasione
1347 385 1675 444 perstrinximus
1693 420 1703 440 ,
1734 394 1786 429 ut

384 451 487 496 inde
509 453 601 513 jam
631 454 845 513 inciperet
873 453 1059 514 legentis
1089 456 1260 500 animus
1288 456 1372 500 hoc
1402 470 1642 499 assuescere
1675 470 1784 500 con-

387 523 516 580 tueri,
537 523 661 584 quod
682 524 862 585 adjuvat
884 524 1141 585 plurimum,
1162 542 1217 571 ne
1235 525 1344 587 quid
1364 526 1596 585 indignum
1618 526 1673 571 de
1694 527 1787 587 ipsa

388 595 466 639 Dei
484 595 726 641 substantia
739 597 992 644 sentiamus.
1009 599 1203 645 Dicimus
1221 599 1370 658 itaque
1385 597 1529 658 ipsum
1544 614 1784 654 summum,

382 682 560 725 verum,
587 685 728 713 unum
751 685 801 714 ac
820 668 965 715 solum
988 674 1151 726 Deum,
1179 673 1354 714 Patrem
1372 678 1415 713 et
1436 668 1598 714 Filium
1620 679 1663 714 et
1688 669 1786 729 Spi-

386 738 521 783 ritum
543 749 767 797 sanctum,
795 739 844 785 id
865 750 951 798 est,
976 744 1118 786 Deum
1131 740 1417 802 verbumque
1440 741 1532 801 ejus
1555 749 1600 785 et
1619 739 1786 785 utrius-

383 826 471 870 que
491 810 723 871 Spiritum,
747 811 1007 857 Trinitatem
1025 813 1186 872 ipsam,
1207 828 1353 873 neque
1368 811 1597 857 confusam
1611 847 1622 867 ,
1643 827 1788 872 neque

383 891 647 942 separatam,
677 902 699 926 «
722 886 864 928 Deum
883 884 960 944 qui
992 882 1109 929 solus
1139 883 1278 928 habet
1309 882 1709 938 immortalitatem,
1742 892 1788 928 et

384 970 405 994 »
440 951 586 998 lucem
614 954 786 999 habitat
816 954 1189 1012 inaccessibilem,
1227 970 1362 1016 quem
1393 970 1525 1000 nemo
1553 954 1788 999 hominum

387 1042 408 1066 »
442 1025 576 1082 vidit,
604 1041 687 1071 nec
714 1026 863 1072 videre
887 1036 1032 1087 potest
1047 1028 1077 1083 ¹,
1101 1045 1122 1069 »
1149 1042 1230 1071 nec
1258 1027 1458 1072 locorum
1479 1025 1550 1071 vel
1572 1026 1698 1071 finito
1717 1025 1787 1071 vel

383 1096 557 1142 infinito
579 1099 720 1158 spatio
742 1099 960 1144 contineri
979 1135 990 1155 ,
1017 1114 1100 1144 nec
1121 1109 1373 1159 temporum
1394 1097 1464 1143 vel
1485 1097 1612 1142 finito
1632 1096 1705 1142 vel
1725 1098 1788 1141 in-

388 1167 514 1212 finito
529 1168 754 1213 volumine
770 1170 941 1214 variari.
962 1172 1115 1230 Neque
1137 1169 1256 1214 enim
1278 1178 1342 1214 est
1362 1169 1409 1213 in
1429 1170 1521 1229 ejus
1544 1168 1788 1213 substantia

388 1254 475 1299 qua
488 1242 603 1283 Deus
619 1249 697 1295 est,
718 1239 840 1300 quod
856 1240 1034 1285 brevius
1055 1241 1107 1284 sit
1120 1241 1168 1284 in
1184 1250 1307 1300 parte
1325 1257 1459 1302 quam
1474 1240 1520 1285 in
1538 1249 1647 1295 toto,
1674 1239 1786 1284 sicut

394 1326 568 1356 necesse
590 1321 655 1356 est
675 1328 788 1368 esse,
814 1328 914 1373 quae
937 1312 983 1356 in
1010 1311 1116 1357 locis
1141 1322 1242 1357 sunt
1262 1333 1273 1370 ς
1297 1322 1372 1357 aut
1394 1311 1478 1357 tuit
1498 1313 1544 1356 in
1561 1313 1655 1372 ejus
1679 1312 1786 1356 sub-

391 1383 550 1427 stantia
566 1383 687 1445 quod
699 1385 792 1445 jam
810 1400 900 1429 non
917 1393 996 1440 est,
1022 1383 1093 1429 vel
1109 1384 1190 1428 erit
1212 1383 1334 1445 quod
1349 1383 1549 1429 nondum
1567 1392 1631 1428 est
1643 1419 1654 1438 ,
1677 1383 1787 1428 sicut

390 1454 435 1499 in
458 1456 626 1501 naturis
642 1472 743 1517 quae
761 1465 943 1517 possunt
965 1456 1172 1517 temporis
1194 1455 1535 1502 mutabilitatem
1555 1455 1665 1516 pati.

393 1601 1786 1621 mmmmmmmmmmmmmmmmmmmm

904 1722 1122 1773 CAPUT
1161 1724 1272 1772 XX.

401 1878 646 1924 Creatara
661 1877 931 1940 corporalis
954 1878 1058 1925 loco
1082 1888 1129 1924 et
1146 1887 1388 1939 tempore,
1411 1878 1648 1939 spiritalis
1670 1888 1787 1925 tem-

447 1967 570 2011 pore
613 1960 802 1997 tantam
814 1988 829 2008 ,
885 1951 1094 1997 Creator
1134 1951 1235 2011 ipse
1276 1960 1446 1997 neutro
1490 1950 1635 1997 modo
1682 1968 1788 1997 mu-

455 2020 633 2067 labilis.

452 2162 659 2205 XXXIX.
700 2163 782 2206 H1c
820 2175 924 2220 ergo
960 2158 1313 2205 incommutabili
1346 2160 1591 2205 aeternitate
1633 2159 1785 2204 vivens

388 2232 551 2277 creavit
583 2232 729 2277 omnia
759 2231 911 2288 simul,
942 2248 993 2277 ex
1032 2232 1194 2293 quibus
1229 2240 1456 2282 currerent
1484 2240 1704 2291 tempora,
1742 2240 1787 2275 et

391 2303 676 2363 implerentur
718 2303 840 2359 loca,
879 2302 1281 2364 temporalibusque
1316 2311 1360 2346 et
1392 2301 1605 2346 localibus
1638 2317 1786 2346 rerum

390 2375 583 2419 motibus
615 2375 774 2420 saecula
806 2374 1102 2421 volverentur.
1136 2378 1189 2419 In
1221 2373 1382 2435 quibus
1415 2373 1545 2417 rebus
1581 2371 1786 2432 quaedam

393 2445 615 2507 spiritalia,
636 2445 841 2507 quaedam
856 2444 1098 2506 corporalia
1114 2444 1330 2501 condidit,
1346 2443 1543 2491 formans
1559 2443 1785 2490 materiam

444 2548 454 2565 ¹
477 2553 490 2575 1
506 2542 588 2577 Tim.
603 2553 652 2586 vx,
677 2543 726 2576 16.
