1854 3219
359 134 442 171 392
773 150 806 174 s.
844 148 1072 177 Aucusriui
1108 150 1288 177 Episcopi

359 210 414 253 (lo
443 213 619 256 nomine
651 213 957 260 laboramlum.
989 219 1097 260 Nam
1126 225 1168 259 et
1193 232 1269 260 nos
1300 216 1509 271 dicimus,
1537 216 1755 277 quidquid

360 283 501 326 anima
534 292 623 338 est,
663 300 751 328 non
783 301 873 328 esse
906 287 1062 330 horum
1091 297 1281 348 quatuor
1312 287 1636 331 notissimorum
1663 291 1752 332 ele-

358 364 632 412 mentorum,
663 373 762 417 quae
787 357 1013 403 manifesta
1038 369 1141 404 sunt
1164 375 1373 419 eorpora3
1399 359 1475 402 sed
1497 374 1640 419 neque
1666 359 1749 404 hoc

357 439 446 468 esse
477 425 598 486 quod
628 429 741 471 Deus
768 436 845 472 est.
873 428 990 481 Quid
1016 430 1070 475 sit
1094 421 1383 486 autemsnon
1407 429 1567 473 dieitur
1595 428 1750 474 melius

357 513 490 558 quam
521 498 664 543 anima
687 499 757 544 vel
778 499 951 560 spiritus
979 503 1094 547 vitae.
1127 502 1231 547 Ideo
1259 502 1375 546 enim
1398 501 1589 557 additur,
1619 501 1746 558 vitae,

356 569 459 629 quia
483 579 526 614 et
548 570 626 614 iste
649 574 720 615 a'e'r
742 572 1003 634 plerumque
1029 573 1189 620 dieitur
1205 573 1395 634 spiritus.
1423 576 1686 634 Quanquam
1706 582 1749 618 et

353 641 546 686 animam
561 643 765 688 eumdem
784 647 927 689 a'e'rem
951 645 1309 706 appellaverunt,
1332 653 1382 688 ut
1399 645 1490 705 jam
1508 659 1598 688 non
1616 644 1750 704 possit

356 712 541 757 inveniri
560 730 736 770 nomen,
757 732 845 776 quo
858 717 1034 777 proprie
1051 716 1343 775 distinguatur
1362 716 1442 761 ista
1459 725 1630 771 natura,
1649 731 1749 776 quae

353 799 434 828 nee
467 801 646 845 eorpus,
684 802 764 832 nee
795 790 908 832 Deus
941 797 1032 844 est,
1067 804 1146 832 nee
1179 788 1268 833 vita
1302 788 1395 833 sine
1424 803 1574 843 sensu,
1607 785 1748 848 qualis

353 864 496 914 potest
518 857 636 902 credi
665 858 710 903 in
732 859 984 914 arboribus,
1022 874 1101 903 nee
1121 860 1210 904 vita
1231 859 1322 904 sine
1351 859 1551 904 rationali
1571 868 1718 904 mente
1734 893 1745 914 ‚

353 925 494 986 qualis
516 928 640 972 estin
661 929 893 989 pecoribus
911 951 922 987 3
942 929 1017 974 sed
1035 931 1121 975 vita
1136 946 1254 975 nune
1277 931 1420 975 minor
1442 946 1576 991 quam
1599 933 1749 989 Ange-

353 996 521 1055 lorum,
558 1009 601 1044 et
634 999 783 1045 futura
815 1000 936 1062 quod
958 1000 1255 1060 Angelorum,
1289 1001 1324 1046 si
1357 1018 1408 1046 ex
1435 1010 1656 1061 praeeepto
1685 1001 1750 1047 sui

351 1072 556 1116 creatoris
574 1072 644 1117 hie
663 1073 829 1118 vixerit.

416 1144 580 1187 XXXI.
610 1144 736 1188 Unde
763 1145 817 1189 sit
845 1155 1014 1200 autem,
1041 1144 1087 1190 id
1109 1154 1193 1200 est,
1222 1144 1276 1189 de
1302 1161 1388 1205 qua
1421 1144 1542 1189 velut
1570 1144 1750 1189 materia

351 1210 465 1256 faeta
488 1214 563 1269 sit,
590 1215 658 1258 vel
681 1215 736 1259 de
758 1232 845 1276 qua
866 1215 1057 1276 perfecta
1078 1216 1293 1276 beataque
1315 1225 1470 1260 natura
1494 1215 1747 1271 defluxerit,

353 1283 421 1327 vel
445 1295 593 1330 utrum
615 1288 794 1332 omnino
829 1303 880 1331 ex
902 1286 1039 1332 nihilo
1058 1286 1173 1332 faeta
1204 1287 1279 1342 sit⁷
1305 1287 1471 1331 etiamsi
1501 1285 1747 1342 dubitatur,

352 1367 395 1401 et
418 1360 657 1418 ‹‘[uaeritur;
684 1359 795 1405 illud
831 1369 976 1405 tamen
1005 1358 1183 1403 minime
1207 1357 1502 1403 dubitandum
1530 1366 1619 1412 est,
1653 1359 1751 1403 etsi

352 1429 519 1490 aliquid
542 1442 669 1476 antea
699 1431 783 1476 fuit
799 1468 809 1486 ,
842 1449 865 1476 a
887 1435 978 1476 Deo
1002 1430 1166 1476 factum
1189 1444 1279 1473 esse
1301 1427 1423 1488 quod
1444 1427 1554 1483 suit,
1587 1437 1630 1472 et
1653 1444 1749 1472 eam

350 1516 470 1544 nune
493 1517 515 1544 a
536 1506 624 1544 Deo
642 1503 802 1544 factam
815 1535 825 1555 ,
853 1512 897 1544 ut
917 1504 1059 1544 anima
1073 1500 1170 1544 viva
1188 1499 1242 1543 sit
1259 1519 1267 1544 :
1288 1508 1363 1543 aut
1380 1499 1497 1542 enim
1515 1498 1627 1542 nihil
1644 1498 1745 1554 fuit,

351 1582 426 1617 aut
451 1573 530 1616 lioe
558 1572 680 1633 quod
701 1582 764 1616 est
787 1587 876 1616 non
897 1571 996 1616 fuit.
1033 1570 1117 1616 Sed
1144 1570 1265 1615 illam
1295 1580 1485 1630 partem,
1511 1587 1599 1631 qua
1622 1587 1749 1631 quae-

349 1644 553 1688 rebamus
582 1644 705 1704 quasi
739 1645 829 1703 ejus
852 1643 1103 1697 materiem,
1138 1642 1256 1686 unde
1279 1641 1392 1687 faeta
1415 1642 1495 1697 sit,
1525 1643 1615 1701 jam
1648 1643 1749 1687 satis

352 1715 647 1760 tractavimus.

351 1850 1747 1894 wmmmmfflmmmmm'mmmmmmmfflmw

827 1996 1046 2045 CAPUT
1089 1997 1257 2045 XXII.

377 2147 457 2190 An
482 2143 693 2190 mensalis
728 2143 853 2188 ratio
876 2143 1051 2186 (enimse
1070 2140 1232 2203 ficerit
1254 2138 1449 2185 condila
1474 2139 1523 2182 ιή
1547 2136 1715 2182 (liebus

918 2211 1176 2257 Geneseos.

405 2355 594 2398 XXXII.
632 2355 754 2398 NUNC
787 2352 820 2395 si
855 2350 1034 2396 omnino
1075 2365 1165 2395 non
1201 2348 1311 2404 suit,
1352 2347 1641 2409 qurerendum
1679 2355 1742 2390 est

344 2424 569 2487 quomodo
594 2425 726 2484 possit
760 2422 967 2481 intelligi,
1001 2420 1123 2482 quod
1151 2419 1332 2464 causalis
1364 2420 1454 2479 ejus
1478 2418 1586 2462 ratio
1611 2416 1740 2460 fuisse

344 2497 570 2541 dicebatur
588 2496 629 2539 in
654 2495 801 2555 primis
815 2510 885 2539 sex
903 2494 1070 2538 dierum
1093 2493 1295 2552 operibus
1317 2492 1417 2546 Dei,
1441 2489 1617 2552 quando
1638 2488 1740 2536 fecit
