1854 3219
346 261 400 287 m:
432 259 583 288 csnssst
618 257 672 287 An
704 258 942 298 mmmmm,
974 259 1056 287 mn.
1092 258 1133 286 v.
1348 248 1430 287 313

49 324 152 386 quia
174 323 373 370 nondum
388 334 479 370 erat
499 325 631 370 homo
653 324 729 384 qui
746 324 967 384 operando
989 333 1147 369 terram
1166 321 1327 370 faceret
1354 327 1433 370 ea?

49 395 183 449 Quasi
204 410 307 441 vero
330 404 419 440 tam
439 394 580 439 multa
600 394 720 454 ligna
746 404 789 439 et
811 403 901 439 tam
933 394 1071 439 multa
1094 410 1251 454 genera
1271 395 1433 440 herba-

49 482 171 522 rum,
197 482 288 512 non
319 466 410 511 sine
438 464 528 510 ulla
558 481 688 526 opera
711 466 937 510 hominum
970 474 1203 510 nascantur
1225 481 1275 509 ex
1296 468 1433 511 terra?

106 540 275 582 XVIII.
310 539 380 582 An
407 536 464 582 ol)
500 537 585 582 hoc
617 545 853 597 utrumque
886 536 1078 596 positum
1113 545 1176 581 est
1191 572 1202 592 ,
1246 546 1290 580 et
1333 537 1434 597 quia

49 609 247 655 nondum
263 608 434 669 pluerat
450 624 579 670 super
600 618 776 664 terram,
791 617 833 653 et
855 609 955 670 quia
976 607 1174 654 nondum
1192 617 1283 653 erat
1302 609 1435 654 homo

48 681 126 742 qui
148 689 399 741 operaretur
419 690 576 725 terram
593 681 611 725 P
628 680 712 724 Ubi
733 679 850 723 enim
872 695 1002 739 opera
1020 680 1211 724 humana
1234 695 1324 724 non
1347 689 1433 731 est,

48 767 126 813 per
142 750 336 812 pluviam
356 750 436 796 ista
455 759 709 796 nascuntur.
738 752 849 796 Sunt
865 751 992 795 etiam
1016 750 1219 812 quaedam
1237 766 1337 812 quae
1358 765 1436 810 per

49 822 244 883 pluviam
263 838 353 867 non
374 831 630 877 nascuntur,
646 821 725 866 nisi
746 821 938 866 humana
961 837 1092 882 opera
1113 820 1304 867 accedat.
1332 821 1438 866 Ideo

50 910 168 939 nunc
202 903 440 954 utrumque
469 891 737 954 adjutorium
770 893 1059 938 necessarium
1092 903 1177 949 est,
1202 902 1253 938 ut
1280 902 1438 938 cuneta

50 975 284 1011 nascantur
304 985 313 1012 :
333 974 439 1011 tune
460 974 607 1010 autem
628 975 866 1026 utrumque
889 963 1053 1023 defuit3
1077 963 1176 1010 ideo
1198 965 1303 1010 feeit
1324 967 1438 1010 Deus

50 1039 144 1083 haec
165 1036 359 1099 potentia
382 1036 514 1081 Verbi
541 1037 607 1081 sui
630 1036 723 1081 sine
744 1035 914 1096 pluvia,
946 1035 1038 1080 sine
1071 1051 1201 1096 opere
1224 1036 1433 1080 humano.

50 1111 159 1154 Nam
182 1107 311 1153 etiam
332 1123 451 1153 nunc
479 1108 570 1168 ipse
591 1106 718 1162 facit,
744 1107 820 1151 sed
844 1107 933 1167 jam
962 1122 1039 1167 per
1072 1105 1266 1167 pluviam
1296 1115 1339 1151 et
1360 1122 1438 1167 per

50 1179 279 1224 hominum
301 1194 478 1236 manus3
507 1197 524 1219 «
561 1178 768 1232 Quamvis
798 1193 940 1239 neque
969 1177 1046 1239 qui
1079 1177 1250 1238 plantat
1283 1177 1337 1221 sit
1357 1176 1438 1222 ali-

55 1269 75 1293 »
100 1249 223 1312 quid,
238 1266 382 1311 neque
403 1250 480 1310 qui
493 1250 617 1309 rigat,
632 1249 707 1295 secl
721 1250 798 1311 qui
816 1250 1138 1294 incrementum
1153 1249 1228 1293 dat
1245 1252 1360 1293 Deus
1370 1251 1382 1276 ¹
1393 1284 1400 1293 .
1411 1268 1431 1291 η

111 1323 234 1366 ΧΙΧ.
269 1320 386 1375 Quid
422 1329 486 1364 est
517 1335 618 1378 ergo
652 1321 774 1381 quod
810 1320 1008 1381 adjungit
1045 1339 1053 1365 :
1084 1339 1104 1362 «
1140 1323 1256 1364 Fons
1294 1329 1438 1365 autem

57 1412 76 1435 »
112 1390 372 1436 ascendebat
401 1389 455 1435 de
483 1399 596 1435 terra
614 1425 624 1445 ‚
650 1400 693 1435 et
714 1390 920 1448 irrigabat
942 1405 1118 1435 omnem
1156 1388 1311 1434 faciem
1347 1399 1438 1435 ter-

56 1482 77 1506 »
115 1464 229 1508 rae2?
253 1481 273 1504 »
301 1461 379 1507 Ille
413 1462 576 1523 quippe
606 1460 701 1507 fons
734 1472 853 1507 tanta
876 1462 1074 1521 largitate
1095 1476 1302 1518 manans,
1326 1462 1440 1509 sicut

52 1533 174 1580 Nilus
211 1535 424 1593 AEgypto,
460 1541 603 1593 posset
630 1533 843 1578 universae
875 1542 1001 1577 terrae
1037 1547 1126 1576 esse
1160 1547 1239 1592 pro
1271 1532 1435 1592 pluvia,

53 1602 170 1659 Quid
200 1603 348 1665 itaque
375 1619 454 1665 pro
489 1619 647 1663 magno
683 1603 1040 1649 commendatum
1076 1611 1140 1647 est
1155 1638 1166 1658 ‚
1203 1612 1440 1664 antequam

48 1674 220 1736 plueret
241 1674 390 1720 fecisse
411 1677 550 1719 Deum
572 1673 644 1720 illa
664 1675 881 1735 gignentia
898 1711 909 1731 ,
936 1690 1037 1720 cum
1061 1684 1278 1735 quantum
1294 1685 1440 1736 posset

51 1745 255 1808 adjuvare
275 1745 439 1805 pluvia,
459 1755 633 1790 tantum
648 1744 744 1791 fons
764 1745 946 1805 irrigans
970 1747 1162 1790 terram?
1179 1748 1341 1790 Verum
1360 1747 1440 1791 etsi

52 1816 218 1878 aliquid
251 1817 422 1873 minus,
463 1818 632 1862 minora
660 1816 735 1861 illa
767 1816 971 1872 fortasse,
1011 1833 1101 1862 non
1134 1826 1279 1861 tamen
1316 1816 1438 1862 nulla

51 1897 346 1933 nascerentur.
378 1891 448 1933 An
469 1888 570 1932 hinc
593 1888 722 1932 etiam
743 1903 863 1932 more
884 1903 964 1932 suo
988 1887 1209 1947 Scriptura
1228 1896 1439 1948 tanquam

51 1959 234 2004 infirmis
254 1959 482 2004 infirmiter
499 1958 711 2020 loquitur7
737 1968 780 2004 et
800 1968 947 2003 tamen
969 1958 1113 2003 innuit
1135 1958 1301 2020 aliquid
1319 1959 1439 2020 quod

52 2028 268 2089 intelligat
284 2029 361 2091 qui
372 2029 589 2074 valuerit?
606 2029 821 2075 Nimirum
845 2031 960 2074 enim
983 2029 1093 2074 sicut
1113 2029 1195 2073 isto
1210 2028 1439 2090 die,paulo

54 2099 250 2160 superius
265 2109 628 2156 commemorato,
654 2100 913 2159 significavit
926 2115 1065 2144 unum
1087 2099 1204 2144 diem
1226 2098 1391 2145 factum
1415 2117 1439 2146 a

55 2174 144 2216 Deo
161 2207 172 2226 ‚
198 2180 242 2216 et
262 2180 369 2216 tunc
390 2173 529 2215 Deum
558 2170 707 2215 fecisse
729 2170 893 2215 coelum
915 2180 958 2216 et
980 2180 1139 2215 terram
1173 2187 1275 2216 eum
1296 2170 1437 2216 faetus

56 2252 119 2287 est
140 2242 230 2287 dies
245 2277 256 2298 ,
281 2251 332 2287 ut
347 2241 571 2303 quomodo
595 2258 817 2302 possemus
837 2244 1124 2302 cogitaremus
1146 2242 1276 2287 simul
1294 2243 1440 2287 omnia

56 2315 196 2357 Deum
217 2311 392 2368 fecisse,
419 2313 616 2374 quamvis
648 2314 843 2373 superior
870 2329 941 2358 sex
978 2313 1146 2358 dierum
1170 2314 1441 2358 enumeratio

56 2383 178 2429 velut
196 2392 440 2442 temporum
465 2383 693 2428 intervalla
717 2383 951 2429 ostendisse
972 2383 1193 2429 videretur
1218 2404 1226 2429 :
1259 2385 1318 2429 ita
1341 2400 1441 2429 cum

59 2453 231 2498 dixisset
260 2469 361 2498 cum
384 2454 498 2499 coelo
522 2463 565 2499 et
580 2463 693 2499 terra
714 2457 854 2499 Deum
876 2453 1026 2500 fecisse
1044 2471 1173 2500 omne
1194 2454 1333 2501 viride
1351 2455 1441 2513 agri

60 2533 295 2585 antequam
316 2534 425 2569 esset
444 2540 574 2585 super
595 2534 776 2582 terram,
802 2535 845 2572 et
865 2542 996 2572 omne
1018 2526 1190 2572 foenum
1213 2526 1302 2585 agri
1317 2534 1442 2569 ante-

108 2615 116 2631 ¹
147 2619 158 2641 1
178 2610 427 2652 Cor.111‚7.-
444 2616 456 2633 ²
476 2609 554 2643 Gen.
582 2620 616 2651 n,
634 2610 666 2641 6.
