1854 3219
335 205 391 233 m:
420 204 574 233 cenna
604 200 662 232 An
693 200 934 244 erTEnAM,
968 206 1052 233 Lm.
1086 205 1183 234 v111.
1384 191 1466 232 431

85 268 235 329 lingua
246 268 437 331 idipsum
454 269 712 330 appellatur,
728 271 862 314 menti
874 270 1027 332 utique
1040 269 1212 330 signum
1227 269 1472 314 insinuatur

83 337 131 383 in
150 355 257 385 voce
289 340 586 402 loquentium,
614 356 704 401 quo
735 349 916 384 sonante
945 350 1169 399 agnoscat,
1200 339 1322 401 quod
1343 340 1475 385 etiam

84 409 177 453 sine
213 410 337 470 signo
368 410 590 468 cogitaret.
632 410 796 455 Mirum
833 420 897 455 est
923 411 1036 455 enim
1050 446 1061 466 ,
1100 409 1474 471 quemadmodum

85 496 232 525 rerum
247 497 354 542 quas
375 481 510 526 habet
531 480 825 537 amissionem,
856 481 987 526 etiam
1018 482 1288 541 inexpertam
1317 491 1476 526 natura

86 551 264 597 devitet.
296 553 401 606 Quis
432 552 549 597 enim
581 567 738 612 pecora
771 552 922 598 docuit
949 553 1262 598 devitationem
1296 554 1469 608 mortis,
1537 553 1543 558 ’

86 623 169 667 nisi
186 638 334 668 sensus
349 624 475 669 vitae?
491 623 598 677 Quis
614 623 848 684 parvulum
869 640 1056 684 puerum
1078 624 1372 669 adhaerescere
1393 623 1476 668 ba-

80 692 176 753 julo
197 708 298 749 suo,
323 693 358 738 si
381 709 483 738 eum
505 691 638 738 fuerit
659 709 710 738 ex
731 693 819 738 alto
836 696 982 755 jacere
1005 694 1254 738 minitatus?
1275 692 1396 754 quod
1423 709 1476 737 ex

85 763 280 824 quodam
306 773 503 825 tempore
530 764 705 825 incipit,
741 764 818 810 sed
856 774 1004 810 tamen
1041 774 1278 826 antequam
1310 763 1477 825 aliquid

88 835 338 896 hujusmodi
355 845 556 896 expertus
573 837 642 880 sit.

144 908 327 951 XXXV.
365 907 433 952 Sic
459 922 564 967 ergo
591 906 675 952 illis
703 907 852 967 primis
878 908 1131 953 hominibus
1158 909 1249 969 jam
1270 908 1360 954 vita
1380 915 1473 952 erat

84 975 250 1034 dulciS,
286 992 419 1038 quam
440 976 638 1037 profecto
656 978 855 1023 amittere
876 977 1156 1037 devitabant,
1181 978 1313 1039 idque
1335 979 1479 1038 ipsum

87 1047 438 1108 quibuscumque
461 1047 603 1093 modis
619 1047 690 1093 vel
711 1049 826 1093 sonis
849 1049 1166 1108 significantem
1184 1052 1324 1093 Deum
1347 1047 1479 1092 intel-

88 1117 221 1176 ligere
233 1127 436 1178 poterant
453 1137 462 1164 ε
482 1134 563 1163 nec
580 1118 704 1164 aliter
721 1120 780 1164 eis
794 1129 938 1180 posset
953 1119 1206 1179 persuaderi
1220 1129 1450 1180 peccatum
1462 1154 1474 1174 ‚

89 1187 172 1232 nisi
192 1188 312 1248 prius
328 1187 663 1248 persuaderetur
679 1205 751 1234 eos
768 1205 819 1234 ex
840 1189 917 1235 illo
939 1189 1056 1235 facto
1078 1206 1168 1234 non
1190 1205 1279 1234 esse
1297 1189 1480 1234 moritu-

88 1273 158 1303 ros
171 1293 182 1314 ,
208 1258 254 1303 id
275 1263 354 1315 est,
370 1257 481 1304 illud
497 1258 620 1319 quod
635 1259 882 1315 habebant,
902 1269 1000 1304 etse
1017 1259 1180 1303 habere
1202 1259 1475 1318 gaudebant,

89 1340 182 1374 non
203 1329 455 1385 amissuros,
477 1328 597 1374 unde
613 1344 693 1375 suo
713 1329 811 1375 loco
832 1330 1107 1390 loquendum
1129 1339 1208 1374 est.
1234 1330 1481 1375 Advertant

90 1400 240 1461 itaque
259 1400 294 1445 si
316 1416 427 1461 quos
449 1410 597 1446 movet
611 1436 622 1457 ,
651 1401 875 1462 quomodo
897 1402 1120 1461 potuerint
1142 1400 1386 1460 intelligere
1406 1394 1476 1445 in-

86 1480 264 1532 experta
286 1471 589 1516 nominantem
609 1472 680 1516 vel
701 1473 942 1517 minantem
960 1476 1101 1516 Deum
1119 1491 1128 1517 :
1149 1481 1193 1516 et
1209 1472 1387 1517 videant
1402 1488 1481 1517 nos

91 1542 288 1587 omnium
308 1541 634 1602 inexpertorum
652 1543 852 1598 nomina,
873 1543 1045 1587 nonnisi
1065 1558 1117 1587 ex
1134 1543 1361 1587 contrariis
1379 1559 1480 1604 quae

84 1614 176 1673 jam
202 1613 426 1668 novimus,
456 1613 491 1657 si
519 1613 813 1673 privationum
847 1623 974 1668 sunt,
1001 1622 1077 1657 aut
1100 1629 1151 1657 ex
1181 1613 1394 1659 similibus
1410 1649 1421 1670 ,
1448 1614 1482 1658 si

91 1682 336 1743 specierum
371 1691 499 1739 sunt,
537 1683 630 1727 sine
660 1682 752 1728 ullo
785 1693 895 1727 aestu
921 1683 1207 1728 dubitationis
1230 1699 1479 1743 agnoscere.

92 1754 183 1799 Nisi
204 1753 316 1798 forte
340 1753 531 1814 aliquem
552 1756 741 1809 movet1,
767 1753 1142 1815 quemadmodum
1172 1753 1294 1815 loqui
1326 1765 1485 1815 potue-

94 1824 206 1880 rint,
232 1823 303 1869 vel
324 1822 579 1884 loquentem
608 1823 849 1883 intelligere
866 1860 877 1880 ,
909 1824 985 1884 qui
1014 1840 1104 1869 non
1137 1823 1382 1870 didicerant
1413 1825 1484 1870 vel

88 1894 330 1940 crescendo
356 1895 472 1938 inter
499 1894 754 1955 loquentes,
780 1894 851 1941 vel
880 1895 1027 1955 aliquo
1054 1895 1301 1954 magisterio
1329 1916 1337 1941 :
1362 1896 1485 1957 quasi

95 1980 306 2024 magnum
323 1963 456 2009 fuerit
470 1968 560 2009 Deo
575 1964 697 2025 loqui
719 1981 790 2009 eos
813 1964 968 2010 docere
983 2000 993 2020 ,
1019 1981 1128 2025 quos
1150 1965 1209 2009 ita
1225 1966 1409 2022 fecerat,
1434 1975 1486 2010 ut

95 2026 180 2083 hoc
192 2044 368 2095 possent
382 2035 512 2079 etiam
529 2034 584 2079 ab
598 2035 852 2081 hominibus
869 2035 1050 2092 discere,
1065 2035 1100 2079 si
1115 2045 1254 2081 essent
1268 2051 1292 2081 a
1306 2037 1479 2098 quibus.

145 2138 156 2157 ¹
177 2141 198 2164 2
215 2132 304 2164 Sent.
326 2131 400 2164 dist.
419 2142 489 2174 xxi,
507 2141 582 2173 cap.
600 2129 707 2164 Illud.
