1854 3219
325 185 381 212 DE
411 185 563 219 αΕΝΕεΙ
593 182 650 211 An
681 181 924 223 LITTERAM,
959 184 1041 211 Lm.
1077 184 1137 211 vi.
1341 171 1424 210 355

48 268 70 293 »
104 259 147 295 te
163 251 397 295 formarem
412 251 459 295 in
479 259 621 306 utero,
642 249 745 295 novi
761 259 804 293 te
823 251 837 275 1
856 268 866 295 ε
891 266 911 291 »
933 258 984 293 ut
1003 248 1115 292 illud
1131 256 1303 292 tantum
1323 263 1427 307 pro-

44 322 190 382 prium
209 322 412 373 habuerit
431 320 590 379 Adam,
615 320 736 382 quod
753 336 844 366 non
865 337 916 366 ex
932 319 1184 381 parentibus
1202 328 1329 364 natus
1345 328 1426 375 est,

44 392 121 437 sed
133 392 272 439 factus
293 409 344 438 ex
357 402 497 451 terra3
520 408 570 437 eo
593 401 740 437 tamen
762 390 895 436 modo
912 401 962 435 ut
983 392 1029 434 in
1042 391 1125 435 hoc
1143 389 1426 450 perficiendo,

45 474 89 509 et
110 481 187 525 per
217 475 363 510 aetates
386 465 587 525 augendo
614 465 662 509 hi
687 474 936 525 temporum
957 463 1128 508 numeri
1156 462 1431 522 compleren-

44 545 132 593 tur,
158 553 268 598 quos
289 546 456 582 naturae
473 536 655 581 humani
680 535 846 595 generis
871 535 1103 580 attributos
1122 534 1335 580 videmus.
1362 537 1432 578 An

45 609 189 668 potius
205 609 289 665 hoc
305 624 397 663 non
414 618 477 664 est
489 606 827 671 requirendum?
846 606 1112 661 Utrumlibet
1129 606 1246 657 enim
1263 604 1430 661 fecerit,

45 672 130 724 hoc
144 677 248 724 {ecit
267 680 388 741 quod
408 679 608 735 Deum'et
630 679 974 740 omnipotentem
997 687 1040 722 et
1056 677 1294 738 sapientem
1311 691 1435 736 posse

45 765 95 795 ac
124 749 266 795 facere
294 751 575 810 congruebat.
615 754 681 795 Ita
717 750 834 794 enim
870 759 1006 794 certas
1038 759 1287 809 temporum
1318 746 1435 806 leges

46 823 278 883 generibus
293 823 666 885 qualitatibusque
683 838 829 871 rerum
846 822 895 874 in
911 820 1192 868 manifestum
1214 837 1266 865 ex
1283 818 1436 863 abdito

43 892 338 953 producendis
371 894 593 951 attribuit,
622 903 672 939 ut
695 895 785 955 ejus
805 892 1008 939 voluntas
1034 893 1088 936 sit
1113 908 1244 954 super
1271 891 1432 937 omnia.

45 965 246 1022 Potentia
263 965 427 1027 quippe
452 980 529 1016 sua
549 981 755 1016 numeros
778 974 988 1016 creaturae
1013 963 1156 1020 dedit,
1184 980 1275 1008 non
1295 964 1436 1023 ipsam

44 1031 287 1098 potentiam
313 1036 475 1087 eisdem
494 1037 686 1091 numeris
703 1036 908 1094 alligavit.
931 1038 1041 1082 Nam
1061 1035 1244 1095 Spiritus
1266 1035 1355 1095 ejus
1377 1034 1439 1078 ita

44 1106 246 1162 faciendo
265 1109 435 1161 mundo
459 1107 812 1170 superierebatur
834 1111 850 1134 ²
864 1144 876 1167 ,
914 1118 964 1153 ut
986 1118 1029 1153 et
1050 1107 1166 1153 sacto
1188 1105 1437 1168 superfera-

43 1187 131 1236 tur,
156 1196 248 1228 non
263 1179 568 1240 ,corporalibus
586 1180 718 1238 lociS,
739 1180 816 1226 sed
841 1180 1096 1227 excellentia
1124 1179 1363 1241 potestatis.

104 1252 268 1300 XXIV.
294 1252 400 1305 Quis
414 1252 536 1304 enim
556 1252 695 1298 nescit
714 1268 873 1314 aquam
897 1259 1145 1297 concretam
1168 1260 1315 1306 terrae,
1334 1265 1436 1294 cum

48 1320 105 1366 ad
121 1321 284 1376 radices
305 1322 404 1369 vitis
425 1322 609 1379 venerit,
630 1323 733 1368 duci
750 1323 796 1367 in
817 1323 1008 1382 saginam
1030 1321 1138 1381 ligni
1151 1321 1283 1376 illius,
1309 1329 1441 1382 atque

47 1391 94 1436 in
114 1406 166 1436 eo
187 1407 357 1445 sumere
379 1392 653 1453 qualitatem,
674 1409 761 1454 qua
782 1394 829 1437 in
848 1409 980 1439 uvam
999 1392 1208 1453 procedat
1228 1390 1439 1452 paulatim

49 1472 351 1523 erumpentem
363 1499 374 1520 ‚
393 1472 525 1524 atque
543 1464 589 1508 in
609 1479 658 1508 ea
676 1464 987 1524 grandescente
1003 1464 1156 1508 vinum
1176 1464 1266 1519 fiat,
1292 1472 1438 1509 matu-

49 1549 236 1596 rumque
263 1534 506 1591 dulcescat,
537 1535 658 1596 quod
685 1535 828 1581 adhuc
852 1534 1061 1580 fervescat
1090 1550 1359 1595 expressum,
1395 1543 1440 1578 et

48 1604 240 1667 quadam
259 1615 473 1659 vetustate
495 1607 717 1651 firmatum
749 1606 805 1650 ad
833 1622 963 1650 usum
986 1606 1168 1650 bibendi
1197 1606 1345 1650 utilius
1368 1606 1442 1666 ju-

49 1676 326 1739 cundiusque
336 1677 561 1737 perveniat
572 1679 715 1725 PNum
725 1677 822 1722 ideo
834 1678 1044 1722 Dominus
1054 1676 1225 1736 lignum
1239 1677 1439 1738 quaesivit

50 1756 126 1807 aut
147 1757 329 1804 terram⁷
354 1758 431 1793 aut
450 1749 526 1793 has
549 1757 798 1808 temporum
820 1764 962 1793 moras
977 1784 988 1804 ‚
1021 1764 1122 1793 cum
1148 1765 1308 1810 aquam
1329 1749 1440 1794 miro

49 1817 311 1879 compendio
328 1819 544 1868 convertit
559 1818 606 1862 in
621 1819 795 1874 vinum,
817 1829 860 1863 et
881 1818 967 1863 tale
984 1820 1136 1864 vinum
1158 1819 1279 1880 quod
1297 1819 1441 1863 ebrius

50 1890 182 1951 etiam
195 1890 377 1940 conviva
389 1889 614 1936 laudaret?
625 1889 854 1950 Numquid
873 1889 941 1950 adj
950 1889 1089 1934 utorio
1103 1890 1308 1950 temporis
1321 1891 1442 1950 eguit

51 1961 253 2008 conditor
269 1962 505 2022 temporis?
525 1964 680 2008 Nonne
704 1961 830 2006 certis
851 1960 1020 2006 dierum
1042 1962 1233 2006 numeris
1255 1978 1333 2006 suo
1352 1963 1442 2006 cui-

51 2049 138 2096 que
156 2032 302 2093 generi
326 2032 684 2088 accommodatis,
709 2032 847 2078 omnis
870 2042 1024 2077 natura
1042 2032 1308 2094 serpentium
1337 2049 1441 2078 coa—

49 2103 194 2161 lescit,
212 2104 445 2161 formatur,
463 2104 670 2162 nascitur,
689 2104 947 2150 roboratur?
964 2106 1080 2151 Num
1105 2105 1317 2165 expectati
1338 2115 1442 2150 sunt

52 2174 101 2230 hi
137 2174 242 2232 dies,
275 2184 326 2220 ut
350 2176 399 2220 in
426 2174 661 2220 draconem
696 2174 815 2234 virga
852 2184 1179 2223 converteretur
1217 2174 1272 2220 de
1308 2191 1443 2221 manu

52 2246 196 2304 Moysi
229 2255 272 2290 et
305 2240 482 2291 Aaron?
503 2248 592 2291 Nec
625 2246 704 2290 ista
738 2261 840 2290 cum
876 2247 989 2290 fiunt
1006 2281 1016 2301 ‚
1056 2255 1208 2291 contra
1239 2256 1443 2292 naturam

54 2316 195 2372 fiunt,
227 2317 311 2361 nisi
341 2316 468 2361 nobis
500 2317 661 2377 quibus
691 2316 814 2361 aliter
841 2326 1008 2361 naturae
1038 2332 1188 2361 cursus
1221 2318 1409 2363 innotuit
1426 2335 1437 2370 3

55 2402 145 2432 non
162 2396 308 2432 autem
329 2390 436 2442 Deo,
455 2387 526 2431 cui
546 2388 630 2432 hoc
653 2395 716 2431 est
737 2396 893 2432 natura
910 2388 1031 2448 quod
1048 2386 1213 2432 fecerit.

107 2491 117 2508 ¹
132 2487 242 2528 Jer.17
269 2483 302 2516 5.
319 2501 360 2508 —
379 2491 392 2508 ²
408 2486 487 2518 Gen.
513 2497 537 2527 1,
556 2494 588 2518 2.
610 2502 652 2508 —-
673 2483 686 2508 3
704 2486 796 2517 Joan.
816 2496 851 2528 n,
866 2496 898 2528 9.
920 2486 963 2508 -ἑ
985 2484 997 2509 3
1019 2486 1119 2518 Exod.
1138 2496 1194 2527 vu,
1217 2497 1268 2518 10.
