1854 3219
339 205 392 231 DE
423 204 574 232 Gnnsssl
606 200 660 232 An
693 206 933 243 ιιΤΤΕηΑΜ,
970 208 1050 234 Lus.
1089 209 1165 234 xii.
1357 199 1440 237 589

58 268 162 328 quia
197 284 286 314 non
309 270 475 315 habent
497 271 543 314 in
564 280 775 331 potestate
797 289 896 333 quae
917 272 1200 318 admoveatur
1229 276 1441 334 expressio

58 339 293 398 corporalis
321 341 544 399 imaginiS‚
570 358 669 401 quae
692 341 874 386 discerni
902 360 991 388 non
1022 345 1155 404 possit
1177 361 1199 388 a
1222 361 1403 405 corpore
1429 365 1438 391 :

58 419 237 469 propter
257 410 377 455 illam
408 427 511 470 ergo
545 412 821 457 affectionem
849 415 1005 458 animae
1037 415 1219 470 bonam,
1246 417 1375 460 etiam
1396 416 1443 460 in

60 480 224 524 somnis
246 479 447 541 quaedam
470 482 562 542 ejus
582 482 734 526 merita
755 482 1056 529 clarent.Nam
1072 485 1200 529 etiam
1223 485 1443 530 dormiens

63 549 268 596 Salomon
297 549 551 612 sapientiam
577 553 816 613 praeposuit
846 554 1049 599 omnibus
1076 555 1228 611 rebus,
1261 571 1444 616 eamque

60 621 266 680 neglectis
283 623 449 667 caeteris
468 632 532 668 est
543 632 742 684 precatus
758 641 781 668 a
795 625 982 669 Domino
1003 644 1011 670 :
1032 635 1076 670 et
1091 626 1201 670 sicut
1225 626 1445 686 Scriptura

62 699 261 748 testatur,
293 692 459 753 placuit
479 694 563 738 hoc
585 709 731 739 coram
762 695 974 739 Domin01
992 730 1002 750 a
1028 711 1108 740 nec
1132 696 1300 741 distulit
1320 696 1444 741 retri-

61 763 291 810 butionem
313 765 473 811 bonam
490 781 570 827 pro
593 765 806 812 desiderio
828 767 960 812 bono.

72 922 243 939 mwwumx
247 921 778 941 mmmmm

1112 924 1446 941 mhssssffimwmw

563 1044 778 1096 CAPUT
811 1048 948 1096 XVI.

71 1178 409 1240 Corporalium
435 1178 768 1226 similitudines
796 1197 829 1225 α
856 1180 1026 1241 spiritu
1048 1181 1096 1225 in
1126 1196 1176 1225 se
1209 1182 1311 1240 ipso
1329 1180 1447 1243 for—

688 1267 828 1296 marc.

125 1388 314 1432 XXXII.
350 1390 456 1441 QUAE
478 1403 579 1433 cum
595 1388 655 1432 ita
672 1387 758 1432 sint
772 1423 783 1443 ‚
814 1388 998 1445 pertinet
1019 1388 1210 1447 corporis
1227 1402 1374 1432 sensus
1396 1387 1451 1430 ad

65 1458 156 1503 visa
177 1458 440 1519 corporalia,
467 1460 544 1520 qui
573 1475 651 1519 per
672 1459 868 1519 quinque
897 1459 1018 1519 quasi
1054 1458 1215 1503 rivulos
1243 1458 1452 1502 distanter

66 1528 259 1574 valentes
287 1529 566 1574 distribuitur
599 1549 608 1574 ;
646 1546 745 1574 cum
766 1529 878 1573 illud
899 1529 1019 1589 quod
1041 1538 1104 1573 est
1124 1528 1452 1573 subtilissimum

66 1601 113 1645 in
140 1615 347 1661 corpore,
384 1610 428 1644 et
461 1601 518 1645 ob
548 1601 632 1645 hoc
662 1601 817 1645 animae
837 1601 1021 1644 vicinius
1045 1616 1176 1660 quam
1205 1609 1382 1655 caetera,
1408 1598 1454 1643 id

67 1680 133 1716 est
165 1671 266 1727 lux,
291 1671 483 1731 primum
509 1687 587 1730 per
616 1671 766 1716 oculos
787 1670 876 1715 sola
899 1670 1179 1725 diffunditur⁷
1213 1670 1454 1730 emicatque

68 1742 115 1786 in
131 1741 261 1786 radiis
273 1740 504 1786 oculorum
524 1741 580 1785 ad
598 1741 782 1785 visibilia
800 1741 1071 1797 contuenda3
1091 1740 1248 1784 deinde
1269 1740 1455 1784 mixtura

69 1812 283 1873 quadam,
307 1812 497 1871 primum
520 1826 622 1856 cum
645 1815 741 1856 ae're
763 1827 874 1871 puro
892 1847 902 1866 ⁷
929 1813 1120 1856 secundo
1144 1826 1244 1855 cum
1262 1814 1358 1853 ae‘re
1380 1826 1454 1854 ca-

68 1882 254 1941 liginoso
283 1891 415 1942 atque
442 1881 680 1937 nebuloso,
720 1883 847 1926 tertio
877 1897 977 1925 cum
1011 1879 1332 1941 corpulentiore
1367 1881 1454 1924 hu-

70 1968 190 1998 more
206 1988 217 2009 ‚
242 1962 400 2014 quarto
430 1968 531 1997 cum
554 1961 725 1996 terrena
748 1952 1032 1996 crassitudine
1048 1987 1058 2007 ,
1092 1952 1288 2013 quinque
1310 1967 1456 1996 sensus

72 2039 174 2068 cum
194 2024 288 2084 ipso
306 2059 317 2080 ,
341 2024 419 2068 ubi
436 2023 525 2068 sola
549 2022 742 2079 excellit,
767 2023 994 2067 oculorum
1011 2038 1139 2067 sensu
1161 2024 1293 2067 efficit
1315 2043 1323 2068 :
1345 2023 1457 2067 sicut

71 2095 119 2140 in
139 2094 253 2140 libro
275 2104 447 2156 quarto,
462 2096 654 2155 itemque
671 2094 717 2138 in
735 2097 918 2154 septimo
936 2094 1182 2138 disseruisse
1203 2110 1272 2138 me
1294 2093 1453 2138 recolo.

72 2168 151 2211 Est
172 2176 318 2211 autem
339 2166 424 2211 hoc
446 2165 609 2210 coelum
634 2164 768 2209 oculis
791 2166 1098 2225 conspicuum,
1126 2165 1243 2209 unde
1266 2164 1457 2209 lumina-

74 2237 136 2281 ria
167 2245 211 2281 et
230 2236 369 2281 sidera
398 2236 636 2295 effulgent,
665 2235 942 2281 excellentius
963 2236 1116 2296 utique
1136 2236 1338 2280 omnibus
1359 2251 1457 2279 cor—

74 2307 215 2368 poreis
247 2306 492 2363 elementis,
523 2307 634 2351 sicut
654 2307 885 2352 oculorum
914 2322 1060 2351 sensus
1091 2305 1264 2350 excellit
1289 2307 1334 2350 in
1361 2321 1458 2349 cor-

76 2395 196 2440 pore.
232 2379 344 2433 Quia
381 2394 484 2425 vero
518 2379 691 2438 spiritus
731 2378 870 2423 omnis
900 2378 1019 2422 omni
1052 2387 1114 2422 est
1154 2393 1333 2438 corpore
1370 2377 1459 2420 sine

77 2449 351 2495 dubitatione
370 2450 657 2510 praestantior,
681 2449 876 2509 sequitur
898 2457 947 2492 ut
974 2464 1063 2493 nou
1094 2447 1180 2493 loci
1216 2448 1428 2508 positione
1443 2480 1454 2502 ‚

125 2553 134 2570 ¹
153 2546 174 2579 3
190 2549 267 2589 Reg.
288 2557 336 2589 m,
356 2551 488 2590 9et10.
