1854 3219
402 176 485 215 466
830 190 864 216 s.
901 189 1129 218 Ancusnm
1163 191 1343 218 EPISCOPI

398 255 528 313 rigat:
557 269 646 298 non
670 263 816 298 autem
840 270 948 314 opus
976 258 1066 316 ejus
1090 266 1174 311 est,
1195 266 1245 300 ut
1264 270 1375 315 aqua
1395 268 1471 314 per
1488 252 1669 297 declivia
1690 268 1788 312 pro-

390 324 580 379 labatur,
608 325 684 368 sed
704 324 821 369 illius
845 326 921 385 qui
944 328 1090 372 omnia
1112 328 1158 371 in
1180 342 1383 370 mensura
1399 360 1409 380 ,
1446 333 1489 368 et
1510 339 1717 378 numero,
1744 333 1787 368 et

393 394 587 454 pondere
611 395 864 455 disposuit1.
892 400 1003 441 Item
1028 414 1135 458 opus
1164 397 1365 456 agricolae
1398 405 1483 451 est,
1516 403 1565 438 ut
1589 393 1788 439 surculus

395 464 606 509 avellatur
636 482 685 509 ex
718 466 897 522 arbore,
929 476 1145 528 terraeque
1183 468 1415 511 mandetur
1443 486 1451 510 2
1484 475 1528 510 at
1560 481 1650 509 non
1679 480 1788 524 opus

393 537 485 596 ejus
507 546 593 592 est,
619 547 670 581 ut
687 553 865 582 succum
881 538 1066 583 imbibat
1083 575 1093 595 ‚
1115 549 1163 583 ut
1183 554 1361 598 germen
1384 537 1575 591 emittat,
1595 545 1645 580 ut
1668 534 1789 580 aliud

393 608 485 667 ejus
508 607 601 652 solo
623 609 729 668 figat
744 644 755 664 ‚
781 625 870 670 quo
885 608 1075 654 radicem
1097 609 1308 664 stabiliat,
1330 606 1451 652 aliud
1472 608 1517 651 in
1535 622 1658 651 auras
1680 622 1786 667 pro-

393 689 567 723 moveat
583 715 593 735 ,
619 696 708 740 quo
730 680 867 724 robur
882 681 1049 726 nutriat
1065 717 1075 737 ,
1103 696 1332 741 ramosque
1360 678 1606 737 diffundat3
1635 677 1711 722 sed
1732 677 1788 721 il-

392 748 475 794 lius
498 751 575 811 qui
597 749 673 795 dat
702 751 1039 797 incrementum.
1077 751 1273 798 Medicus
1306 751 1436 795 etiam
1469 766 1586 810 aegro
1617 749 1788 809 corpori

392 819 651 866 alimentum
668 822 864 879 adhibet,
881 834 925 869 et
940 823 1170 869 vulnerato
1187 822 1578 867 medicamentum:
1596 820 1788 881 primum

391 907 483 936 non
505 892 560 937 de
586 894 716 938 rebus
743 910 851 955 quas
878 895 1062 951 creavit,
1089 893 1165 939 sed
1191 910 1298 956 quas
1321 901 1484 938 creatas
1507 907 1637 952 opere
1653 893 1787 936 Crea-

390 963 494 1007 toris
523 963 714 1009 invenit:
742 964 901 1009 deinde
931 965 1080 1010 cibum
1103 964 1173 1009 vel
1194 974 1349 1026 potum
1377 978 1622 1024 praeparare
1643 962 1789 1022 potuit

389 1044 433 1079 et
454 1035 719 1091 ministrare,
745 1035 1030 1095 emplastrum
1058 1035 1245 1080 formare
1273 1044 1315 1078 et
1336 1035 1657 1078 medicamento
1686 1031 1788 1076 inli-

389 1116 485 1151 tum
515 1123 759 1167 apponere,
784 1123 892 1151 num
921 1107 1053 1152 etiam
1070 1143 1080 1163 ‚
1117 1123 1171 1150 ex
1192 1107 1240 1149 iis
1261 1121 1360 1166 quae
1385 1104 1565 1148 adhibet
1581 1139 1591 1159 ‚
1617 1103 1787 1163 operari

388 1187 432 1222 et
452 1181 597 1222 creare
618 1179 729 1222 vires
746 1176 818 1222 vel
835 1194 1012 1223 carnem
1035 1179 1204 1237 potest?
1221 1179 1384 1222 Natura
1409 1174 1453 1219 id
1473 1174 1561 1234 agit
1581 1174 1787 1218 interiore

388 1258 529 1305 motu,
550 1248 765 1309 nobisque
788 1247 1094 1293 occultissimo.
1114 1248 1197 1293 Cui
1216 1257 1363 1291 tamen
1380 1246 1413 1290 si
1428 1249 1542 1291 Deus
1561 1245 1787 1289 subtrahat

387 1321 687 1381 operationem
709 1320 933 1376 intimam⁷
959 1336 1046 1381 qua
1068 1336 1163 1364 eam
1186 1318 1413 1364 substituit
1431 1327 1474 1362 et
1496 1316 1600 1362 facit
1608 1353 1623 1374 ,
1643 1316 1787 1362 conti-

389 1407 479 1436 nuo
502 1401 714 1452 tanquam
735 1391 923 1436 extincta
938 1426 948 1446 ,
976 1390 1099 1435 nulla
1120 1390 1377 1435 remanebit.

446 1465 658 1507 XXVIII.
685 1465 961 1523 Quapropter
989 1479 1092 1507 cum
1121 1466 1236 1507 Deus
1267 1462 1516 1506 universam
1542 1468 1788 1504 creaturam

388 1550 511 1580 suam
534 1534 741 1594 bipertito
759 1534 953 1594 quodam
974 1533 1107 1578 modo
1130 1549 1260 1594 opere
1281 1532 1568 1593 providentiae
1583 1567 1593 1587 ‚
1620 1531 1675 1575 de
1696 1545 1787 1591 quo

387 1606 432 1650 in
457 1605 679 1664 superiore
706 1604 821 1649 libro
849 1604 987 1649 locuti
1021 1620 1171 1649 sumus
1184 1608 1217 1659 ²,
1249 1605 1358 1649 etin
1379 1602 1653 1648 naturalibus
1675 1601 1788 1646 etin
1852 1604 1854 1646 3

389 1676 646 1722 voluntariis
686 1676 880 1721 motibus
922 1675 1196 1721 administret
1213 1712 1223 1732 ,
1271 1691 1416 1720 creare
1452 1684 1656 1719 naturam
1698 1682 1787 1718 tam
1852 1705 1854 1723 2

388 1746 536 1792 nullus
555 1745 748 1806 Angelus
770 1756 936 1806 potest,
957 1762 1090 1808 quam
1104 1762 1184 1791 nec
1206 1762 1250 1791 se
1266 1746 1427 1806 ipsum.
1446 1745 1661 1790 Voluntas
1681 1759 1788 1789 vero
1852 1728 1854 1743 ¹

388 1818 581 1877 angelica
609 1817 866 1862 obedienter
887 1821 978 1862 Deo
1000 1817 1199 1873 subdita,
1224 1818 1404 1879 ejusque
1432 1826 1610 1861 executa
1625 1815 1786 1876 jussio-

387 1905 516 1949 nem3
550 1889 823 1934 naturalibus
865 1889 1059 1934 motibus
1089 1889 1144 1933 de
1172 1889 1303 1934 rebus
1338 1888 1542 1949 subjectis
1575 1897 1787 1947 tanquam

387 1960 616 2005 materiam
652 1960 923 2016 ministrare,
957 1969 1009 2004 ut
1039 1959 1285 2004 secundum
1318 1958 1411 2004 illas
1445 1956 1707 2019 principales
1737 1957 1787 2000 in
1846 1959 1847 1970 ³

384 2033 522 2077 verbo
543 2032 623 2077 Dei
648 2048 739 2077 non
760 2040 946 2087 creatas,
971 2030 1042 2076 vel
1073 2030 1315 2076 seeundum
1343 2029 1437 2074 illas
1465 2030 1511 2074 in
1538 2028 1687 2090 primis
1714 2042 1787 2071 sex
1846 2058 1847 2069 ,

388 2102 559 2148 dierum
576 2104 782 2164 operibus
805 2102 1034 2148 causaliter
1049 2112 1212 2148 creatas
1231 2102 1417 2146 rationes
1433 2100 1601 2162 aliquid
1612 2101 1659 2144 in
1679 2108 1786 2143 tem·

387 2191 493 2237 pore
515 2185 701 2231 creetur,
723 2190 845 2220 more
869 2173 1135 2234 agricolandi
1157 2173 1225 2219 vel
1243 2171 1446 2218 medendi
1462 2181 1619 2232 potest.
1646 2169 1785 2224 Quale
1846 2167 1847 2192 ³

385 2247 535 2308 itaque
553 2246 842 2290 ministerium
859 2249 949 2290 Deo
970 2244 1248 2289 exhibuerint
1266 2243 1420 2301 Angeli
1437 2242 1481 2286 in
1500 2241 1575 2286 illa
1590 2239 1784 2285 mulieris
1846 2242 1847 2290 ξ

384 2319 647 2364 formatione
665 2354 676 2373 ,
708 2318 805 2378 quis
829 2316 987 2362 audeat
1008 2317 1249 2361 affirmare?
1267 2314 1513 2361 Certissime
1542 2323 1691 2357 tamen
1713 2311 1783 2356 di-
1846 2338 1847 2346 κ

386 2391 524 2435 xerim
545 2388 900 2450 supplementum
928 2386 1037 2432 illud
1059 2387 1198 2433 carnis
1222 2387 1267 2431 in
1285 2395 1415 2431 costae
1436 2385 1600 2440 locum,
1624 2383 1783 2444 ipsius-

389 2476 476 2522 que
494 2459 688 2505 foeminae
706 2476 862 2520 corpus
875 2469 919 2503 et
937 2459 1124 2503 animam
1141 2456 1622 2517 conformationemque
1635 2469 1782 2499 mem·
1844 2508 1846 2520 s

440 2552 448 2567 ¹
471 2547 544 2588 Sap.
564 2556 608 2587 xi,
624 2554 677 2576 21.
703 2561 742 2566 ———
761 2550 772 2566 ²
792 2546 826 2575 Iu
842 2543 900 2575 lib.
927 2555 994 2584 vni,
1009 2554 1080 2586 cap.
1102 2553 1124 2585 9
1139 2547 1169 2575 et
1192 2552 1230 2584 19
1244 2567 1252 2583 ,
1271 2545 1337 2574 etc.
