1854 3219
339 243 394 271 nn
425 242 577 271 emim
608 241 664 270 An
695 241 938 280 LITTERAM9
973 243 1056 269 Lm.
1083 242 1162 269 ΧΠ.
1342 229 1426 269 569

46 307 182 367 pietas
195 343 206 362 ,
231 316 274 352 et
294 322 584 369 quaecumque
607 308 700 352 ah'ae
715 316 842 361 sunt,
863 322 969 368 quas
990 305 1274 365 intelligendo
1295 315 1428 367 atque

45 377 278 437 cogitando
311 392 614 423 enumeramus
637 414 648 434 ,
693 377 998 433 discernimus,
1039 378 1269 422 definimus
1285 413 1296 433 ,
1339 393 1428 422 non

45 450 198 511 utique
218 450 438 494 intuentes
457 448 722 494 lineamenta
744 464 892 493 earum
917 447 988 493 vel
1008 447 1197 504 colores,
1222 458 1299 493 aut
1314 464 1428 509 quo-

44 519 177 564 modo
202 529 381 576 sonent,
407 528 483 564 aut
504 519 612 580 quid
633 519 800 575 oleant,
826 529 902 564 aut
928 518 1037 581 quid
1064 520 1111 563 in
1139 534 1212 564 ore
1236 519 1426 578 sapiant,

45 599 122 635 aut
145 591 254 651 quid
286 585 657 636 contrectantibus
679 590 734 634 de
755 590 897 635 calore
927 605 1003 634 seu
1031 588 1188 648 frigore
1202 625 1213 644 ,
1233 589 1430 634 mollitu-

45 660 147 706 dine
174 677 250 706 seu
278 660 459 717 duritia,
491 661 670 706 lenitate
691 676 768 705 seu
798 661 1024 720 asperitate
1048 660 1322 718 renuntient,
1356 660 1431 706 sed

45 733 127 778 alia
155 732 346 794 quadam
365 733 530 778 visione
549 769 559 789 ,
585 732 666 778 alia
692 732 790 778 luce
807 767 817 787 ,
843 732 923 776 alia
948 747 1094 776 rerum
1120 731 1336 776 evidentia
1352 767 1363 787 ,
1388 741 1432 776 et

44 818 94 848 ea
114 803 244 863 longe
265 805 430 849 caeteris
452 804 751 864 praestantiore
773 813 904 864 atque
921 803 1117 848 certiore.

103 876 203 918 VII.
228 878 394 919 Rursus
415 875 548 934 igitur
564 873 621 919 ad
637 874 788 918 eadem
810 874 901 934 ipsa
914 873 1110 933 Apostoli
1131 873 1264 918 verba
1286 873 1432 918 redea-

43 959 141 989 mus
156 979 168 1001 ,
192 954 236 989 et
257 960 307 990 ea
327 945 579 1004 diligentius
596 954 932 1006 perscrutemur,
949 945 1033 989 hoc
1050 944 1140 989 sine
1158 944 1432 989 dubitatione

43 1015 244 1075 primitus
264 1017 503 1061 constituto
519 1051 530 1072 ,
554 1016 696 1061 multo
719 1016 852 1075 magis
876 1025 1007 1075 atque
1035 1014 1434 1074 incomparabiliter

45 1086 230 1147 amplius
266 1086 523 1147 Apostolum
558 1089 684 1132 scisse
701 1122 711 1142 ,
746 1086 868 1147 quod
900 1086 954 1130 de
983 1086 1238 1146 incorporea
1275 1102 1434 1146 corpo-

44 1173 204 1218 reaque
230 1168 387 1202 natura
410 1174 513 1214 nos,
540 1167 591 1202 ut
622 1158 806 1203 sciamus
836 1167 1102 1217 utcumque,
1127 1172 1352 1202 conamur.
1392 1157 1434 1201 Si

44 1245 148 1288 ergo
169 1229 332 1274 sciebat
350 1228 556 1290 spiritalia
573 1245 823 1289 percorpus
839 1265 849 1285 ,
870 1228 1110 1289 corporalia
1132 1238 1250 1272 extra
1278 1243 1434 1288 corpus

42 1299 182 1345 videri
203 1300 383 1345 omnino
405 1316 495 1345 non
516 1316 641 1361 posse
659 1336 669 1356 ,
690 1316 769 1344 cur
790 1316 880 1345 non
901 1315 978 1360 per
1001 1315 1049 1343 ea
1067 1300 1157 1358 ipsa
1179 1315 1278 1359 quae
1299 1298 1432 1355 vidit,

43 1369 267 1432 quomodo
285 1371 415 1415 etiam
437 1371 631 1430 potuerit
651 1370 820 1426 videre,
845 1370 1074 1415 discrevit?
1096 1370 1139 1414 Si
1161 1371 1275 1413 enim
1292 1379 1435 1415 certus

45 1449 136 1485 erat
156 1439 230 1485 illa
248 1455 338 1484 esse
359 1440 580 1501 spiritalia,
602 1457 680 1486 cur
701 1457 790 1485 non
813 1450 1128 1501 consequenter
1145 1450 1263 1484 extra
1278 1457 1436 1501 corpus

45 1527 94 1556 ea
117 1526 161 1556 se
178 1510 335 1556 vidisse
353 1520 496 1556 certus
524 1511 805 1556 nihilominus
831 1513 945 1556 erat?
971 1512 1012 1556 Si
1031 1520 1176 1555 autem
1198 1511 1437 1570 corporalia

45 1597 136 1627 esse
157 1591 339 1627 noverat
353 1617 364 1637 ‚
394 1582 567 1627 nonnisi
597 1597 674 1642 per
695 1597 852 1641 corpus
874 1581 1012 1625 videri
1041 1582 1229 1641 potuisse
1251 1597 1329 1625 cur
1346 1598 1436 1626 non

45 1652 177 1697 etiam
196 1654 408 1697 noverat?
441 1652 568 1696 Unde
602 1667 705 1711 ergo
731 1651 905 1696 dubitat
924 1661 1076 1696 utrum
1103 1652 1150 1695 in
1172 1667 1353 1711 corpore
1380 1668 1438 1696 an

44 1731 164 1767 extra
183 1737 341 1782 corpus
357 1737 408 1766 ea
422 1720 579 1767 viderit
592 1757 603 1777 ,
623 1721 704 1766 nisi
720 1721 834 1766 forte
851 1726 910 1765 ita
929 1721 1059 1766 etiam
1075 1721 1265 1776 dubitat,
1285 1731 1436 1766 utrum

45 1792 119 1837 illa
151 1807 334 1852 corpora
369 1808 425 1836 an
465 1791 772 1836 similitudines
816 1807 1049 1851 corporum
1089 1791 1282 1837 fuerint?
1317 1793 1439 1837 Prius

45 1863 193 1923 itaque
211 1862 435 1907 videamus
449 1861 558 1922 quid
570 1862 625 1906 sit
640 1862 686 1905 in
703 1862 937 1906 verborum
960 1863 1142 1907 istorum
1161 1864 1439 1907 contextione

47 1932 165 1977 unde
190 1949 282 1977 non
305 1932 503 1988 dubitet,
530 1941 661 1993 atque
682 1931 742 1976 ita
765 1948 865 1976 cum
888 1933 1140 1977 remanserit
1162 1934 1281 1977 unde
1304 1933 1438 1977 dubi-

47 2013 125 2059 tet,
142 2002 332 2049 fortassis
355 2019 410 2048 ex
427 2004 493 2047 his
508 2002 562 2047 de
579 2003 737 2063 quibus
755 2019 846 2048 non
861 2002 1050 2059 dubitat,
1067 2004 1290 2064 quomodo
1309 2004 1439 2048 etiam

46 2073 159 2118 illud
180 2074 356 2118 dubitet
377 2074 618 2134 apparebit.

106 2146 231 2188 VIII.
269 2162 289 2186 «
316 2143 438 2199 Scio,
462 2144 629 2204 inquit,
655 2144 879 2188 hominem
910 2144 954 2188 in
984 2145 1157 2190 Christo
1179 2154 1284 2189 ante
1302 2161 1439 2190 annos

51 2233 72 2257 »
107 2215 439 2275 quatuordecim
453 2251 464 2270 ,
489 2215 639 2259 sivein
661 2231 841 2275 corpore
861 2216 1022 2270 nescio,
1040 2216 1129 2260 sive
1147 2226 1265 2260 extra
1282 2232 1440 2276 corpus

52 2303 73 2327 »
108 2285 268 2340 nescio,
298 2288 414 2330 Deus
436 2285 543 2341 scit,
572 2294 744 2345 raptum
772 2285 986 2346 ejusmodi
1020 2303 1158 2347 usque
1187 2288 1233 2330 in
1261 2289 1441 2331 tertium

53 2375 74 2399 γ»
109 2356 313 2401 coelum¹.
333 2375 353 2398 »
373 2357 462 2402 Scit
473 2373 576 2416 ergo
594 2367 693 2401 ante
712 2373 847 2402 annos
861 2358 1193 2419 quatuordecim
1207 2359 1252 2402 in
1269 2360 1441 2404 Christo

50 2437 221 2487 raptum
233 2428 457 2472 hominem
467 2443 606 2488 usque
617 2428 672 2472 ad
684 2429 860 2472 tertium
873 2428 1053 2484 coelum,
1065 2430 1148 2474 hoc
1158 2431 1338 2474 omnino
1351 2444 1442 2473 non

51 2497 250 2555 dubitat,
269 2513 350 2543 nec
364 2514 444 2544 nos
457 2513 558 2557 ergo
574 2498 826 2544 dubitemus
847 2519 855 2544 :
873 2499 947 2544 sed
965 2509 1115 2544 utrum
1132 2500 1176 2546 in
1190 2515 1372 2559 corpore
1386 2515 1441 2543 an

100 2589 110 2604 ¹
131 2591 149 2614 2
164 2585 238 2616 Cor.
258 2594 313 2626 ιω,
339 2592 370 2616 2.
