1854 3219
316 228 371 254 DE
404 225 555 254 Gssmm
590 223 644 252 An
676 223 916 261 Li‘r'rEnAm,
953 224 1035 251 Lm.
1072 224 1148 250 vn.
1345 210 1427 249 393

44 292 158 334 Deus
177 291 401 336 hominem
426 290 480 336 ad
501 290 733 348 imaginem
764 304 885 333 suam
902 324 912 344 ,
944 287 1064 349 quod
1085 287 1167 331 nisi
1189 286 1430 330 secundum

45 360 235 405 animam
256 378 346 406 non
369 370 485 406 recte
509 359 783 418 intelligitur.
810 358 1062 403 Verendum
1091 366 1153 402 est
1177 366 1322 401 autem
1340 392 1350 412 ,
1376 371 1432 400 ne

45 447 148 475 cum
169 432 352 477 dicimus
383 448 474 477 non
498 433 609 492 ipsas
644 440 750 475 tunc
778 439 952 474 naturas
981 439 1112 490 atque
1141 428 1429 483 substantias,

46 518 147 563 quae
166 504 327 548 futurae
349 501 547 557 fuerant,
580 505 722 547 Deum
755 516 939 556 creasse,
969 500 1075 545 dum
1098 507 1262 544 crearet
1291 499 1435 543 omnia

47 573 202 629 simul,
227 573 304 619 sed
329 589 478 618 earum
506 572 756 618 futurarum
778 573 968 617 causales
992 570 1203 632 quasdam
1225 570 1432 624 rationes,

47 653 256 704 putemur
271 646 415 689 inania
430 644 631 707 quaedam
644 644 801 689 dicere.
825 646 933 697 Quae
956 653 1057 688 sunt
1080 642 1197 687 enim
1219 641 1311 686 istae
1331 657 1437 686 cau-

50 714 158 760 sales
175 716 361 761 rationes
373 753 383 772 ,
408 715 649 761 secundum
668 731 776 776 quas
791 723 936 775 posset
945 716 1038 775 jam
1055 713 1139 758 dici
1157 716 1270 757 Deus
1290 711 1440 757 fecisse

50 786 274 832 hominem
301 786 355 832 ad
379 788 613 848 imaginem
638 802 782 842 suam,
816 787 938 847 eujus
969 801 1125 846 corpus
1153 784 1352 829 nondum
1386 783 1441 827 dc

50 856 156 903 limo
176 859 359 903 finxerat
375 894 386 914 ,
422 859 493 904 cui
525 858 724 903 nondum
747 858 936 902 animam
958 857 1147 902 afflando
1177 856 1364 901 fecerat?
1384 858 1443 899 Et

51 928 243 989 corporis
264 929 443 990 quidem
459 930 641 974 humani
659 929 790 974 etiam
804 929 837 974 si
856 927 939 973 fuit
957 927 1102 989 aliqua
1119 927 1289 972 occulta
1312 927 1438 981 ratio,

52 1015 140 1060 qua
160 998 363 1044 futurum
384 1010 476 1046 erat
496 1010 547 1046 ut
569 999 847 1056 formaretur,
873 1008 964 1044 erat
993 1008 1036 1044 et
1056 999 1257 1044 materies
1281 997 1335 1043 de
1357 1013 1444 1059 qua

52 1069 331 1126 formaretur,
367 1070 414 1116 id
446 1080 535 1128 est,
569 1081 705 1127 terra,
741 1071 786 1116 in
810 1087 897 1132 qua
918 1069 1056 1115 videri
1079 1078 1219 1130 potest
1240 1068 1313 1114 illa
1335 1068 1445 1113 ratio

53 1141 175 1186 velut
194 1143 241 1187 in
263 1143 424 1187 semine
448 1141 648 1188 latuisse:
674 1143 830 1186 animae
849 1151 995 1187 autem
1018 1139 1250 1196 faciendae,
1276 1138 1323 1183 id
1351 1148 1442 1194 est,

44 1212 184 1267 ,flatus
215 1212 425 1269 faciendi,
453 1214 530 1275 qui
559 1223 668 1258 esset
699 1213 843 1257 anima
871 1213 1086 1268 hominis,
1119 1227 1217 1272 quae
1249 1211 1310 1254 ibi
1337 1210 1447 1254 ratio

56 1283 238 1328 causalis
259 1284 460 1344 primitus
482 1283 656 1330 condita
689 1294 774 1339 est,
804 1300 906 1329 cum
934 1283 1099 1328 diceret
1130 1286 1245 1326 Deus
1273 1302 1281 1326 2
1319 1301 1338 1323 «
1360 1284 1447 1325 Fa-

59 1372 80 1395 »
115 1355 279 1400 ciamus
306 1356 531 1401 hominem
560 1354 615 1401 ad
643 1357 877 1416 imaginem
911 1366 954 1401 et
986 1354 1314 1400 similitudinem
1347 1369 1450 1399 nos-

61 1443 82 1466 »
117 1426 275 1479 tram1,
302 1442 322 1465 »
353 1427 508 1485 (quod
535 1427 617 1470 nisi
643 1427 885 1471 secundum
908 1428 1095 1471 animam
1127 1435 1242 1470 recte
1264 1424 1450 1484 intelligi

59 1511 150 1541 non
170 1505 314 1555 potest
327 1498 371 1554 ,)
392 1496 425 1540 si
447 1495 570 1540 nulla
591 1505 683 1540 erat
704 1508 860 1543 natura
877 1499 956 1542 ubi
976 1497 1266 1543 conderetur?

119 1568 331 1610 XXXIII.
360 1566 403 1611 Si
427 1565 545 1610 enim
565 1566 660 1610 haee
681 1566 790 1611 ratio
813 1567 858 1610 in
880 1569 972 1610 Deo
995 1575 1086 1610 erat
1103 1601 1114 1621 ,
1141 1582 1231 1610 non
1260 1566 1306 1609 in
1328 1579 1450 1609 crea-

62 1646 181 1695 tura,
204 1636 404 1681 nondum
426 1651 527 1695 ergo
551 1646 643 1681 erat
670 1636 873 1682 condita:
905 1636 1129 1698 quomodo
1153 1652 1255 1696 ergo
1285 1635 1451 1680 dictum

62 1717 150 1753 est:
176 1727 196 1750 «
221 1707 344 1752 Fecit
363 1713 472 1751 Deus
493 1708 717 1752 hominem
737 1707 791 1752 ad
812 1708 1041 1766 imaginem
1073 1708 1178 1753 Dei?
1194 1727 1213 1749 )›
1243 1707 1285 1752 Si
1307 1716 1453 1751 autem

57 1779 154 1838 jam¹
179 1778 225 1821 in
257 1787 454 1822 creatura
479 1787 597 1833 erat,
629 1778 712 1822 hoc
738 1787 827 1833 est,
858 1779 904 1821 in
927 1778 976 1822 iis
1009 1794 1109 1839 quae
1143 1776 1273 1822 simul
1306 1778 1453 1822 omnia

62 1857 282 1893 creaverat
302 1852 437 1905 Deus,
458 1849 504 1892 in
521 1864 608 1909 qua
630 1857 828 1893 creatura
850 1850 971 1892 erat?
990 1851 1149 1892 Utrum
1171 1847 1376 1908 spiritali,
1399 1863 1454 1891 an

63 1918 307 1979 corporali?
340 1919 383 1964 Si
414 1918 616 1979 spiritali,
658 1919 889 1978 agebat-ne
922 1918 1089 1979 aliquid
1121 1919 1168 1962 in
1200 1918 1455 1978 corporibus

63 1989 244 2045 mundi,
278 2004 354 2033 seu
389 1988 638 2034 coelestibus
654 2024 664 2044 ,
690 2004 767 2034 seu
800 1989 1076 2034 terrestribus
1102 2008 1110 2033 ;
1145 2004 1199 2033 an
1223 1988 1269 2032 in
1293 2004 1341 2033 ea
1364 1997 1456 2033 erat

62 2061 158 2105 haec
176 2076 334 2106 vacans
355 2070 591 2121 antequam
606 2061 740 2105 homo
757 2061 801 2104 in
824 2076 901 2105 sua
922 2069 1077 2105 natura
1100 2060 1275 2120 propria
1298 2060 1457 2104 conde-

64 2140 184 2175 retur
199 2166 210 2186 ,
235 2131 346 2176 sicut
371 2132 417 2175 in
439 2132 531 2191 ipso
554 2131 733 2175 homine
748 2132 840 2192 jam
868 2132 1088 2191 propriam
1113 2130 1301 2175 ducente
1320 2131 1455 2175 vitam

66 2201 250 2247 latenter
271 2203 494 2262 otioseque
515 2203 627 2247 inest
650 2204 759 2248 ratio
783 2203 1044 2263 generandi,
1067 2219 1165 2264 quae
1186 2218 1276 2248 non
1300 2218 1456 2263 opera-

68 2282 155 2328 tur,
180 2273 262 2317 nisi
280 2288 360 2333 per
375 2274 662 2318 concubitum
679 2284 810 2335 atque
824 2277 1118 2335 conceptum?
1135 2278 1203 2319 An
1226 2284 1269 2319 et
1286 2274 1359 2319 illa
1377 2291 1456 2319 na-

0 2395 2 2408 .
68 2352 167 2388 tura
195 2353 403 2388 creaturae
431 2344 632 2404 spiritalis
649 2380 659 2399 ,
690 2345 736 2389 in
760 2361 847 2406 qua
877 2347 1062 2390 latenter
1088 2355 1180 2390 erat
1200 2346 1295 2390 haec
1319 2347 1454 2401 ratio,

0 2409 4 2472 ζ
68 2413 177 2458 nihil
209 2414 365 2473 agebat
398 2415 464 2459 sui
496 2415 662 2475 operis?
689 2418 747 2460 Et
774 2424 824 2461 ut
851 2416 958 2477 quid
989 2427 1134 2462 creata
1170 2419 1289 2462 erat?
1313 2421 1381 2462 An
1409 2429 1459 2463 ut

2 2478 3 2493 ³
71 2484 314 2529 contineret
338 2486 551 2532 rationem
574 2486 734 2531 futurae
758 2487 914 2531 animae
937 2488 1164 2541 humanae,
1190 2486 1260 2533 vel
1282 2486 1457 2532 futura-

121 2575 130 2590 ¹
152 2570 230 2601 Gen.
251 2579 274 2611 1,
293 2568 348 2600 26.
