1854 3219
421 166 473 192 DE
506 157 713 192 noc-rumex
745 159 996 190 CHRISTIANA
1031 162 1111 188 Lm.
1151 160 1207 188 iv.
1425 148 1504 186 103

127 315 691 334 mmmmm-mmmmmx
695 315 832 331 mm
836 315 904 330 WRR
908 314 974 330 ml
979 314 1044 330 §.Qu
1048 313 1116 329 ὢνῑὶ
1120 313 1258 329 mm
1263 311 1399 328 §mm
1405 310 1510 327 ἋΛῚἏ

587 436 806 486 CAPUT
852 437 1034 484 XXVI.

126 584 192 630 In
216 598 502 644 unoquoque
525 580 723 628 dicendi
755 597 935 644 genere
965 578 1211 627 intendere
1238 577 1380 624 debet
1404 593 1519 624 ora-

186 664 284 712 tor,
328 664 380 700 ut
417 653 760 717 intelligenter,
808 651 1012 699 libenter
1046 662 1093 697 et
1132 649 1410 698 obedienter
1429 665 1517 696 au-

186 725 367 772 dz'atar.

185 864 298 907 LVI.
325 864 428 906 ILLA
450 861 599 923 itaque
621 862 703 906 tria
721 896 732 917 ,
759 877 859 922 quae
881 876 1010 921 supra
1034 860 1284 920 posuimus,
1318 874 1421 904 eum
1442 858 1520 920 qui

126 933 342 994 sapienter
364 931 492 988 dicit,
521 933 553 977 si
574 933 703 977 etiam
733 931 991 993 eloquenter
1011 930 1108 976 vult
1131 930 1298 986 dicere,
1323 930 1370 977 id
1392 945 1520 990 agere

125 1004 307 1060 debere,
332 1013 384 1049 ut
406 1003 724 1064 intelligenter,
756 1013 807 1047 ut
828 1003 1015 1048 libenter
1032 1039 1043 1059 ,
1078 1012 1129 1047 ut
1161 1002 1419 1047 obedienter
1442 1018 1520 1046 au-

125 1075 286 1132 diatur,
302 1091 393 1120 non
408 1075 467 1120 sic
480 1064 731 1135 accipienda
745 1085 847 1120 sunt
864 1084 1076 1136 tanquam
1089 1073 1260 1134 singula
1278 1072 1361 1118 illis
1378 1073 1518 1119 tribus

126 1145 301 1192 dicendi
321 1146 552 1205 generibus
575 1146 635 1190 ita
657 1147 934 1201 tribuantur,
957 1155 1009 1190 ut
1027 1145 1083 1190 ad
1100 1145 1365 1190 submissum
1388 1145 1521 1189 intel-

126 1216 336 1276 ligenter,
375 1215 430 1260 ad
462 1225 752 1276 temperatum
784 1216 995 1271 libenter,
1022 1215 1079 1260 ad
1107 1215 1271 1274 grande
1303 1216 1523 1276 pertineat

126 1286 384 1332 obedienter
401 1285 566 1337 audiri;
590 1285 666 1330 sed
690 1287 748 1331 sic
779 1287 924 1346 potius
949 1295 1000 1330 ut
1028 1286 1123 1331 haec
1144 1286 1226 1332 tria
1252 1301 1423 1346 semper
1449 1287 1520 1331 in-

125 1357 303 1414 tendat,
339 1365 383 1402 et
409 1366 627 1417 quantum
653 1366 798 1417 potest
820 1366 941 1415 agat,
977 1358 1107 1402 etiam
1135 1373 1237 1402 cum
1273 1358 1318 1402 in
1341 1357 1519 1402 illorum

127 1429 296 1488 singulo
317 1443 495 1490 quoque
517 1438 728 1474 versatur.
757 1427 971 1474 Nolumus
1005 1428 1121 1472 enim
1149 1426 1359 1484 fastidiri,
1391 1427 1522 1473 etiam

126 1501 248 1563 quod
268 1499 480 1545 submisse
507 1499 694 1546 dicimus
725 1517 737 1545 .·
763 1515 812 1545 ac
835 1515 914 1561 per
933 1500 1018 1544 hoc
1042 1498 1246 1545 volumus
1268 1515 1359 1544 non
1382 1500 1525 1545 solum

127 1570 447 1630 intelligenter,
484 1571 774 1617 verumetiam
806 1570 998 1616 libenter
1029 1571 1183 1615 audiri.
1223 1571 1340 1625 Quid
1373 1581 1522 1616 autem

128 1643 316 1701 agimus,
348 1642 507 1687 divinis
538 1643 797 1687 testimoniis
826 1640 1028 1687 docendo
1050 1642 1172 1703 quod
1195 1640 1404 1699 dicimus,
1442 1642 1524 1687 nisi

128 1723 179 1758 ut
200 1712 456 1758 obedienter
487 1713 718 1758 audiamur
734 1749 745 1769 ,
781 1713 829 1758 id
846 1723 925 1769 est,
951 1723 1002 1758 ut
1029 1714 1233 1758 credatur
1256 1715 1314 1758 eis
1330 1750 1341 1770 ,
1374 1714 1523 1774 opitu-

128 1784 247 1829 lante
278 1782 356 1828 illo
379 1784 450 1828 cui
471 1783 639 1829 dictum
657 1793 721 1828 est
746 1805 757 1829 ι
785 1803 804 1825 «
832 1785 1096 1829 Testimonia
1124 1794 1199 1829 tua
1222 1784 1387 1829 credita
1408 1784 1523 1830 facta

18 1830 20 1913 ἶ
63 1885 67 1888 >
134 1873 154 1896 n
180 1864 282 1898 sunt
301 1853 486 1899 valde1?
508 1873 528 1895 n
556 1854 674 1908 Quid
690 1857 821 1898 etiam
841 1855 963 1914 cupit
980 1854 1060 1898 nisi
1079 1854 1196 1899 credi
1214 1891 1224 1911 ,
1245 1855 1322 1915 qui
1340 1854 1522 1915 aliquid,

132 1924 232 1969 licet
259 1925 471 1970 submisso
493 1925 691 1986 eloquio,
729 1924 997 1970 discentibus
1027 1927 1198 1969 narrat?
1220 1935 1264 1969 et
1297 1925 1393 1987 quis
1423 1941 1525 1970 eum

133 1994 236 2040 velit
257 1994 430 2052 audire,
455 1996 537 2040 nisi
559 1996 804 2040 auditorem
827 1996 1042 2041 nonnulla
1064 1997 1193 2041 etiam
1215 1997 1426 2042 suavitate
1445 1997 1525 2042 de-

132 2066 294 2111 tineat?
314 2069 425 2112 Nam
452 2067 487 2111 si
506 2083 595 2112 non
617 2067 907 2126 intelligatur,
933 2068 1031 2129 quis
1053 2068 1216 2113 nesciat
1233 2084 1314 2113 nec
1335 2069 1526 2113 libenter

134 2152 235 2182 eum
255 2153 401 2198 posse,
427 2153 508 2182 nec
531 2138 786 2183 obedienter
801 2139 968 2183 audiri?
985 2139 1250 2200 Plerumque
1271 2149 1417 2184 autem
1439 2140 1527 2186 dic-

135 2209 195 2253 tio
217 2208 309 2269 ipsa
330 2209 541 2254 submissa
556 2244 567 2265 ,
592 2209 700 2254 dum
721 2209 849 2254 solvit
871 2209 1145 2255 difficillimas
1167 2212 1454 2272 quaestiones,
1481 2221 1524 2257 et

135 2280 358 2340 inopinata
373 2280 722 2327 manifestatione
739 2282 1009 2327 demonstrat
1020 2319 1030 2338 ,
1047 2283 1154 2328 dum
1169 2285 1402 2329 sententias
1424 2301 1521 2329 acu-

137 2352 319 2398 tissimas
340 2354 396 2398 de
417 2354 563 2400 nescio
584 2354 746 2416 quibus
767 2355 890 2416 quasi
912 2353 1105 2401 cavernis
1118 2392 1128 2412 ,
1155 2356 1275 2401 unde
1301 2372 1391 2401 non
1421 2371 1521 2416 spe-

138 2424 338 2480 rabatur,
363 2425 476 2470 eruit
491 2462 501 2481 ,
536 2435 579 2470 et
625 2426 838 2482 ostendit3
881 2427 988 2471 dum
1032 2427 1261 2473 adversarii
1301 2428 1524 2473 convincit

190 2527 197 2542 ¹
217 2520 295 2553 Psal.
313 2532 385 2562 και,
402 2522 431 2552 5.
