1854 3219
330 228 384 256 DE
412 227 562 257 enimsi
595 223 650 255 An
682 225 915 268 mr-rEnAM,
949 229 1032 258 Lm.
1068 230 1116 256 11.
1325 219 1413 258 205

31 292 162 336 etiam
182 292 229 336 in
250 292 490 337 rotundum
511 293 653 337 sinum
683 293 951 338 extenditur.
978 296 1090 340 Nam
1111 302 1156 338 et
1181 301 1277 338 uter
1301 293 1412 339 sicut

29 371 74 408 et
92 363 234 409 vesica
249 398 261 421 ‚
280 362 405 424 pellis
427 371 506 408 est.

32 521 555 541 MMMMMMMMMMN
562 521 1200 541 ΜΜΝΙΜΝΙΙἏΜΜΙΙΛΜΜΜΜΜΛΦ
1205 524 1411 542 mmmmm

543 657 760 710 CAPUT
815 625 892 709 Χ(

524 803 603 850 De
623 803 736 851 coelz'
758 813 904 851 motu.

83 940 251 984 XXIII.
269 941 333 985 DE
344 948 470 984 motu
482 941 613 985 etiam
625 940 727 986 coeli
743 940 946 987 nonnulli
961 938 1113 986 fi·atres
1126 941 1413 1002 quaestionem

23 1019 217 1067 movent,
242 1019 393 1055 utrum
416 1019 524 1067 stet,
550 1027 605 1056 an
626 1022 868 1058 moveatur.
895 1012 1006 1066 Quia
1026 1012 1061 1057 si
1081 1022 1283 1058 movetur
1298 1047 1309 1069 ,
1341 1012 1413 1057 in-

22 1082 207 1143 quiunt,
229 1081 452 1143 quomodo
473 1083 797 1128 firmamentum
820 1086 910 1128 est?
935 1085 977 1129 Si
995 1093 1142 1129 autem
1165 1093 1276 1141 stat,
1297 1100 1411 1145 quo-

20 1152 156 1199 modo
168 1153 325 1211 sidera,
340 1169 440 1214 quae
462 1153 508 1197 in
520 1153 596 1199 illo
613 1155 696 1198 fixa
713 1155 969 1211 creduntur,
992 1156 1046 1200 ab
1070 1155 1246 1200 Oriente
1273 1171 1412 1216 usque

21 1223 78 1269 ad
88 1223 371 1269 Occidentem
384 1225 681 1281 circumeunt,
707 1226 1071 1286 septentrionibus
1094 1226 1313 1271 breviores
1334 1242 1413 1285 gy-

21 1309 92 1339 ros
102 1295 226 1355 juxta
237 1294 460 1340 cardinem
473 1296 797 1356 peragentibus,
816 1307 868 1341 ut
887 1297 1064 1353 coelum,
1083 1298 1115 1342 si
1133 1307 1197 1341 est
1215 1296 1322 1341 alius
1338 1313 1413 1342 no-

19 1365 87 1410 bis
107 1364 307 1410 occultus
326 1365 456 1410 cardo
478 1381 529 1410 ex
546 1365 630 1411 alio
652 1367 832 1422 vertice,
857 1367 967 1412 sicut
990 1369 1179 1427 sphaera,
1204 1368 1236 1411 si
1266 1377 1412 1412 autem

19 1435 168 1481 nullus
185 1435 294 1481 alius
312 1436 443 1481 cardo
459 1445 537 1492 est,
553 1437 674 1481 velut
692 1437 833 1482 discus
851 1440 983 1483 rotari
1001 1439 1224 1484 videatur?
1242 1439 1411 1493 Quibus

18 1505 277 1567 respondeo,
302 1505 495 1551 multum
516 1506 752 1552 subtilibus
768 1517 811 1552 et
833 1508 1060 1554 laboriosis
1079 1510 1318 1554 rationibus
1332 1510 1413 1554 ista

17 1577 229 1638 perquiri,
246 1586 297 1622 ut
307 1593 408 1623 vere
421 1577 687 1638 percipiatur
703 1588 854 1623 utrum
868 1579 944 1635 ita,
966 1596 1022 1624 an
1039 1596 1129 1625 non
1140 1581 1200 1624 ita
1211 1580 1265 1624 sit
1287 1599 1296 1624 ε
1317 1580 1412 1641 qui-

17 1647 101 1693 bus
113 1647 314 1693 ineundis
328 1657 460 1709 atque
472 1648 724 1704 tractandiS,
738 1664 819 1694 nec
826 1650 919 1710 jam
930 1650 1038 1694 mihi
1051 1660 1222 1710 tempus
1236 1660 1314 1707 est,
1332 1667 1411 1696 nec

16 1717 100 1764 illis
116 1734 206 1764 esse
228 1719 374 1775 debet,
396 1735 505 1780 quos
526 1719 583 1764 ad
604 1719 790 1764 salutem
811 1736 933 1764 suam
956 1731 999 1765 et
1027 1731 1187 1766 sanctae
1204 1721 1410 1766 Ecclesiae

16 1789 299 1834 necessariam
316 1789 550 1834 utilitatem
568 1791 767 1850 cupimus
784 1789 1026 1835 informari.
1049 1794 1143 1836 Hoc
1161 1808 1263 1836 sane
1280 1808 1410 1837 nove-

15 1860 130 1916 rint,
155 1876 235 1905 nec
257 1876 419 1905 nomen
447 1861 710 1905 firmamenti
736 1876 905 1919 cogere,
930 1872 981 1906 ut
1002 1872 1113 1907 stare
1136 1864 1300 1908 coelum
1322 1880 1408 1924 pu-

15 1938 158 1975 temus
179 1950 188 1976 :
213 1932 230 1990 (
250 1931 595 1981 Firmamentum
613 1931 731 1975 enim
748 1947 838 1976 non
854 1942 1032 1992 propter
1054 1934 1284 1979 stationem
1301 1970 1311 1990 ,
1333 1934 1410 1980 sed

15 2010 195 2061 propter
215 2001 468 2046 firmitatem
484 2037 496 2058 ,
521 2010 598 2046 aut
618 2001 898 2059 firmitatem,
927 2013 1003 2047 aut
1021 2014 1199 2064 propter
1220 2005 1409 2051 intrans-

17 2071 280 2131 gressibilem
301 2073 539 2117 terminum
551 2073 825 2133 superiorum
845 2083 889 2119 et
900 2073 1154 2120 inferiorum
1176 2093 1404 2137 aquarum,

14 2153 216 2189 vocatum
253 2143 497 2203 intelligere
528 2143 632 2189 licet
671 2164 679 2190 :
705 2150 719 2202 )
753 2161 833 2190 nec
856 2147 890 2190 si
919 2147 1075 2191 veritas
1099 2148 1264 2193 coelum
1294 2158 1406 2193 stare

13 2215 299 2274 persuaserit,
324 2215 528 2275 impediri
544 2231 624 2260 nos
641 2216 828 2261 circuitu
847 2216 1038 2262 siderum
1061 2234 1116 2263 ne
1138 2219 1222 2264 hoc
1239 2219 1406 2264 intelli-

14 2299 113 2343 gere
133 2285 360 2346 possimus.
386 2288 445 2330 Et
476 2285 531 2330 ab
558 2286 660 2346 ipsis
687 2287 850 2348 quippe
882 2289 959 2349 qui
988 2290 1082 2334 haee
1115 2290 1401 2335 curiosissime

14 2364 58 2399 et
79 2356 331 2401 otiosissime
349 2356 641 2417 quaesierunt,
661 2358 891 2403 inventum
913 2369 998 2416 est,
1025 2361 1158 2405 eliam
1179 2360 1294 2406 coelo
1315 2377 1406 2406 non

13 2434 162 2482 moto,
188 2427 222 2470 si
252 2426 343 2472 sola
381 2426 520 2473 sidera
550 2437 848 2486 verterentur,
889 2430 983 2474 fieri
1004 2431 1194 2491 potuisse
1227 2433 1372 2477 omnia
1390 2467 1401 2488 ,

14 2513 115 2558 quae
136 2497 182 2542 in
203 2497 302 2558 ipsis
331 2497 523 2545 siderum
556 2500 1238 2549 conversionibus,animadversa
1272 2512 1404 2563 atque

15 2569 324 2628 comprehensa
337 2579 451 2615 sunt.
