1854 3219
351 150 433 189 644
961 167 1108 193 innssx.

349 233 422 263 Cu».
445 243 530 263 xxm.
559 234 603 263 Ex
619 232 742 264 duabus
761 233 801 265 de
819 234 922 265 anima
940 235 1106 266 sententiis
1124 246 1269 278 quaenam
1289 239 1519 279 pizeponderet.
1545 243 1627 272 Con-

572 288 707 320 suetudo
727 288 875 321 Ecclesiae
893 289 923 320 in
943 290 1102 332 baptismo
1122 291 1336 333 parvulorum.
1677 300 1740 329 50⁸

412 354 496 375 xxiv.
524 343 606 382 Quid
619 345 798 377 cavendum
819 345 867 377 his
878 345 932 388 qui
944 346 1113 388 opinantur
1134 348 1254 381 animas
1273 360 1340 381 esse
1359 360 1397 381 ex
1415 351 1558 383 traduco.
1676 354 1739 385 509

422 410 497 431 xxv.
525 399 708 432 Tertulliani
726 411 814 433 error
833 401 874 433 de
887 402 1002 434 anima.
1677 409 1741 440 5110

412 467 499 488 xxvi.
527 460 571 489 Dc
590 456 701 488 animm
720 457 929 489 incrementis
948 458 1022 501 quid
1039 459 1233 492 Tertulliano
1254 473 1264 491 x
1277 461 1365 491 imm.
1678 465 1741 495 512

903 602 1072 644 Llssfissi
1108 602 1185 643 Xj.

353 745 397 782 In
417 746 514 782 illud
545 746 741 782 Geneseos
768 759 821 787 11,
845 754 914 782 25:
937 762 954 780 «
981 748 1027 784 Et
1057 752 1166 784 erant
1186 749 1304 790 nudi,
1333 753 1407 786 etc.
1426 764 1444 784 »
1478 751 1526 787 Et
1551 753 1591 787 in
1623 754 1743 788 totum

397 807 511 851 caput
532 805 707 845 tertium,
728 807 838 851 eujus
859 805 1077 842 illustrandi
1098 817 1212 844 causa
1235 808 1378 845 dicitur
1397 809 1445 847 de
1467 810 1689 847 conditione
1707 814 1745 846 et

398 875 488 901 casu
510 864 666 902 diaboli.

380 976 454 1006 cap.
482 986 502 1005 ι.
528 974 677 1006 Recitato
695 977 787 1005 textu
802 975 980 1015 Geneseos,
1001 975 1180 1016 explicatur
1191 977 1365 1010 versiculus
1386 980 1429 1011 25
1453 979 1565 1022 eapitis
1585 991 1634 1011 se-

574 1029 688 1069 cundj3
715 1029 933 1073 recitaturque
949 1034 983 1062 et
997 1031 1174 1072 explicatur
1189 1038 1289 1075 caput
1301 1035 1446 1066 tertium.
1683 1039 1747 1068 514

467 1098 501 1117 n.
526 1086 691 1128 Serpentis
704 1086 860 1129 sapientia
878 1087 982 1128 qualis
994 1113 1002 1127 ‚
1018 1092 1051 1119 et
1068 1089 1162 1120 unde.
1683 1094 1744 1123 5117

455 1154 503 1174 111.
528 1142 680 1175 Diabolus
693 1143 817 1174 nonnisi
830 1154 886 1186 per
902 1148 1086 1186 serpentem
1098 1149 1225 1177 tentare
1239 1148 1419 1188 permissus.
1683 1148 1748 1180 518

456 1210 500 1230 iv.
527 1200 674 1231 Tentatio
698 1198 834 1232 hominis
850 1210 950 1242 quare
967 1201 1133 1244 permissa.
1686 1206 1748 1236 519

470 1267 502 1286 v.
530 1257 633 1288 Homo
652 1260 817 1288 tentatore
834 1257 982 1298 dejectus
998 1282 1006 1298 ,
1020 1259 1094 1299 quia
1112 1259 1278 1300 superbus.
1685 1261 1748 1292 520

461 1323 505 1343 νι.
528 1313 590 1344 Cur
609 1315 693 1345 Deus
712 1313 893 1355 permiserit
910 1313 1072 1345 hominem
1085 1314 1217 1346 tentari.
1686 1317 1744 1347 521

443 1380 503 1401 v11.
529 1370 591 1401 Cur
610 1368 706 1401 homo
723 1379 786 1401 non
799 1369 871 1401 talis
894 1374 1024 1402 creatur
1037 1370 1090 1413 qui
1102 1370 1201 1402 nollet
1215 1381 1352 1414 unquam
1370 1380 1519 1412 peccare.
1683 1372 1747 1402 522

434 1436 500 1458 vni.
527 1428 632 1463 Quare
643 1426 746 1458 creati
771 1426 825 1468 qui
843 1426 1095 1469 praesciebantur
1111 1427 1212 1459 futuri
1229 1427 1317 1458 mali.
1686 1428 1749 1459 523

457 1493 503 1514 ix.
530 1484 576 1514 De
593 1481 706 1514 eadem
720 1481 921 1515 difficultate.
1687 1484 1752 1514 524

472 1549 502 1568 x.
530 1537 683 1570 Malorum
695 1537 893 1571 'voluntatem
911 1537 942 1569 in
962 1538 1079 1570 bonum
1096 1542 1290 1570 convertere
1308 1542 1414 1580 potest
1426 1541 1525 1571 Deus:
1542 1549 1640 1581 quare

579 1605 642 1626 non
658 1593 769 1626 faciat.
1688 1596 1752 1626 525

457 1662 501 1683 ῆι.
528 1649 682 1682 Malorum
701 1650 800 1692 poenis
814 1661 876 1681 non
894 1649 1012 1690 indiget
1030 1653 1112 1680 Deus
1125 1674 1133 1686 ,
1149 1649 1205 1680 sed
1218 1660 1257 1680 ex
1275 1650 1312 1680 iis
1329 1649 1465 1681 consulit
1485 1650 1639 1682 bonorum

580 1706 684 1737 saluti.
1689 1708 1753 1738 526

447 1774 504 1794 x11.
530 1765 592 1795 Cur
610 1761 745 1793 tentatio
764 1772 820 1804 per
836 1765 1019 1803 serpentem
1038 1762 1104 1793 [ieri
1118 1761 1279 1803 permissa.
1688 1763 1751 1794 5⁶27

438 1830 506 1851 xm.
532 1820 568 1850 In
584 1817 774 1849 Manichaeos
790 1817 845 1860 qui
862 1817 1025 1851 diabolum
1047 1818 1078 1849 in
1096 1817 1251 1850 creaturis
1268 1818 1325 1850 Dei
1344 1819 1471 1850 censeri
1488 1818 1607 1850 nolunt.
1689 1819 1753 1850 528

443 1886 506 1907 xlv.
534 1876 633 1907 Causa
651 1873 748 1906 ruinae
766 1873 928 1916 angelicae.
951 1891 988 1897 ——
1007 1873 1184 1916 Superbia,
1203 1873 1334 1906 invidia.
1689 1876 1752 1906 529

456 1942 510 1963 xv.
538 1929 695 1973 Superbia
713 1934 747 1962 et
762 1940 850 1962 amor
868 1929 1010 1972 privatus
1027 1929 1133 1962 fontes
1149 1929 1359 1962 1nalorum.—
1371 1932 1502 1962 Amores
1519 1931 1641 1964 duo.—

583 1986 737 2020 Civitates
749 1986 832 2018 duae.
856 2004 899 2009 —
913 1987 999 2028 Opus
1011 1986 1052 2018 de
1069 1985 1210 2018 Civitate
1229 1986 1287 2018 Dei
1304 1985 1482 2028 pollicetur.
1690 1988 1754 2017 530

444 2056 507 2076 xw.
534 2043 686 2076 Diabolus
702 2042 903 2085 quandonam
921 2042 1028 2084 lapsus
1041 2043 1092 2074 sit.
1690 2043 1754 2073 53⁶2

434 2111 511 2132 xvn.
537 2100 592 2132 An
610 2100 725 2132 beatus
741 2099 841 2132 fuerit
857 2098 1000 2132 diabolus
1016 2104 1091 2131 aute
1111 2103 1292 2142 peccatum.
1690 2099 1754 2128 233

422 2167 508 2189 xvui.
533 2157 637 2188 Homo
650 2159 728 2188 ante
748 2159 922 2198 peccatum
935 2156 1095 2197 quomodo
1113 2155 1226 2187 beatus
1240 2154 1348 2186 fuerit.
1690 2156 1756 2185 534

449 2224 511 2244 xix.
536 2211 729 2254 Angelorum
742 2211 897 2244 conditio.
1693 2211 1756 2241 533

459 2280 512 2301 xx.
538 2268 653 2311 Opinio
666 2268 708 2300 de
724 2267 851 2301 diabolo
867 2272 976 2300 creato
995 2268 1025 2299 in
1045 2267 1174 2300 malitia.
1693 2267 1756 2297 53ss

450 2337 513 2358 xxi.
540 2325 708 2358 Refellitur
726 2325 794 2357 haec
812 2325 930 2367 opinio.
1693 2323 1755 2354 537

435 2392 512 2414 xxn.
539 2381 704 2424 Opinionis
723 2381 792 2422 ejus
809 2379 1017 2413 fundamenta
1035 2379 1268 2413 convelluntur.
1693 2379 1756 2409 538

422 2448 513 2470 xxm.
539 2439 581 2470 Ut
596 2437 836 2480 intelligendum
854 2442 903 2470 est
918 2436 1080 2470 diabolum
1092 2437 1122 2468 in
1141 2436 1276 2468 veritate
1293 2445 1452 2478 nunquam
1463 2435 1598 2467 stetisse.
1693 2435 1755 2465 539

426 2505 514 2527 xxlv.
542 2496 587 2527 De
614 2504 749 2537 corpore
780 2493 913 2535 mystico
940 2492 1056 2527 diaboli
1081 2492 1320 2534 intelligendum
1345 2502 1412 2524 esse
1435 2491 1532 2523 illud:
1555 2493 1643 2532 Quo-
