1854 3219
413 200 468 227 DE
499 199 651 227 omum
684 196 739 225 An
771 197 1012 236 LITTERAM,
1048 198 1130 226 LIB.
1168 198 1212 225 x.
1416 184 1499 223 503

116 284 137 314 υ
171 263 635 323 ᾱεοίηιαηιλᾱεοίηιαωε
646 261 883 308 est:adhuc
897 263 1014 306 enim
1034 260 1250 306 inlumhis
1274 260 1407 321 patris
1434 261 1501 305 sui

115 356 137 382 »
168 334 275 381 fuit1
287 353 327 380 .»
342 336 386 388 Si
396 349 498 394 ergo
507 335 640 379 etiam
650 335 735 379 hoc
743 332 860 380 valet
870 333 925 378 ad
934 334 1060 379 istam
1078 332 1343 388 distantiam,
1355 347 1501 393 quan-

112 417 210 453 tum
224 407 504 468 praeemineat
531 403 774 453 sacerdotio
801 405 975 451 levitico
1001 403 1291 450 sacerdotium
1310 403 1497 459 Christi,

112 476 236 540 quod
246 476 444 527 sacerdos
454 476 650 524 Christus
663 491 742 537 per
752 475 878 521 illum
889 477 1194 536 praefiguratus
1207 483 1286 530 est,
1297 475 1374 535 qui
1387 473 1503 519 deci-

113 550 251 598 mavit
262 549 486 596 Abraham
496 584 508 605 ‚
519 549 566 595 in
583 564 672 610 quo
681 558 725 593 et
734 548 825 608 ipse
841 549 945 593 Levi
957 547 1196 593 decimatus
1204 555 1267 591 est
1281 566 1293 604 3
1307 543 1509 606 profecto

113 621 311 672 Christus
329 620 385 666 ab
403 636 455 666 eo
471 636 562 667 non
577 630 642 666 est
662 620 915 665 decimatus,
941 623 1000 665 At
1019 620 1053 665 si
1067 629 1296 680 propterea
1321 617 1509 662 decima-

114 700 185 745 tus
203 700 268 736 est
288 691 394 741 Levi
407 692 511 753 quia
533 700 624 736 erat
643 691 690 736 in
710 691 873 736 lumbis
902 691 1091 736 Abrahae
1112 726 1123 747 ‚
1156 698 1387 751 propterea
1418 704 1510 734 non

113 771 180 807 est
196 761 436 812 decimatus
456 762 676 818 Christus,
701 763 804 823 quia
825 777 916 807 non
936 771 1027 807 erat
1049 763 1095 806 in
1117 761 1278 806 lumbis
1299 760 1508 806 Abrahae.

114 836 250 879 Porro
267 842 414 885 autem
431 833 466 878 si
477 849 567 879 non
583 832 825 879 secundum
842 832 1030 877 animam
1045 868 1056 888 ,
1078 832 1153 877 sed
1165 841 1336 877 tantum
1354 847 1512 877 secun-

114 904 224 949 dum
238 920 417 955 carnem
437 905 676 966 accipimus
699 905 805 950 Levi
820 903 951 949 fuisse
970 905 1018 948 in
1041 904 1263 949 Abraham
1287 925 1297 961 3
1329 904 1390 948 ibi
1418 912 1512 948 erat

112 984 160 1020 et
180 975 378 1028 Christus
390 1010 402 1032 ‚
431 976 533 1037 quia
546 985 589 1020 et
600 976 799 1022 Christus
815 975 1059 1020 secundum
1075 991 1251 1020 carnem
1277 990 1328 1019 ex
1348 975 1513 1020 semine

113 1055 180 1091 est
200 1046 420 1105 Abrahae3
443 1056 488 1092 et
503 1048 595 1108 ipse
622 1048 770 1108 itaque
792 1046 1034 1092 decimatus
1056 1056 1134 1091 est.
1162 1045 1278 1100 Quid
1313 1057 1373 1091 est
1409 1061 1515 1105 ergo

113 1118 237 1179 quod
262 1118 445 1164 affertur
468 1135 549 1179 pro
584 1134 741 1178 magna
774 1118 1023 1163 differentia
1051 1117 1280 1163 sacerdotii
1302 1117 1464 1163 Christi
1488 1133 1513 1162 a

112 1187 351 1234 sacerdotio
365 1190 494 1245 Levi,
520 1190 641 1250 quod
662 1189 767 1234 Levi
789 1190 1029 1234 decimatus
1051 1198 1114 1234 est
1134 1205 1157 1233 a
1174 1187 1517 1245 Melchisedech‚·

113 1274 216 1314 cum
236 1269 347 1304 esset
366 1260 413 1304 in
433 1259 594 1307 lumbis
616 1260 827 1316 Abrahae,
848 1260 926 1304 ubi
955 1270 1000 1304 et
1026 1260 1224 1306 Christus
1255 1269 1368 1315 erat,
1393 1260 1514 1304 unde

113 1331 276 1390 pariter
294 1329 498 1376 decimati
519 1340 647 1390 sunt3
672 1331 753 1376 nisi
772 1331 876 1392 quia
896 1346 1070 1376 necesse
1099 1341 1164 1375 est
1191 1331 1510 1390 intelligamus,

113 1401 361 1445 secundum
384 1400 575 1461 aliquem
592 1401 776 1446 modum
791 1401 854 1444 ibi
875 1402 1097 1445 Christum
1118 1417 1209 1445 non
1226 1400 1390 1445 fuisse?
1408 1401 1516 1454 Quis

116 1480 264 1524 autem
291 1481 422 1531 neget
451 1487 553 1517 eum
577 1471 820 1517 secundum
839 1487 1016 1517 carnem
1044 1472 1106 1516 ibi
1128 1471 1288 1517 fuisse?
1310 1475 1426 1531 Ergo
1448 1488 1516 1517 se-

113 1541 316 1593 cundum
335 1543 525 1588 animam
542 1543 606 1588 ibi
624 1559 715 1588 non
728 1542 828 1587 fuit.
850 1546 949 1588 Non
963 1553 1027 1587 est
1043 1543 1177 1603 igitur
1194 1544 1337 1588 anima
1354 1543 1516 1588 Christi

115 1613 171 1667 de
192 1613 374 1664 traduce
394 1614 761 1675 praevaricationis
777 1614 909 1669 Adae,
937 1613 1138 1675 alioquin
1167 1615 1299 1658 etiam
1328 1615 1421 1675 ipsa
1450 1615 1515 1659 ibi

118 1683 283 1730 fuisset.

1188 1843 1510 1862 mmmmm

645 1952 863 2002 CAPUT
899 1954 1012 2001 XX.

119 2096 205 2145 Aci
223 2107 563 2160 argumentum
584 2112 711 2143 nnnc
742 2096 947 2143 allatum
973 2097 1092 2157 quid
1126 2096 1511 2158 respondendmn

291 2183 384 2229 pro
405 2165 774 2231 dfflndentibus
796 2170 1073 2215 animarum
1096 2168 1360 2215 traducem.

177 2305 359 2349 XXXV.
394 2307 476 2350 H1c
492 2305 684 2350 existunt
699 2305 762 2351 illi
779 2341 790 2362 ‚
816 2307 893 2368 qui
929 2305 1156 2351 traducem
1175 2306 1419 2351 animarum
1436 2307 1509 2351 de-

118 2374 329 2431 fendunt,
368 2384 412 2420 et
432 2374 587 2421 dicunt
603 2377 905 2422 confirmatam
929 2392 1019 2422 esse
1040 2378 1299 2423 sententiam
1309 2393 1432 2422 suam
1445 2413 1456 2433 ‚
1476 2378 1511 2422 si

119 2447 225 2492 Levi
259 2455 428 2492 constat
456 2448 589 2493 etiam
615 2447 861 2494 secundum
891 2449 1082 2494 animam
1111 2448 1243 2496 fuisse
1274 2449 1321 2494 in
1350 2448 1512 2493 lumbis

167 2550 177 2567 ¹
198 2543 298 2577 Hebr.
316 2554 374 2587 vu,
393 2542 488 2586 4-10.
