<?xml version="1.0" encoding="UTF-8"?>
<!DOCTYPE html PUBLIC "-//W3C//DTD XHTML 1.0 Transitional//EN"
    "http://www.w3.org/TR/xhtml1/DTD/xhtml1-transitional.dtd">
<html xmlns="http://www.w3.org/1999/xhtml" xml:lang="en" lang="en">
 <head>
  <title>
</title>
<meta http-equiv="Content-Type" content="text/html;charset=utf-8" />
  <meta name='ocr-system' content='tesseract 3.04.00' />
  <meta name='ocr-capabilities' content='ocr_page ocr_carea ocr_par ocr_line ocrx_word'/>
</head>
<body>
  <div class='ocr_page' id='page_1' title='image "./operaomniaaccura05auguuoft_0444.png"; bbox 0 0 1854 3219; ppageno 0'>
   <div class='ocr_carea' id='block_1_1' title="bbox 386 149 1787 858">
    <p class='ocr_par' dir='ltr' id='par_1_1' title="bbox 390 149 1351 193">
     <span class='ocr_line' id='line_1_1' title="bbox 390 149 1351 193; baseline 0.002 -3"><span class='ocrx_word' id='word_1_1' title='bbox 390 149 475 190; x_wconf 77' lang='lat'>418</span> <span class='ocrx_word' id='word_1_2' title='bbox 832 164 869 191; x_wconf 83' lang='lat' dir='ltr'>s.</span> <span class='ocrx_word' id='word_1_3' title='bbox 902 160 1133 192; x_wconf 76' lang='lat' dir='ltr'><strong>AUGUSTINI</strong></span> <span class='ocrx_word' id='word_1_4' title='bbox 1168 164 1351 193; x_wconf 75' lang='lat' dir='ltr'><strong>EPISCOPI</strong></span> 
     </span>
    </p>

    <p class='ocr_par' dir='ltr' id='par_1_2' title="bbox 386 227 1787 858">
     <span class='ocr_line' id='line_1_2' title="bbox 386 227 1780 292; baseline 0.002 -19"><span class='ocrx_word' id='word_1_5' title='bbox 386 237 519 289; x_wconf 87' lang='lat' dir='ltr'>atque</span> <span class='ocrx_word' id='word_1_6' title='bbox 541 227 588 271; x_wconf 90' lang='lat' dir='ltr'>in</span> <span class='ocrx_word' id='word_1_7' title='bbox 609 227 705 287; x_wconf 89' lang='lat' dir='ltr'>ipso</span> <span class='ocrx_word' id='word_1_8' title='bbox 727 242 905 289; x_wconf 89' lang='lat' dir='ltr'>quoque</span> <span class='ocrx_word' id='word_1_9' title='bbox 932 230 1104 289; x_wconf 84' lang='lat' dir='ltr'>gemina</span> <span class='ocrx_word' id='word_1_10' title='bbox 1127 231 1320 292; x_wconf 85' lang='lat' dir='ltr'>operatio</span> <span class='ocrx_word' id='word_1_11' title='bbox 1345 229 1632 290; x_wconf 83' lang='lat' dir='ltr'>providentiae</span> <span class='ocrx_word' id='word_1_12' title='bbox 1653 246 1780 292; x_wconf 85' lang='lat' dir='ltr'>repe-</span> 
     </span>
     <span class='ocr_line' id='line_1_3' title="bbox 390 297 1783 362; baseline 0.003 -20"><span class='ocrx_word' id='word_1_13' title='bbox 390 299 515 354; x_wconf 86' lang='lat' dir='ltr'>ritur,</span> <span class='ocrx_word' id='word_1_14' title='bbox 536 298 696 358; x_wconf 89' lang='lat' dir='ltr'>partim</span> <span class='ocrx_word' id='word_1_15' title='bbox 717 297 927 344; x_wconf 84' lang='lat' dir='ltr'>naturalis</span> <span class='ocrx_word' id='word_1_16' title='bbox 943 335 954 356; x_wconf 88' lang='lat'>,</span> <span class='ocrx_word' id='word_1_17' title='bbox 979 301 1139 362; x_wconf 87' lang='lat' dir='ltr'>partim</span> <span class='ocrx_word' id='word_1_18' title='bbox 1160 301 1421 346; x_wconf 86' lang='lat' dir='ltr'>voluntaria.</span> <span class='ocrx_word' id='word_1_19' title='bbox 1446 300 1662 348; x_wconf 89' lang='lat' dir='ltr'>Naturalis</span> <span class='ocrx_word' id='word_1_20' title='bbox 1684 301 1783 362; x_wconf 84' lang='lat' dir='ltr'>qui-</span> 
     </span>
     <span class='ocr_line' id='line_1_4' title="bbox 392 369 1784 434; baseline 0.002 -21"><span class='ocrx_word' id='word_1_21' title='bbox 392 370 493 414; x_wconf 88' lang='lat' dir='ltr'>dem</span> <span class='ocrx_word' id='word_1_22' title='bbox 512 385 588 430; x_wconf 88' lang='lat' dir='ltr'>per</span> <span class='ocrx_word' id='word_1_23' title='bbox 605 369 824 415; x_wconf 83' lang='lat' dir='ltr'>occultam</span> <span class='ocrx_word' id='word_1_24' title='bbox 843 371 921 416; x_wconf 89' lang='lat' dir='ltr'>Dei</span> <span class='ocrx_word' id='word_1_25' title='bbox 943 370 1362 418; x_wconf 73' lang='lat' dir='ltr'>administrationem</span> <span class='ocrx_word' id='word_1_26' title='bbox 1377 409 1388 429; x_wconf 94' lang='lat'>,</span> <span class='ocrx_word' id='word_1_27' title='bbox 1410 389 1497 434; x_wconf 88' lang='lat' dir='ltr'>qua</span> <span class='ocrx_word' id='word_1_28' title='bbox 1514 374 1644 418; x_wconf 88' lang='lat' dir='ltr'>ctiam</span> <span class='ocrx_word' id='word_1_29' title='bbox 1658 371 1784 432; x_wconf 83' lang='lat' dir='ltr'>lignis</span> 
     </span>
     <span class='ocr_line' id='line_1_5' title="bbox 391 440 1785 506; baseline 0.003 -22"><span class='ocrx_word' id='word_1_30' title='bbox 391 449 434 485; x_wconf 92' lang='lat' dir='ltr'>et</span> <span class='ocrx_word' id='word_1_31' title='bbox 456 440 601 485; x_wconf 82' lang='lat' dir='ltr'><strong>herbis</strong></span> <span class='ocrx_word' id='word_1_32' title='bbox 623 440 699 486; x_wconf 88' lang='lat' dir='ltr'>dat</span> <span class='ocrx_word' id='word_1_33' title='bbox 712 441 1032 488; x_wconf 88' lang='lat' dir='ltr'>incrementum</span> <span class='ocrx_word' id='word_1_34' title='bbox 1049 465 1060 503; x_wconf 78' lang='lat'>3</span> <span class='ocrx_word' id='word_1_35' title='bbox 1079 443 1327 489; x_wconf 87' lang='lat' dir='ltr'>voluntaria</span> <span class='ocrx_word' id='word_1_36' title='bbox 1347 460 1451 490; x_wconf 87' lang='lat' dir='ltr'>vero</span> <span class='ocrx_word' id='word_1_37' title='bbox 1467 481 1478 501; x_wconf 92' lang='lat'>,</span> <span class='ocrx_word' id='word_1_38' title='bbox 1500 460 1577 506; x_wconf 90' lang='lat' dir='ltr'>per</span> <span class='ocrx_word' id='word_1_39' title='bbox 1593 442 1785 503; x_wconf 84' lang='lat' dir='ltr'>Angelo-</span> 
     </span>
     <span class='ocr_line' id='line_1_6' title="bbox 389 513 1785 576; baseline 0.002 -20"><span class='ocrx_word' id='word_1_40' title='bbox 389 527 490 557; x_wconf 88' lang='lat' dir='ltr'>rum</span> <span class='ocrx_word' id='word_1_41' title='bbox 505 528 635 573; x_wconf 90' lang='lat' dir='ltr'>opera</span> <span class='ocrx_word' id='word_1_42' title='bbox 657 522 701 557; x_wconf 89' lang='lat' dir='ltr'>ct</span> <span class='ocrx_word' id='word_1_43' title='bbox 716 514 961 559; x_wconf 89' lang='lat' dir='ltr'>hominum.</span> <span class='ocrx_word' id='word_1_44' title='bbox 983 515 1233 560; x_wconf 89' lang='lat' dir='ltr'>Secundum</span> <span class='ocrx_word' id='word_1_45' title='bbox 1249 515 1369 560; x_wconf 89' lang='lat' dir='ltr'>illam</span> <span class='ocrx_word' id='word_1_46' title='bbox 1384 517 1572 576; x_wconf 84' lang='lat' dir='ltr'>primam</span> <span class='ocrx_word' id='word_1_47' title='bbox 1592 513 1785 561; x_wconf 87' lang='lat' dir='ltr'>coelestia</span> 
     </span>
     <span class='ocr_line' id='line_1_7' title="bbox 392 582 1783 647; baseline 0.001 -19"><span class='ocrx_word' id='word_1_48' title='bbox 392 584 589 644; x_wconf 87' lang='lat' dir='ltr'>superius</span> <span class='ocrx_word' id='word_1_49' title='bbox 612 582 826 641; x_wconf 87' lang='lat' dir='ltr'>ordinari,</span> <span class='ocrx_word' id='word_1_50' title='bbox 851 585 1119 647; x_wconf 74' lang='lat' dir='ltr'>inferiusque</span> <span class='ocrx_word' id='word_1_51' title='bbox 1140 587 1354 633; x_wconf 77' lang='lat' dir='ltr'>terrestria</span> <span class='ocrx_word' id='word_1_52' title='bbox 1369 622 1380 642; x_wconf 86' lang='lat'>,</span> <span class='ocrx_word' id='word_1_53' title='bbox 1407 586 1639 631; x_wconf 88' lang='lat' dir='ltr'>luminaria</span> <span class='ocrx_word' id='word_1_54' title='bbox 1667 584 1783 630; x_wconf 86' lang='lat' dir='ltr'>side-</span> 
     </span>
     <span class='ocr_line' id='line_1_8' title="bbox 390 653 1785 719; baseline 0.001 -20"><span class='ocrx_word' id='word_1_55' title='bbox 390 670 525 716; x_wconf 90' lang='lat' dir='ltr'>raque</span> <span class='ocrx_word' id='word_1_56' title='bbox 547 653 742 715; x_wconf 81' lang='lat' dir='ltr'>fulgere,</span> <span class='ocrx_word' id='word_1_57' title='bbox 775 654 861 700; x_wconf 89' lang='lat' dir='ltr'>diei</span> <span class='ocrx_word' id='word_1_58' title='bbox 886 658 1114 718; x_wconf 88' lang='lat' dir='ltr'>noctisque</span> <span class='ocrx_word' id='word_1_59' title='bbox 1137 657 1251 702; x_wconf 87' lang='lat' dir='ltr'>vices</span> <span class='ocrx_word' id='word_1_60' title='bbox 1273 657 1448 716; x_wconf 85' lang='lat' dir='ltr'>agitari,</span> <span class='ocrx_word' id='word_1_61' title='bbox 1479 658 1601 719; x_wconf 88' lang='lat' dir='ltr'>aquis</span> <span class='ocrx_word' id='word_1_62' title='bbox 1623 666 1785 702; x_wconf 84' lang='lat' dir='ltr'>terram</span> 
     </span>
     <span class='ocr_line' id='line_1_9' title="bbox 386 725 1785 789; baseline -0.001 -17"><span class='ocrx_word' id='word_1_63' title='bbox 386 725 621 772; x_wconf 83' lang='lat' dir='ltr'>fundatam</span> <span class='ocrx_word' id='word_1_64' title='bbox 650 725 827 770; x_wconf 87' lang='lat' dir='ltr'>interlui</span> <span class='ocrx_word' id='word_1_65' title='bbox 858 737 990 789; x_wconf 87' lang='lat' dir='ltr'>atque</span> <span class='ocrx_word' id='word_1_66' title='bbox 1018 728 1269 785; x_wconf 76' lang='lat' dir='ltr'>circumlui,</span> <span class='ocrx_word' id='word_1_67' title='bbox 1303 733 1447 774; x_wconf 76' lang='lat' dir='ltr'>aerem</span> <span class='ocrx_word' id='word_1_68' title='bbox 1474 728 1601 774; x_wconf 90' lang='lat' dir='ltr'>altius</span> <span class='ocrx_word' id='word_1_69' title='bbox 1631 743 1785 789; x_wconf 88' lang='lat' dir='ltr'>super-</span> 
     </span>
     <span class='ocr_line' id='line_1_10' title="bbox 388 796 1787 858; baseline 0.001 -18"><span class='ocrx_word' id='word_1_70' title='bbox 388 796 541 853; x_wconf 86' lang='lat' dir='ltr'>fundi,</span> <span class='ocrx_word' id='word_1_71' title='bbox 567 796 745 841; x_wconf 86' lang='lat' dir='ltr'>arbusta</span> <span class='ocrx_word' id='word_1_72' title='bbox 777 805 820 841; x_wconf 92' lang='lat' dir='ltr'>et</span> <span class='ocrx_word' id='word_1_73' title='bbox 841 798 1045 843; x_wconf 87' lang='lat' dir='ltr'>animalia</span> <span class='ocrx_word' id='word_1_74' title='bbox 1072 799 1243 858; x_wconf 84' lang='lat' dir='ltr'>concipi</span> <span class='ocrx_word' id='word_1_75' title='bbox 1274 809 1317 844; x_wconf 87' lang='lat' dir='ltr'>et</span> <span class='ocrx_word' id='word_1_76' title='bbox 1346 799 1463 844; x_wconf 86' lang='lat' dir='ltr'>nasci</span> <span class='ocrx_word' id='word_1_77' title='bbox 1481 836 1492 855; x_wconf 84' lang='lat'>,</span> <span class='ocrx_word' id='word_1_78' title='bbox 1518 814 1709 844; x_wconf 89' lang='lat' dir='ltr'>erescere</span> <span class='ocrx_word' id='word_1_79' title='bbox 1743 806 1787 843; x_wconf 89' lang='lat' dir='ltr'>et</span> 
     </span>
    </p>
   </div>
   <div class='ocr_carea' id='block_1_2' title="bbox 388 866 1854 929">
    <p class='ocr_par' dir='ltr' id='par_1_3' title="bbox 388 866 1854 929">
     <span class='ocr_line' id='line_1_11' title="bbox 388 866 1854 929; baseline 0.001 -17"><span class='ocrx_word' id='word_1_80' title='bbox 388 883 633 923; x_wconf 88' lang='lat' dir='ltr'>senescere,</span> <span class='ocrx_word' id='word_1_81' title='bbox 659 866 884 924; x_wconf 79' lang='lat' dir='ltr'>occidere,</span> <span class='ocrx_word' id='word_1_82' title='bbox 909 878 953 913; x_wconf 90' lang='lat' dir='ltr'>et</span> <span class='ocrx_word' id='word_1_83' title='bbox 970 867 1192 929; x_wconf 82' lang='lat' dir='ltr'>quidquid</span> <span class='ocrx_word' id='word_1_84' title='bbox 1216 869 1337 913; x_wconf 92' lang='lat' dir='ltr'>aliud</span> <span class='ocrx_word' id='word_1_85' title='bbox 1363 870 1408 914; x_wconf 89' lang='lat' dir='ltr'>in</span> <span class='ocrx_word' id='word_1_86' title='bbox 1431 870 1560 914; x_wconf 88' lang='lat' dir='ltr'>rebus</span> <span class='ocrx_word' id='word_1_87' title='bbox 1581 869 1787 914; x_wconf 84' lang='lat' dir='ltr'>interiore</span> <span class='ocrx_word' id='word_1_88' title='bbox 1853 895 1854 914; x_wconf 59' lang='lat'><em>÷</em></span> 
     </span>
    </p>
   </div>
   <div class='ocr_carea' id='block_1_3' title="bbox 386 937 1854 2495">
    <p class='ocr_par' dir='ltr' id='par_1_4' title="bbox 386 937 1854 1706">
     <span class='ocr_line' id='line_1_12' title="bbox 389 937 1783 1000; baseline 0 -18"><span class='ocrx_word' id='word_1_89' title='bbox 389 937 666 1000; x_wconf 83' lang='lat' dir='ltr'>naturalique</span> <span class='ocrx_word' id='word_1_90' title='bbox 689 948 814 983; x_wconf 88' lang='lat' dir='ltr'>motu</span> <span class='ocrx_word' id='word_1_91' title='bbox 837 940 1014 997; x_wconf 79' lang='lat' dir='ltr'>geritur.</span> <span class='ocrx_word' id='word_1_92' title='bbox 1041 942 1092 983; x_wconf 91' lang='lat' dir='ltr'>In</span> <span class='ocrx_word' id='word_1_93' title='bbox 1110 939 1190 984; x_wconf 85' lang='lat' dir='ltr'>hac</span> <span class='ocrx_word' id='word_1_94' title='bbox 1211 949 1356 984; x_wconf 88' lang='lat' dir='ltr'>autem</span> <span class='ocrx_word' id='word_1_95' title='bbox 1379 939 1513 984; x_wconf 86' lang='lat' dir='ltr'>altera</span> <span class='ocrx_word' id='word_1_96' title='bbox 1530 941 1650 999; x_wconf 87' lang='lat' dir='ltr'>signa</span> <span class='ocrx_word' id='word_1_97' title='bbox 1668 939 1783 995; x_wconf 78' lang='lat' dir='ltr'>dari,</span> 
     </span>
     <span class='ocr_line' id='line_1_13' title="bbox 388 1008 1786 1070; baseline 0.001 -17"><span class='ocrx_word' id='word_1_98' title='bbox 388 1008 535 1054; x_wconf 91' lang='lat' dir='ltr'>doceri</span> <span class='ocrx_word' id='word_1_99' title='bbox 557 1020 600 1054; x_wconf 91' lang='lat' dir='ltr'>et</span> <span class='ocrx_word' id='word_1_100' title='bbox 622 1010 755 1066; x_wconf 85' lang='lat' dir='ltr'>disci,</span> <span class='ocrx_word' id='word_1_101' title='bbox 787 1026 910 1070; x_wconf 86' lang='lat' dir='ltr'>agros</span> <span class='ocrx_word' id='word_1_102' title='bbox 945 1009 1051 1066; x_wconf 90' lang='lat' dir='ltr'>coli,</span> <span class='ocrx_word' id='word_1_103' title='bbox 1077 1011 1303 1055; x_wconf 82' lang='lat' dir='ltr'>societates</span> <span class='ocrx_word' id='word_1_104' title='bbox 1329 1010 1651 1067; x_wconf 81' lang='lat' dir='ltr'>administrari,</span> <span class='ocrx_word' id='word_1_105' title='bbox 1675 1018 1786 1054; x_wconf 89' lang='lat' dir='ltr'>artes</span> 
     </span>
     <span class='ocr_line' id='line_1_14' title="bbox 386 1080 1785 1142; baseline -0.001 -17"><span class='ocrx_word' id='word_1_106' title='bbox 386 1081 602 1136; x_wconf 80' lang='lat' dir='ltr'>exerceri,</span> <span class='ocrx_word' id='word_1_107' title='bbox 638 1090 681 1125; x_wconf 85' lang='lat' dir='ltr'>et</span> <span class='ocrx_word' id='word_1_108' title='bbox 715 1096 902 1142; x_wconf 87' lang='lat' dir='ltr'>quaeque</span> <span class='ocrx_word' id='word_1_109' title='bbox 922 1080 1004 1125; x_wconf 84' lang='lat' dir='ltr'>alia</span> <span class='ocrx_word' id='word_1_110' title='bbox 1026 1081 1114 1125; x_wconf 92' lang='lat' dir='ltr'>sive</span> <span class='ocrx_word' id='word_1_111' title='bbox 1137 1082 1182 1125; x_wconf 93' lang='lat' dir='ltr'>in</span> <span class='ocrx_word' id='word_1_112' title='bbox 1204 1097 1392 1141; x_wconf 87' lang='lat' dir='ltr'>superna</span> <span class='ocrx_word' id='word_1_113' title='bbox 1415 1082 1619 1126; x_wconf 84' lang='lat' dir='ltr'>societate</span> <span class='ocrx_word' id='word_1_114' title='bbox 1642 1096 1785 1140; x_wconf 86' lang='lat' dir='ltr'>agun-</span> 
     </span>
     <span class='ocr_line' id='line_1_15' title="bbox 386 1151 1785 1212; baseline -0.001 -16"><span class='ocrx_word' id='word_1_115' title='bbox 386 1161 473 1208; x_wconf 82' lang='lat' dir='ltr'>tur,</span> <span class='ocrx_word' id='word_1_116' title='bbox 499 1152 586 1197; x_wconf 84' lang='lat' dir='ltr'>sive</span> <span class='ocrx_word' id='word_1_117' title='bbox 604 1152 649 1195; x_wconf 91' lang='lat' dir='ltr'>in</span> <span class='ocrx_word' id='word_1_118' title='bbox 670 1152 752 1195; x_wconf 90' lang='lat' dir='ltr'>hac</span> <span class='ocrx_word' id='word_1_119' title='bbox 768 1161 941 1196; x_wconf 89' lang='lat' dir='ltr'>terrena</span> <span class='ocrx_word' id='word_1_120' title='bbox 964 1161 1096 1212; x_wconf 88' lang='lat' dir='ltr'>atque</span> <span class='ocrx_word' id='word_1_121' title='bbox 1113 1151 1309 1207; x_wconf 88' lang='lat' dir='ltr'>mortali,</span> <span class='ocrx_word' id='word_1_122' title='bbox 1330 1153 1388 1196; x_wconf 86' lang='lat' dir='ltr'>ita</span> <span class='ocrx_word' id='word_1_123' title='bbox 1405 1162 1456 1197; x_wconf 90' lang='lat' dir='ltr'>ut</span> <span class='ocrx_word' id='word_1_124' title='bbox 1472 1152 1598 1196; x_wconf 89' lang='lat' dir='ltr'>bonis</span> <span class='ocrx_word' id='word_1_125' title='bbox 1621 1166 1785 1196; x_wconf 92' lang='lat' dir='ltr'>consu-</span> 
     </span>
     <span class='ocr_line' id='line_1_16' title="bbox 386 1220 1787 1283; baseline -0.001 -16"><span class='ocrx_word' id='word_1_126' title='bbox 386 1222 504 1267; x_wconf 90' lang='lat' dir='ltr'>latur</span> <span class='ocrx_word' id='word_1_127' title='bbox 526 1232 570 1266; x_wconf 91' lang='lat' dir='ltr'>et</span> <span class='ocrx_word' id='word_1_128' title='bbox 590 1237 668 1282; x_wconf 88' lang='lat' dir='ltr'>per</span> <span class='ocrx_word' id='word_1_129' title='bbox 689 1222 929 1265; x_wconf 88' lang='lat' dir='ltr'>nescientes</span> <span class='ocrx_word' id='word_1_130' title='bbox 951 1220 1102 1266; x_wconf 90' lang='lat' dir='ltr'>malos.</span> <span class='ocrx_word' id='word_1_131' title='bbox 1126 1225 1266 1283; x_wconf 90' lang='lat' dir='ltr'>Inque</span> <span class='ocrx_word' id='word_1_132' title='bbox 1283 1223 1375 1282; x_wconf 87' lang='lat' dir='ltr'>ipso</span> <span class='ocrx_word' id='word_1_133' title='bbox 1390 1222 1568 1268; x_wconf 90' lang='lat' dir='ltr'>homine</span> <span class='ocrx_word' id='word_1_134' title='bbox 1587 1222 1787 1267; x_wconf 90' lang='lat' dir='ltr'>eamdem</span> 
     </span>
     <span class='ocr_line' id='line_1_17' title="bbox 390 1291 1787 1354; baseline -0.001 -17"><span class='ocrx_word' id='word_1_135' title='bbox 390 1294 608 1354; x_wconf 84' lang='lat' dir='ltr'>geminam</span> <span class='ocrx_word' id='word_1_136' title='bbox 629 1291 917 1353; x_wconf 84' lang='lat' dir='ltr'>providentiae</span> <span class='ocrx_word' id='word_1_137' title='bbox 937 1292 1083 1352; x_wconf 81' lang='lat' dir='ltr'>vigere</span> <span class='ocrx_word' id='word_1_138' title='bbox 1105 1292 1348 1352; x_wconf 86' lang='lat' dir='ltr'>potentiam</span> <span class='ocrx_word' id='word_1_139' title='bbox 1370 1313 1379 1338; x_wconf 84' lang='lat'>:</span> <span class='ocrx_word' id='word_1_140' title='bbox 1403 1293 1545 1353; x_wconf 88' lang='lat' dir='ltr'>primo</span> <span class='ocrx_word' id='word_1_141' title='bbox 1567 1308 1669 1352; x_wconf 88' lang='lat' dir='ltr'>erga</span> <span class='ocrx_word' id='word_1_142' title='bbox 1690 1308 1787 1337; x_wconf 91' lang='lat' dir='ltr'>cor-</span> 
     </span>
     <span class='ocr_line' id='line_1_18' title="bbox 390 1362 1788 1426; baseline -0.001 -16"><span class='ocrx_word' id='word_1_143' title='bbox 390 1381 472 1426; x_wconf 90' lang='lat' dir='ltr'>pus</span> <span class='ocrx_word' id='word_1_144' title='bbox 492 1363 760 1418; x_wconf 81' lang='lat' dir='ltr'>naturalem,</span> <span class='ocrx_word' id='word_1_145' title='bbox 776 1362 940 1408; x_wconf 88' lang='lat' dir='ltr'>scilicet</span> <span class='ocrx_word' id='word_1_146' title='bbox 962 1378 1013 1407; x_wconf 93' lang='lat' dir='ltr'>eo</span> <span class='ocrx_word' id='word_1_147' title='bbox 1035 1371 1160 1407; x_wconf 90' lang='lat' dir='ltr'>motu</span> <span class='ocrx_word' id='word_1_148' title='bbox 1182 1378 1271 1423; x_wconf 87' lang='lat' dir='ltr'>quo</span> <span class='ocrx_word' id='word_1_149' title='bbox 1288 1364 1338 1406; x_wconf 86' lang='lat' dir='ltr'>fit</span> <span class='ocrx_word' id='word_1_150' title='bbox 1354 1398 1365 1419; x_wconf 84' lang='lat'>,</span> <span class='ocrx_word' id='word_1_151' title='bbox 1391 1379 1480 1424; x_wconf 89' lang='lat' dir='ltr'>quo</span> <span class='ocrx_word' id='word_1_152' title='bbox 1502 1363 1677 1419; x_wconf 89' lang='lat' dir='ltr'>crescit,</span> <span class='ocrx_word' id='word_1_153' title='bbox 1698 1378 1788 1425; x_wconf 91' lang='lat' dir='ltr'>quo</span> 
     </span>
     <span class='ocr_line' id='line_1_19' title="bbox 391 1431 1854 1496; baseline -0.004 -14"><span class='ocrx_word' id='word_1_154' title='bbox 391 1436 605 1495; x_wconf 69' lang='lat' dir='ltr'>senescit,</span> <span class='ocrx_word' id='word_1_155' title='bbox 636 1434 929 1481; x_wconf 88' lang='lat' dir='ltr'>voluntariam</span> <span class='ocrx_word' id='word_1_156' title='bbox 954 1448 1086 1490; x_wconf 86' lang='lat' dir='ltr'>vero,</span> <span class='ocrx_word' id='word_1_157' title='bbox 1123 1449 1212 1494; x_wconf 88' lang='lat' dir='ltr'>quo</span> <span class='ocrx_word' id='word_1_158' title='bbox 1248 1432 1311 1477; x_wconf 89' lang='lat' dir='ltr'>illi</span> <span class='ocrx_word' id='word_1_159' title='bbox 1345 1432 1401 1478; x_wconf 90' lang='lat' dir='ltr'>ad</span> <span class='ocrx_word' id='word_1_160' title='bbox 1433 1433 1621 1490; x_wconf 85' lang='lat' dir='ltr'>victum,</span> <span class='ocrx_word' id='word_1_161' title='bbox 1656 1442 1788 1493; x_wconf 74' lang='lat' dir='ltr'>vtegu-</span> <span class='ocrx_word' id='word_1_162' title='bbox 1846 1431 1854 1496; x_wconf 54' lang='lat'>&#39;3</span> 
     </span>
     <span class='ocr_line' id='line_1_20' title="bbox 390 1504 1847 1566; baseline -0.002 -13"><span class='ocrx_word' id='word_1_163' title='bbox 390 1518 618 1563; x_wconf 86' lang='lat' dir='ltr'>mentum,</span> <span class='ocrx_word' id='word_1_164' title='bbox 644 1506 1004 1566; x_wconf 87' lang='lat' dir='ltr'>curationemque</span> <span class='ocrx_word' id='word_1_165' title='bbox 1033 1504 1290 1549; x_wconf 84' lang='lat' dir='ltr'>consulitur.</span> <span class='ocrx_word' id='word_1_166' title='bbox 1326 1504 1531 1549; x_wconf 89' lang='lat' dir='ltr'>Similiter</span> <span class='ocrx_word' id='word_1_167' title='bbox 1560 1521 1662 1564; x_wconf 86' lang='lat' dir='ltr'>erga</span> <span class='ocrx_word' id='word_1_168' title='bbox 1691 1505 1788 1550; x_wconf 88' lang='lat' dir='ltr'>ani-</span> <span class='ocrx_word' id='word_1_169' title='bbox 1845 1539 1847 1555; x_wconf 82' lang='grc'>.</span> 
     </span>
     <span class='ocr_line' id='line_1_21' title="bbox 391 1575 1789 1635; baseline -0.001 -11"><span class='ocrx_word' id='word_1_170' title='bbox 391 1596 509 1624; x_wconf 88' lang='lat' dir='ltr'>mam</span> <span class='ocrx_word' id='word_1_171' title='bbox 539 1577 794 1624; x_wconf 84' lang='lat' dir='ltr'>naturaliter</span> <span class='ocrx_word' id='word_1_172' title='bbox 826 1577 968 1635; x_wconf 86' lang='lat' dir='ltr'>agitur</span> <span class='ocrx_word' id='word_1_173' title='bbox 988 1585 1038 1620; x_wconf 91' lang='lat' dir='ltr'>ut</span> <span class='ocrx_word' id='word_1_174' title='bbox 1067 1575 1186 1621; x_wconf 88' lang='lat' dir='ltr'>vivat</span> <span class='ocrx_word' id='word_1_175' title='bbox 1203 1611 1214 1631; x_wconf 94' lang='lat'>,</span> <span class='ocrx_word' id='word_1_176' title='bbox 1252 1585 1304 1621; x_wconf 90' lang='lat' dir='ltr'>ut</span> <span class='ocrx_word' id='word_1_177' title='bbox 1331 1577 1511 1635; x_wconf 68' lang='lat' dir='ltr'>sentiat,</span> <span class='ocrx_word' id='word_1_178' title='bbox 1541 1576 1789 1622; x_wconf 87' lang='lat' dir='ltr'>voluntarie</span> 
     </span>
     <span class='ocr_line' id='line_1_22' title="bbox 393 1649 1103 1706; baseline -0.006 -9"><span class='ocrx_word' id='word_1_179' title='bbox 393 1667 498 1703; x_wconf 71' lang='lat' dir='ltr'>yero</span> <span class='ocrx_word' id='word_1_180' title='bbox 515 1661 566 1696; x_wconf 92' lang='lat' dir='ltr'>ut</span> <span class='ocrx_word' id='word_1_181' title='bbox 587 1650 745 1706; x_wconf 80' lang='lat' dir='ltr'>discat,</span> <span class='ocrx_word' id='word_1_182' title='bbox 772 1659 822 1694; x_wconf 94' lang='lat' dir='ltr'>ut</span> <span class='ocrx_word' id='word_1_183' title='bbox 844 1649 1103 1694; x_wconf 81' lang='lat' dir='ltr'>consentiat.</span> 
     </span>
    </p>

    <p class='ocr_par' dir='ltr' id='par_1_5' title="bbox 391 1717 1845 2495">
     <span class='ocr_line' id='line_1_23' title="bbox 450 1717 1788 1778; baseline -0.001 -11"><span class='ocrx_word' id='word_1_184' title='bbox 450 1725 618 1767; x_wconf 84' lang='lat' dir='ltr'><strong>XVIII.</strong></span> <span class='ocrx_word' id='word_1_185' title='bbox 642 1722 763 1767; x_wconf 91' lang='lat' dir='ltr'>Sicut</span> <span class='ocrx_word' id='word_1_186' title='bbox 776 1729 922 1764; x_wconf 91' lang='lat' dir='ltr'>autem</span> <span class='ocrx_word' id='word_1_187' title='bbox 938 1720 984 1763; x_wconf 91' lang='lat' dir='ltr'>in</span> <span class='ocrx_word' id='word_1_188' title='bbox 1003 1719 1158 1763; x_wconf 87' lang='lat' dir='ltr'>arbore</span> <span class='ocrx_word' id='word_1_189' title='bbox 1180 1717 1227 1762; x_wconf 88' lang='lat' dir='ltr'>id</span> <span class='ocrx_word' id='word_1_190' title='bbox 1249 1718 1339 1777; x_wconf 86' lang='lat' dir='ltr'>agit</span> <span class='ocrx_word' id='word_1_191' title='bbox 1361 1718 1626 1778; x_wconf 79' lang='lat' dir='ltr'>agricultura</span> <span class='ocrx_word' id='word_1_192' title='bbox 1647 1718 1788 1765; x_wconf 88' lang='lat' dir='ltr'>forin-</span> 
     </span>
     <span class='ocr_line' id='line_1_24' title="bbox 392 1787 1845 1852; baseline -0.003 -11"><span class='ocrx_word' id='word_1_193' title='bbox 392 1812 536 1851; x_wconf 77' lang='lat' dir='ltr'>secus,</span> <span class='ocrx_word' id='word_1_194' title='bbox 560 1802 612 1838; x_wconf 91' lang='lat' dir='ltr'>ut</span> <span class='ocrx_word' id='word_1_195' title='bbox 636 1792 748 1837; x_wconf 90' lang='lat' dir='ltr'>illud</span> <span class='ocrx_word' id='word_1_196' title='bbox 773 1791 993 1852; x_wconf 75' lang='lat' dir='ltr'>proficiat,</span> <span class='ocrx_word' id='word_1_197' title='bbox 1019 1790 1142 1852; x_wconf 90' lang='lat' dir='ltr'>quod</span> <span class='ocrx_word' id='word_1_198' title='bbox 1165 1790 1328 1850; x_wconf 82' lang='lat' dir='ltr'>geritur</span> <span class='ocrx_word' id='word_1_199' title='bbox 1351 1791 1637 1837; x_wconf 88' lang='lat' dir='ltr'>intrinsecus:</span> <span class='ocrx_word' id='word_1_200' title='bbox 1662 1787 1722 1837; x_wconf 81' lang='lat' dir='ltr'>sie</span> <span class='ocrx_word' id='word_1_201' title='bbox 1743 1792 1790 1838; x_wconf 90' lang='lat' dir='ltr'>in</span> <span class='ocrx_word' id='word_1_202' title='bbox 1842 1804 1845 1843; x_wconf 74' lang='grc' dir='ltr'>ζ</span> 
     </span>
     <span class='ocr_line' id='line_1_25' title="bbox 392 1850 1844 1926; baseline -0.003 -14"><span class='ocrx_word' id='word_1_203' title='bbox 392 1867 569 1913; x_wconf 88' lang='lat' dir='ltr'>homine</span> <span class='ocrx_word' id='word_1_204' title='bbox 596 1864 840 1910; x_wconf 89' lang='lat' dir='ltr'>secundum</span> <span class='ocrx_word' id='word_1_205' title='bbox 870 1878 1049 1926; x_wconf 87' lang='lat' dir='ltr'>corpus,</span> <span class='ocrx_word' id='word_1_206' title='bbox 1075 1862 1114 1906; x_wconf 91' lang='lat' dir='ltr'>ei</span> <span class='ocrx_word' id='word_1_207' title='bbox 1137 1860 1258 1922; x_wconf 92' lang='lat' dir='ltr'>quod</span> <span class='ocrx_word' id='word_1_208' title='bbox 1290 1862 1549 1907; x_wconf 88' lang='lat' dir='ltr'>intrinsecus</span> <span class='ocrx_word' id='word_1_209' title='bbox 1586 1863 1675 1923; x_wconf 88' lang='lat' dir='ltr'>agit</span> <span class='ocrx_word' id='word_1_210' title='bbox 1707 1879 1789 1907; x_wconf 88' lang='lat' dir='ltr'>na-</span> <span class='ocrx_word' id='word_1_211' title='bbox 1842 1850 1844 1872; x_wconf 64' lang='lat'>⁵</span> 
     </span>
     <span class='ocr_line' id='line_1_26' title="bbox 392 1931 1844 1994; baseline -0.003 -11"><span class='ocrx_word' id='word_1_212' title='bbox 392 1948 491 1984; x_wconf 87' lang='lat' dir='ltr'>tura</span> <span class='ocrx_word' id='word_1_213' title='bbox 509 1973 519 1994; x_wconf 92' lang='lat'>,</span> <span class='ocrx_word' id='word_1_214' title='bbox 560 1935 694 1981; x_wconf 89' lang='lat' dir='ltr'>seruit</span> <span class='ocrx_word' id='word_1_215' title='bbox 732 1934 997 1979; x_wconf 82' lang='lat' dir='ltr'>extrinsecus</span> <span class='ocrx_word' id='word_1_216' title='bbox 1034 1931 1266 1976; x_wconf 86' lang='lat' dir='ltr'>medicina.</span> <span class='ocrx_word' id='word_1_217' title='bbox 1314 1935 1514 1993; x_wconf 88' lang='lat' dir='ltr'>Itemque</span> <span class='ocrx_word' id='word_1_218' title='bbox 1547 1933 1790 1978; x_wconf 85' lang='lat' dir='ltr'>secundum</span> <span class='ocrx_word' id='word_1_219' title='bbox 1840 1953 1844 1971; x_wconf 62' lang='grc' dir='ltr'>ε</span> 
     </span>
     <span class='ocr_line' id='line_1_27' title="bbox 391 2002 1790 2064; baseline -0.005 -10"><span class='ocrx_word' id='word_1_220' title='bbox 391 2009 604 2064; x_wconf 82' lang='lat' dir='ltr'>animam,</span> <span class='ocrx_word' id='word_1_221' title='bbox 629 2015 680 2051; x_wconf 89' lang='lat' dir='ltr'>ut</span> <span class='ocrx_word' id='word_1_222' title='bbox 703 2015 858 2050; x_wconf 87' lang='lat' dir='ltr'>natura</span> <span class='ocrx_word' id='word_1_223' title='bbox 880 2003 1154 2048; x_wconf 86' lang='lat' dir='ltr'>beatificetur</span> <span class='ocrx_word' id='word_1_224' title='bbox 1171 2002 1431 2048; x_wconf 87' lang='lat' dir='ltr'>intrinsecus</span> <span class='ocrx_word' id='word_1_225' title='bbox 1446 2039 1457 2059; x_wconf 96' lang='lat'>,</span> <span class='ocrx_word' id='word_1_226' title='bbox 1483 2003 1682 2049; x_wconf 88' lang='lat' dir='ltr'>doctrina</span> <span class='ocrx_word' id='word_1_227' title='bbox 1703 2004 1790 2048; x_wconf 89' lang='lat' dir='ltr'>mi—</span> 
     </span>
     <span class='ocr_line' id='line_1_28' title="bbox 394 2073 1841 2129; baseline -0.004 -4"><span class='ocrx_word' id='word_1_228' title='bbox 394 2081 603 2126; x_wconf 89' lang='lat' dir='ltr'>nistratur</span> <span class='ocrx_word' id='word_1_229' title='bbox 631 2077 911 2122; x_wconf 79' lang='lat' dir='ltr'>extrinsecus.</span> <span class='ocrx_word' id='word_1_230' title='bbox 951 2073 1083 2128; x_wconf 85' lang='lat' dir='ltr'>Quod</span> <span class='ocrx_word' id='word_1_231' title='bbox 1118 2082 1267 2118; x_wconf 83' lang='lat' dir='ltr'>autem</span> <span class='ocrx_word' id='word_1_232' title='bbox 1296 2073 1354 2118; x_wconf 90' lang='lat' dir='ltr'>ad</span> <span class='ocrx_word' id='word_1_233' title='bbox 1384 2074 1585 2120; x_wconf 87' lang='lat' dir='ltr'>arborem</span> <span class='ocrx_word' id='word_1_234' title='bbox 1616 2074 1790 2120; x_wconf 89' lang='lat' dir='ltr'>colendi</span> <span class='ocrx_word' id='word_1_235' title='bbox 1838 2118 1841 2129; x_wconf 65' lang='lat'>,</span> 
     </span>
     <span class='ocr_line' id='line_1_29' title="bbox 392 2142 1841 2210; baseline -0.003 -15"><span class='ocrx_word' id='word_1_236' title='bbox 392 2150 680 2210; x_wconf 79' lang='lat' dir='ltr'>negligentia,</span> <span class='ocrx_word' id='word_1_237' title='bbox 700 2149 785 2193; x_wconf 90' lang='lat' dir='ltr'>hoc</span> <span class='ocrx_word' id='word_1_238' title='bbox 803 2147 858 2191; x_wconf 93' lang='lat' dir='ltr'>ad</span> <span class='ocrx_word' id='word_1_239' title='bbox 882 2161 1039 2206; x_wconf 89' lang='lat' dir='ltr'>corpus</span> <span class='ocrx_word' id='word_1_240' title='bbox 1064 2142 1272 2189; x_wconf 88' lang='lat' dir='ltr'>medendi</span> <span class='ocrx_word' id='word_1_241' title='bbox 1292 2145 1459 2189; x_wconf 88' lang='lat' dir='ltr'>incuria</span> <span class='ocrx_word' id='word_1_242' title='bbox 1476 2181 1487 2201; x_wconf 95' lang='lat'>,</span> <span class='ocrx_word' id='word_1_243' title='bbox 1510 2146 1595 2190; x_wconf 91' lang='lat' dir='ltr'>hoc</span> <span class='ocrx_word' id='word_1_244' title='bbox 1618 2144 1675 2191; x_wconf 85' lang='lat' dir='ltr'>ad</span> <span class='ocrx_word' id='word_1_245' title='bbox 1694 2146 1789 2191; x_wconf 91' lang='lat' dir='ltr'>ani-</span> <span class='ocrx_word' id='word_1_246' title='bbox 1838 2143 1841 2201; x_wconf 64' lang='lat' dir='ltr'>J</span> 
     </span>
     <span class='ocr_line' id='line_1_30' title="bbox 392 2214 1839 2277; baseline -0.004 -10"><span class='ocrx_word' id='word_1_247' title='bbox 392 2237 509 2268; x_wconf 88' lang='lat' dir='ltr'>mam</span> <span class='ocrx_word' id='word_1_248' title='bbox 539 2218 735 2265; x_wconf 88' lang='lat' dir='ltr'>discendi</span> <span class='ocrx_word' id='word_1_249' title='bbox 762 2217 956 2277; x_wconf 82' lang='lat' dir='ltr'>segnitia.</span> <span class='ocrx_word' id='word_1_250' title='bbox 982 2219 1040 2261; x_wconf 85' lang='lat' dir='ltr'>Et</span> <span class='ocrx_word' id='word_1_251' title='bbox 1065 2215 1188 2277; x_wconf 92' lang='lat' dir='ltr'>quod</span> <span class='ocrx_word' id='word_1_252' title='bbox 1210 2214 1266 2259; x_wconf 87' lang='lat' dir='ltr'>ad</span> <span class='ocrx_word' id='word_1_253' title='bbox 1288 2214 1490 2261; x_wconf 86' lang='lat' dir='ltr'>arborem</span> <span class='ocrx_word' id='word_1_254' title='bbox 1507 2217 1667 2261; x_wconf 92' lang='lat' dir='ltr'>humor</span> <span class='ocrx_word' id='word_1_255' title='bbox 1689 2217 1790 2261; x_wconf 92' lang='lat' dir='ltr'>inu-</span> <span class='ocrx_word' id='word_1_256' title='bbox 1838 2245 1839 2250; x_wconf 62' lang='lat'><em>=</em></span> 
     </span>
     <span class='ocr_line' id='line_1_31' title="bbox 393 2285 1791 2350; baseline -0.004 -11"><span class='ocrx_word' id='word_1_257' title='bbox 393 2292 508 2349; x_wconf 86' lang='lat' dir='ltr'>tilis,</span> <span class='ocrx_word' id='word_1_258' title='bbox 542 2292 628 2337; x_wconf 83' lang='lat' dir='ltr'>hoc</span> <span class='ocrx_word' id='word_1_259' title='bbox 655 2290 712 2335; x_wconf 89' lang='lat' dir='ltr'>ad</span> <span class='ocrx_word' id='word_1_260' title='bbox 747 2304 905 2350; x_wconf 86' lang='lat' dir='ltr'>eorpus</span> <span class='ocrx_word' id='word_1_261' title='bbox 940 2287 1079 2332; x_wconf 87' lang='lat' dir='ltr'>victus</span> <span class='ocrx_word' id='word_1_262' title='bbox 1114 2285 1371 2343; x_wconf 83' lang='lat' dir='ltr'>exitiabilis,</span> <span class='ocrx_word' id='word_1_263' title='bbox 1411 2287 1496 2332; x_wconf 89' lang='lat' dir='ltr'>hoc</span> <span class='ocrx_word' id='word_1_264' title='bbox 1521 2286 1577 2332; x_wconf 88' lang='lat' dir='ltr'>ad</span> <span class='ocrx_word' id='word_1_265' title='bbox 1600 2288 1791 2334; x_wconf 89' lang='lat' dir='ltr'>animam</span> 
     </span>
     <span class='ocr_line' id='line_1_32' title="bbox 392 2358 1838 2428; baseline -0.003 -18"><span class='ocrx_word' id='word_1_266' title='bbox 392 2363 612 2428; x_wconf 87' lang='lat' dir='ltr'>persuasio</span> <span class='ocrx_word' id='word_1_267' title='bbox 626 2361 878 2423; x_wconf 78' lang='lat' dir='ltr'>iniquitatis,</span> <span class='ocrx_word' id='word_1_268' title='bbox 893 2363 1007 2406; x_wconf 88' lang='lat' dir='ltr'>Deus</span> <span class='ocrx_word' id='word_1_269' title='bbox 1020 2359 1168 2421; x_wconf 88' lang='lat' dir='ltr'>itaque</span> <span class='ocrx_word' id='word_1_270' title='bbox 1186 2374 1314 2419; x_wconf 88' lang='lat' dir='ltr'>super</span> <span class='ocrx_word' id='word_1_271' title='bbox 1326 2358 1488 2416; x_wconf 89' lang='lat' dir='ltr'>omnia,</span> <span class='ocrx_word' id='word_1_272' title='bbox 1503 2359 1580 2420; x_wconf 87' lang='lat' dir='ltr'>qui</span> <span class='ocrx_word' id='word_1_273' title='bbox 1593 2359 1791 2406; x_wconf 90' lang='lat' dir='ltr'>condidit</span> <span class='ocrx_word' id='word_1_274' title='bbox 1836 2384 1838 2386; x_wconf 31' lang='lat' dir='ltr'>v</span> 
     </span>
     <span class='ocr_line' id='line_1_33' title="bbox 393 2430 1789 2495; baseline -0.005 -11"><span class='ocrx_word' id='word_1_275' title='bbox 393 2438 556 2492; x_wconf 89' lang='lat' dir='ltr'>omnia,</span> <span class='ocrx_word' id='word_1_276' title='bbox 572 2445 617 2481; x_wconf 88' lang='lat' dir='ltr'>et</span> <span class='ocrx_word' id='word_1_277' title='bbox 639 2434 750 2495; x_wconf 87' lang='lat' dir='ltr'>regit</span> <span class='ocrx_word' id='word_1_278' title='bbox 770 2432 931 2489; x_wconf 89' lang='lat' dir='ltr'>omnia,</span> <span class='ocrx_word' id='word_1_279' title='bbox 951 2447 1101 2477; x_wconf 87' lang='lat' dir='ltr'>omnes</span> <span class='ocrx_word' id='word_1_280' title='bbox 1121 2439 1295 2476; x_wconf 87' lang='lat' dir='ltr'>naturas</span> <span class='ocrx_word' id='word_1_281' title='bbox 1319 2430 1462 2476; x_wconf 84' lang='lat' dir='ltr'>bonus</span> <span class='ocrx_word' id='word_1_282' title='bbox 1482 2441 1621 2489; x_wconf 81' lang='lat' dir='ltr'>creat,</span> <span class='ocrx_word' id='word_1_283' title='bbox 1638 2447 1789 2478; x_wconf 89' lang='lat' dir='ltr'>omnes</span> 
     </span>
    </p>
   </div>
   <div class='ocr_carea' id='block_1_4' title="bbox 392 2502 1789 2568">
    <p class='ocr_par' dir='ltr' id='par_1_6' title="bbox 392 2502 1789 2568">
     <span class='ocr_line' id='line_1_34' title="bbox 392 2502 1789 2568; baseline -0.004 -11"><span class='ocrx_word' id='word_1_284' title='bbox 392 2508 640 2558; x_wconf 83' lang='lat' dir='ltr'>voluntates</span> <span class='ocrx_word' id='word_1_285' title='bbox 653 2507 799 2568; x_wconf 87' lang='lat' dir='ltr'>justus</span> <span class='ocrx_word' id='word_1_286' title='bbox 824 2503 1011 2553; x_wconf 85' lang='lat' dir='ltr'>ordinat.</span> <span class='ocrx_word' id='word_1_287' title='bbox 1044 2502 1164 2559; x_wconf 83' lang='lat' dir='ltr'>Quid</span> <span class='ocrx_word' id='word_1_288' title='bbox 1185 2518 1289 2564; x_wconf 83' lang='lat' dir='ltr'>ergo</span> <span class='ocrx_word' id='word_1_289' title='bbox 1316 2502 1524 2550; x_wconf 84' lang='lat' dir='ltr'>abhorret</span> <span class='ocrx_word' id='word_1_290' title='bbox 1551 2518 1576 2549; x_wconf 88' lang='lat' dir='ltr'>a</span> <span class='ocrx_word' id='word_1_291' title='bbox 1599 2518 1728 2561; x_wconf 87' lang='lat' dir='ltr'>vero,</span> <span class='ocrx_word' id='word_1_292' title='bbox 1753 2503 1789 2554; x_wconf 85' lang='lat' dir='ltr'>si</span> 
     </span>
    </p>
   </div>
   <div class='ocr_carea' id='block_1_5' title="bbox 1814 1441 1854 3219">
    <p class='ocr_par' dir='ltr' id='par_1_7' title="bbox 1814 1441 1854 3219">
     <span class='ocr_line' id='line_1_35' title="bbox 1814 1441 1854 3219; baseline 0 0"><span class='ocrx_word' id='word_1_293' title='bbox 1814 1441 1854 3219; x_wconf 95' lang='lat' dir='ltr'> </span> 
     </span>
    </p>
   </div>
  </div>
 </body>
</html>
