1854 3219
326 208 406 244 598
758 217 790 244 s.
829 218 1055 246 Aucesrim
1091 220 1268 246 EPISCOPI

321 283 456 342 etqui
477 282 579 325 croci
598 297 685 325 non
709 291 824 336 sunt,
852 282 1308 342 pleriquepatentibus
1331 284 1466 329 oculis
1483 284 1708 330 dormiunt

323 351 432 396 nihil
457 367 533 411 per
555 367 626 395 eos
649 352 846 396 videntes
863 388 873 407 ,
900 352 974 396 sed
997 369 1086 397 non
1107 353 1205 398 ideo
1229 354 1337 397 nihil
1357 354 1554 400 videntes
1570 391 1580 411 ,
1605 371 1707 400 cum

323 424 475 483 spiritu
501 433 680 467 cernant
705 423 793 466 visa
822 423 1089 468 somniorum
1117 444 1125 468 ;
1150 425 1184 468 si
1212 434 1356 468 autem
1385 425 1540 471 clausis
1572 426 1707 472 oculis

318 494 514 552 vigilent,
537 510 679 554 neque
694 493 1003 537 dormientium
1014 504 1178 553 praesto
1195 505 1297 539 sunt
1312 496 1548 541 visionibus
1563 513 1707 558 nequc

319 565 609 624 vigilantium.
640 568 827 608 Tantum
852 575 997 609 tamen
1019 565 1148 621 valet,
1173 566 1296 626 quod
1316 582 1457 627 usque
1480 568 1535 612 ad
1557 568 1707 613 oculos

322 651 473 680 eorum
497 651 575 679 nee
598 636 752 695 sopita,
771 651 851 679 nec
865 636 1135 695 perturbata,
1162 652 1243 681 nec
1256 637 1489 682 interclusa
1508 639 1708 698 pervenit

319 724 343 751 a
366 707 544 751 cerebro
568 706 635 750 via
665 706 902 761 sentiendi,
928 717 971 751 et
993 708 1149 750 animae
1172 707 1461 753 intentionem
1489 725 1627 770 usque
1650 709 1706 754 ad

317 779 432 837 ipsas
455 777 653 836 quamvis
681 776 846 821 clausas
869 777 983 821 fores
1007 778 1198 837 corporis
1219 778 1363 835 ducit,
1386 789 1437 825 ut
1457 781 1706 839 cogitentur

316 846 495 908 quidem
517 847 726 906 imagines
755 862 1004 907 corporum,
1031 847 1107 892 sed
1130 849 1253 894 nullo
1281 849 1414 895 modo
1441 866 1521 911 pro
1543 851 1602 896 eis
1623 852 1703 896 ha-

316 920 503 963 beantur
526 919 803 978 corporibus,
826 935 925 979 quse
948 934 1024 978 per
1046 918 1196 964 oculos
1219 921 1481 967 sentiuntur.

374 993 538 1034 XLIII.
573 994 759 1034 Tantum
784 990 981 1044 interest,
1015 990 1091 1034 ubi
1120 992 1194 1035 fiat
1216 992 1581 1051 impedimentum
1604 1008 1705 1038 sen-

312 1061 448 1106 tiendi
466 1061 721 1121 corporalia,
749 1076 849 1105 cum
882 1062 929 1105 fit
952 1062 995 1104 in
1017 1077 1213 1121 corpore.
1243 1063 1285 1107 Si
1308 1064 1422 1108 enim
1441 1080 1531 1109 non
1552 1065 1603 1108 fit
1623 1064 1706 1109 nisi

312 1134 357 1177 in
384 1134 482 1192 ipsis
506 1134 712 1187 aditibus,
731 1143 774 1176 et
796 1133 917 1193 quasi
934 1133 1077 1193 januis
1101 1149 1325 1189 sensuum,
1345 1135 1526 1179 velutin
1549 1135 1702 1192 oculis,

314 1205 359 1248 in
382 1204 560 1248 auribus
579 1239 589 1259 ,
613 1203 868 1263 eaeterisque
890 1204 1087 1247 sensibus
1108 1205 1429 1264 corporalibus,
1455 1206 1545 1251 sola
1562 1207 1705 1267 impe-

313 1276 433 1320 ditur
455 1275 677 1334 pereeptio
706 1274 1027 1334 corporalium,
1053 1291 1142 1319 non
1164 1285 1310 1319 autem
1334 1277 1490 1320 animae
1519 1278 1705 1323 intentio

313 1348 358 1391 in
382 1346 501 1390 aliud
522 1346 580 1389 sic
603 1346 828 1399 avertitur,
855 1355 905 1389 ut
926 1361 1006 1405 pro
1029 1347 1285 1405 corporibus
1307 1347 1468 1391 habeat
1495 1348 1704 1407 imagines

311 1433 544 1477 corporum
567 1437 574 1460 :
601 1418 634 1460 si
657 1426 803 1460 autem
818 1433 944 1460 causa
966 1426 1029 1461 est
1047 1417 1165 1461 intus
1182 1418 1227 1461 in
1249 1419 1445 1474 cerebro,
1467 1419 1585 1464 unde
1598 1420 1704 1464 diri—

313 1498 478 1549 guntur
495 1489 575 1533 viae
598 1487 653 1531 ad
667 1503 713 1531 ca
728 1523 738 1542 ,
759 1503 859 1547 quae
883 1486 985 1532 foris
1008 1497 1125 1543 sunt,
1152 1488 1400 1547 sentienda,
1417 1490 1548 1549 ipsius
1566 1490 1706 1537 inten-

312 1560 440 1605 tionis
462 1575 562 1603 vasa
585 1559 831 1618 sopiuntur,
853 1558 923 1602 vel
942 1558 1202 1613 turbantur,
1228 1559 1298 1603 vel
1320 1560 1701 1619 intercluduntur,

311 1630 472 1692 quibus
496 1630 653 1672 nititur
674 1629 815 1672 anima
841 1629 885 1672 in
906 1644 954 1672 ea
985 1645 1084 1688 quae
1107 1628 1210 1673 foris
1242 1640 1365 1685 sunt,
1400 1631 1612 1677 intuenda
1633 1633 1704 1678 vel

310 1699 550 1745 sentienda.
577 1701 719 1752 Quem
753 1699 898 1742 nisum
928 1698 1137 1758 quoniam
1159 1715 1250 1743 non
1278 1701 1458 1756 amittit,
1485 1711 1605 1748 tanta
1627 1718 1703 1747 ex-

308 1771 528 1832 pressione
551 1769 711 1814 format
736 1768 913 1823 similia,
941 1778 991 1813 ut
1012 1769 1220 1828 imagines
1241 1765 1538 1830 corporalium
1558 1789 1581 1817 a
1603 1789 1702 1819 cor-

307 1842 488 1904 poribus
508 1840 751 1885 discernere
770 1855 859 1884 non
881 1840 1044 1895 valens,
1066 1851 1216 1885 utrum
1236 1842 1279 1885 in
1294 1842 1377 1886 illis
1400 1859 1456 1887 an
1478 1843 1525 1887 in
1541 1844 1631 1889 istis
1649 1846 1703 1891 sit

310 1913 496 1971 nesciat,
522 1921 686 1957 etcum
710 1912 814 1968 scit,
848 1916 975 1970 longe
998 1911 1082 1956 alio
1107 1912 1239 1957 modo
1271 1913 1402 1969 sciat,
1429 1930 1560 1975 quam
1594 1915 1702 1961 dum

307 1986 354 2029 in
367 1984 599 2043 cogitando
614 1993 843 2028 versantur
864 1984 952 2028 sive
966 1993 1204 2028 occurrunt
1222 1983 1528 2030 similitudines
1540 2002 1700 2048 corpo-

310 2071 424 2100 rum.
452 2055 538 2108 Qui
567 2053 723 2099 modus
746 2054 825 2098 nisi
848 2054 903 2098 ab
927 2055 1112 2114 expertis
1135 2055 1229 2114 capi
1249 2065 1492 2117 utcumque
1515 2073 1605 2102 non
1622 2074 1703 2119 po-

309 2135 408 2171 test.
437 2126 550 2169 Hinc
573 2125 689 2169 enim
712 2133 825 2180 erat,
846 2123 967 2185 quod
991 2140 1060 2168 me
1078 2123 1296 2170 dormiens
1313 2127 1358 2170 in
1381 2127 1540 2172 somnis
1553 2128 1702 2174 videre

309 2198 514 2252 sciebam,
534 2213 613 2241 nec
628 2206 774 2241 tamen
788 2195 881 2241 illas
901 2197 1191 2256 corporalium
1209 2212 1353 2242 rerum
1376 2197 1697 2258 similitudines,

311 2284 419 2329 quas
453 2266 653 2311 videbam
667 2303 681 2322 ,
717 2267 774 2311 sic
811 2267 866 2310 ab
898 2267 998 2327 ipsis
1034 2267 1329 2327 corporalibus
1367 2268 1667 2315 discernebam
1685 2307 1697 2328 ,

310 2337 684 2400 quemadmodum
707 2353 775 2381 cas
797 2338 1035 2397 cogitantes
1058 2339 1188 2382 etiam
1216 2338 1370 2384 clausis
1395 2340 1532 2385 oculis
1563 2342 1633 2386 vel
1655 2343 1699 2388 in

310 2410 500 2455 tenebris
518 2411 738 2454 constituti
766 2411 1008 2454 discernere
1030 2409 1232 2455 solemus.
1262 2414 1449 2456 Tantum
1471 2411 1588 2457 valet
1609 2412 1699 2473 ipsa

311 2481 445 2526 animi
478 2481 660 2525 intentio
693 2491 841 2525 utrum
872 2480 1137 2541 perducatur
1163 2498 1300 2542 usque
1330 2481 1384 2526 ad
1420 2498 1567 2527 sensus
1596 2482 1699 2528 liert

312 2551 496 2608 clausos,
523 2569 576 2597 an
601 2553 645 2597 in
668 2553 758 2611 ipso
782 2553 984 2600 cerebro,
1014 2553 1132 2597 unde
1156 2554 1198 2597 in
1221 2554 1314 2597 haec
1346 2553 1524 2607 nititur,
1551 2553 1696 2614 aliqua
