1854 3219
323 249 377 274 DE
410 247 560 274 GENEsl
593 245 647 272 AD
680 244 922 281 LITTERAM,
957 245 1040 271 Lyn.
1077 245 1124 270 11.
1324 233 1402 270 211

517 519 734 570 CAPUT
771 521 903 568 XIV.

35 662 288 730 Quomodo
325 663 586 712 luminaria
619 664 715 710 sint
746 666 796 710 in
826 666 969 728 signa
1008 672 1054 710 et
1085 673 1325 726 tempora,
1364 665 1415 710 in

540 734 642 782 dies
664 745 710 782 et
731 751 900 782 annos.

81 874 297 918 XXVIII.
322 875 457 917 ILLtJD
485 881 632 918 autem
654 873 775 934 quod
801 872 969 918 dictum
996 881 1060 917 est
1075 908 1086 928 ,
1127 891 1148 916 «
1172 874 1231 918 Et
1252 872 1338 917 sint
1366 871 1414 916 in

33 944 192 1004 »signa
207 952 251 988 et
266 952 477 1003 tempora,
501 953 546 988 et
567 944 613 988 in
632 943 738 1000 dies,
763 953 807 989 et
822 944 869 989 in
891 960 1042 1000 annos,
1072 962 1092 986 »
1119 944 1214 1005 quis
1236 959 1328 988 non
1348 942 1414 989 vi·-

31 1014 132 1060 deat
150 1030 283 1076 quam
311 1015 493 1060 obscure
519 1016 711 1076 positum
733 1016 809 1073 sit,
836 1025 992 1078 quarto
1009 1016 1080 1061 die
1102 1016 1283 1076 coepisse
1303 1025 1417 1060 tem-

31 1101 137 1146 pora
152 1121 164 1142 ‚
189 1086 314 1147 quasi
334 1087 531 1147 superius
553 1085 750 1133 triduum
773 1088 863 1132 sine
882 1096 1078 1148 tempore
1096 1087 1318 1148 praeterire
1338 1102 1420 1147 po-

32 1158 189 1203 tuerit?
214 1157 319 1212 Quis
341 1173 443 1218 ergo
465 1159 609 1204 animo
636 1169 834 1220 penetrat
857 1158 1080 1220 quomodo
1111 1158 1177 1203 illi
1209 1168 1295 1204 tres
1327 1158 1421 1203 dies

31 1230 305 1286 transierint,
333 1239 568 1292 antequam
600 1231 843 1293 inciperent
878 1240 1097 1291 tempora,
1129 1246 1229 1291 quae
1263 1238 1421 1291 quarto

33 1299 105 1346 die
127 1300 334 1346 dicuntur
355 1302 545 1362 incipere
561 1338 572 1358 ,
593 1302 664 1348 vel
685 1312 834 1348 utrum
853 1303 1031 1348 omnino
1054 1302 1300 1346 transierint
1332 1300 1423 1345 dies

32 1371 129 1416 illi?
145 1375 215 1417 An
235 1373 346 1418 circa
363 1373 548 1433 speciem
565 1372 692 1420 factae
714 1374 775 1419 rei
790 1373 880 1418 dies
898 1373 1140 1435 appellatus
1157 1373 1225 1429 sit,
1244 1382 1287 1417 et
1306 1373 1432 1417 circa

34 1442 323 1503 privationem
339 1446 456 1489 nox?
477 1454 527 1488 ut
555 1443 753 1490 nondum
773 1446 914 1505 specie
932 1443 1117 1490 formata
1138 1443 1318 1490 materia
1339 1459 1427 1489 nox

36 1513 151 1560 dicta
169 1516 246 1572 sit,
263 1517 382 1561 unde
397 1514 625 1561 formanda
648 1526 771 1563 erant
787 1526 960 1576 caetera,
980 1517 1090 1562 sicut
1111 1526 1255 1578 potest
1271 1533 1426 1578 quam-

35 1588 100 1635 vis
121 1587 168 1633 in
195 1587 324 1634 rebus
343 1587 541 1634 formatis
555 1624 566 1645 ,
589 1587 769 1647 intelligi
788 1597 935 1634 tamen
955 1588 1000 1633 in
1017 1590 1108 1650 ipsa
1130 1588 1424 1634 mutabilitate

35 1658 278 1705 informitas
297 1660 516 1720 materiae,
540 1675 632 1708 non
652 1662 769 1706 enim
797 1661 942 1721 spatiis
960 1662 1032 1708 vel
1063 1662 1264 1708 locorum
1295 1661 1421 1723 quasi

34 1733 267 1789 remotior,
289 1732 362 1780 vel
381 1742 631 1794 temporum
652 1733 776 1794 quasi
804 1734 1017 1791 anterior,
1043 1733 1230 1779 discerni
1259 1742 1419 1794 potest.

36 1805 106 1850 An
124 1803 272 1864 potius
293 1804 340 1849 in
359 1804 452 1864 ipsa
478 1819 524 1848 re
541 1803 654 1850 facta
671 1814 803 1865 atque
819 1804 1007 1851 formata
1025 1805 1179 1851 eadem
1200 1805 1428 1850 mutabili-

39 1887 124 1934 tas,
148 1878 234 1923 hoc
265 1884 330 1920 est
348 1873 601 1931 deficiendi,
632 1884 683 1920 ut
713 1875 773 1920 ita
799 1875 1004 1931 dixerim,
1028 1876 1289 1936 possibilitas
1306 1911 1318 1931 ,
1342 1892 1428 1921 nox

38 1947 254 2009 appellata
270 1947 351 2005 sit,
374 1946 476 2007 quia
487 1947 598 1992 inest
618 1946 749 1991 rebus
765 1945 892 1991 factis
908 1982 920 2002 ‚
943 1947 1111 1994 etiamsi
1134 1963 1225 1993 non
1245 1956 1427 1993 muten-

37 2028 134 2075 tur,
159 2034 286 2079 posse
309 2019 494 2064 mutari?
521 2020 713 2078 Vespera
729 2026 877 2062 autem
899 2027 943 2062 et
957 2033 1087 2062 mane
1103 2034 1194 2063 non
1216 2019 1339 2079 quasi
1352 2034 1429 2079 per

40 2090 245 2153 temporis
269 2089 614 2150 praeteritionem
630 2097 674 2134 et
695 2089 956 2145 adventum,
987 2088 1065 2134 sed
1092 2105 1170 2150 per
1191 2089 1432 2151 quemdam

41 2162 280 2209 terminum
295 2196 307 2219 ,
327 2177 416 2223 quo
433 2160 693 2221 intelligitur
709 2176 941 2222 quousque
959 2162 1015 2206 sit
1035 2169 1205 2206 naturae
1225 2162 1429 2223 proprius

0 2238 2 2294 ζ
41 2232 216 2289 modus,
242 2241 288 2278 et
319 2231 439 2277 unde
465 2232 520 2277 sit
551 2240 720 2277 naturae
747 2231 921 2277 alterius
947 2241 1267 2294 consequenter
1300 2248 1430 2278 exor-

0 2303 1 2309 ’
46 2303 170 2350 dium
189 2323 199 2350 ε
220 2321 277 2350 an
297 2303 442 2366 aliqua
458 2303 542 2350 alia
557 2304 667 2350 ratio
684 2304 738 2350 sit
752 2304 912 2351 horum
927 2304 1165 2351 verborum
1181 2303 1434 2366 diligentius

46 2374 325 2434 vestiganda?

105 2447 271 2490 XXIX.
303 2446 410 2500 Quis
444 2447 491 2490 in
519 2455 693 2491 tantum
719 2456 932 2492 secretum
962 2447 1092 2493 facile
1124 2447 1359 2508 irrumpat,
1391 2455 1436 2492 et

0 2509 7 2579 ’ξ
47 2533 148 2579 quae
165 2517 284 2576 signa
299 2516 431 2574 dicat,
457 2533 559 2563 cum
579 2517 686 2563 dicit
705 2517 760 2563 de
781 2519 995 2564 sideribus
1013 2538 1022 2565 :
1051 2538 1072 2563 «
1096 2521 1154 2565 Et
1175 2520 1262 2565 sint
1282 2520 1330 2563 in
1345 2519 1433 2578 sig-

49 2605 70 2630 »
96 2589 178 2633 na?
202 2606 223 2630 n
264 2589 416 2647 Neque
446 2588 563 2633 enim
584 2587 659 2633 illa
681 2587 812 2643 dicit,
848 2605 948 2650 quae
981 2589 1208 2636 observare
1231 2588 1433 2634 vanitatis

986 2663 992 2665 “
1211 2661 1274 2699 st.

0 2669 11 2725 ἱῖ

0 2727 13 2782 {3

0 2784 13 2830 ¹}
