1854 3219
404 189 483 228 17‘1
823 196 857 225 S·
894 199 1126 226 AUGUSTIM
1159 198 1358 226 EP15COP1.

400 264 672 326 appellatur,
702 279 803 307 nam
829 272 872 307 ct
898 263 1016 308 lunae
1047 263 1123 308 lux
1156 273 1219 307 est
1250 272 1293 307 et
1315 261 1505 307 siderum
1528 269 1572 304 et
1593 260 1796 305 lucerna-

400 352 497 380 rum
520 344 563 379 et
585 335 958 390 coruscationum,
985 344 1028 379 et
1055 349 1332 395 quarumque
1361 347 1507 376 rerum
1529 332 1587 375 ita
1617 330 1796 391 fulgen-

402 408 534 451 tium:
571 405 647 450 sed
681 404 753 449 illa
787 405 864 450 lux
891 404 1137 466 appellatur
1170 405 1283 463 dics,
1309 405 1380 450 cui
1414 420 1501 449 nox
1531 402 1798 463 praecedenti

400 477 712 538 recedentique
741 476 950 522 succedit.

459 551 600 594 XXV.
633 548 717 594 Sed
745 549 780 592 si
814 549 1018 609 primaria
1050 547 1127 593 lux
1158 547 1232 592 ‘illa
1260 545 1457 607 undique
1490 554 1616 590 terrae
1638 544 1800 590 molem

401 620 666 667 circumfusa
689 630 964 676 contexerat,
995 621 1083 666 sive
1106 629 1262 675 staret,
1294 619 1383 663 sive
1405 618 1653 662 circumiret
1670 652 1681 673 ,
1709 632 1801 661 non

403 702 496 738 erat
517 708 568 736 ex
590 708 677 753 qua
699 701 822 752 parte
846 691 1095 736 admitteret
1117 700 1290 736 noctem
1315 689 1397 733 sibi
1419 687 1654 733 succedere
1671 709 1682 746 3
1699 687 1802 748 quia

403 778 622 824 nusquam
638 764 729 822 ipsa
745 762 1023 819 discedebat,
1044 772 1093 807 ut
1115 762 1153 806 ei
1177 761 1339 806 faceret
1360 760 1524 805 locum.
1550 762 1619 804 An
1641 774 1694 803 ex
1715 774 1803 802 una

403 844 525 895 parte
543 833 657 878 facta
680 843 771 878 erat
788 870 798 890 ,
818 843 867 888 ut
884 834 974 893 ipsa
999 833 1281 888 circumiens,
1298 832 1431 876 etiam
1452 840 1629 876 noctem
1651 846 1702 874 ex
1720 828 1803 874 alia

403 915 526 967 parte
550 914 869 966 consequenter
891 905 1119 950 circumire
1143 903 1442 965 permitteret?
1463 905 1577 948 Cum
1597 902 1714 946 enim
1731 910 1802 946 to-

404 987 495 1023 tam
528 988 688 1024 terram
718 978 862 1023 adhuc
893 994 1008 1039 aqua
1035 985 1251 1037 tergeret,
1283 976 1393 1020 nihil
1422 973 1720 1035 impediebat,
1754 982 1807 1018 ut

405 1066 568 1112 aquosa
593 1060 637 1096 et
668 1049 846 1111 globosa
867 1049 1004 1095 moles
1037 1065 1090 1094 ex
1111 1064 1201 1094 una
1227 1057 1351 1109 parte
1373 1046 1536 1092 faceret
1557 1044 1675 1090 diem
1694 1044 1804 1090 lueis

404 1123 635 1183 praesentia
646 1158 657 1179 ,
678 1138 730 1167 ex
750 1122 833 1168 alia
849 1132 1023 1168 noctem
1042 1122 1151 1167 lueis
1168 1120 1366 1166 absentia
1377 1155 1388 1177 ,
1407 1135 1508 1181 quae
1528 1119 1575 1163 in
1592 1133 1689 1163 eam
1705 1133 1808 1178 par-

405 1203 496 1238 tem
510 1193 762 1239 succederet
785 1210 810 1240 a
832 1204 1029 1255 tempore
1042 1193 1289 1254 vespertino
1303 1228 1314 1249 ,
1335 1208 1388 1236 ex
1405 1207 1493 1253 qua
1509 1190 1587 1235 lux
1608 1191 1655 1235 in
1678 1188 1808 1234 aliam

407 1265 662 1310 declinaret.

466 1340 630 1382 XXVI.
657 1341 756 1392 Quo
774 1353 877 1397 ergo
898 1346 1172 1397 congregatae
1190 1345 1294 1381 sunt
1315 1351 1441 1396 aquae
1459 1370 1469 1391 ,
1495 1335 1529 1379 si
1553 1343 1691 1379 totam
1718 1342 1810 1378 ter-

407 1425 501 1452 ram
524 1409 644 1468 prius
667 1418 1017 1469 occupaverant3
1036 1407 1123 1452 illae
1142 1408 1306 1452 scilieet
1327 1422 1427 1465 quae
1449 1406 1658 1448 detractae
1679 1414 1807 1460 sunt,

407 1489 459 1523 ut
481 1489 595 1524 terra
615 1479 873 1534 nudaretur,
901 1479 946 1522 in
964 1493 1098 1538 quam
1120 1486 1291 1537 partem
1315 1485 1587 1535 congregatae
1609 1477 1743 1520 sunt?
1767 1475 1811 1521 Si

409 1551 527 1595 enim
550 1560 642 1595 erat
663 1549 831 1611 aliquid
849 1549 1021 1594 nudum
1041 1559 1181 1605 terrae,
1201 1566 1291 1611 quo
1309 1558 1701 1608 congregarentur3
1721 1549 1811 1608 jam

410 1623 650 1682 apparebat
671 1621 817 1677 arida,
844 1637 925 1666 nec
948 1631 1091 1666 totum
1111 1623 1292 1680 abyssus
1316 1621 1575 1680 occupabat.
1599 1620 1642 1665 Si
1664 1629 1812 1665 autem

411 1704 555 1739 totum
570 1703 767 1738 texerant
780 1715 790 1751 3
806 1694 904 1754 quis
921 1704 1013 1738 erat
1027 1694 1165 1750 locus,
1180 1711 1269 1755 quo
1284 1694 1610 1753 colligerentur,
1622 1702 1672 1738 ut
1687 1702 1813 1738 terrae

410 1766 588 1810 ariditas
629 1768 893 1826 appareret?
923 1766 1255 1826 Numquidnam
1291 1767 1336 1810 in
1367 1765 1505 1810 altum
1539 1774 1813 1825 congregatae

410 1847 539 1892 sunt,
573 1838 685 1881 sicut
712 1837 762 1881 fit
789 1853 886 1881 cum
919 1837 975 1881 ad
1003 1836 1311 1881 ventilandum
1338 1838 1383 1881 in
1412 1853 1508 1881 area
1541 1836 1690 1880 messis
1712 1835 1814 1880 trita

411 1908 668 1968 subrigitur,
707 1918 752 1952 et
786 1917 991 1968 congesta
1019 1909 1064 1953 in
1089 1923 1290 1967 aggerem
1314 1907 1453 1952 nudat
1480 1907 1653 1963 locum,
1680 1923 1814 1968 quem

412 1980 573 2024 diffusa
605 1982 889 2024 contexerat?
912 1980 1018 2032 Quis
1043 1980 1128 2023 hoc
1152 1979 1332 2034 dixerit,
1357 1995 1458 2023 cum
1484 1978 1631 2024 videat
1651 1995 1815 2040 usque-

412 2068 589 2114 quaque
612 2068 788 2112 campos
823 2051 953 2096 maris
981 2051 1259 2112 aequabiliter
1286 2052 1432 2108 fusos,
1462 2052 1538 2112 qui
1560 2052 1690 2096 etiam
1712 2067 1814 2096 cum

412 2141 538 2186 aquae
562 2124 817 2169 fluctuantis
841 2124 1022 2185 quidam
1046 2123 1171 2169 velut
1191 2133 1363 2169 montes
1384 2124 1629 2183 eriguntur,
1655 2123 1814 2168 sedatis

413 2212 561 2240 rursus
583 2195 916 2256 tempestatibus
938 2195 1307 2256 complanantur?
1327 2199 1384 2240 Et
1406 2196 1439 2240 si
1454 2212 1540 2256 qua
1558 2195 1705 2240 littora
1729 2211 1814 2239 nu-

413 2267 576 2313 dantur
607 2267 764 2323 latius,
800 2283 889 2312 non
918 2276 1061 2327 potest
1089 2267 1175 2312 dici
1207 2267 1328 2311 nulla
1361 2283 1452 2312 esse
1479 2266 1561 2311 alia
1598 2277 1813 2312 terrarum

413 2340 549 2400 spatia
565 2375 575 2395 ,
593 2355 681 2400 quo
705 2339 883 2383 accedat
902 2338 947 2382 id
970 2339 1091 2400 quod
1107 2337 1282 2382 aliunde
1297 2337 1494 2394 decedit,
1515 2338 1634 2382 unde
1648 2339 1693 2382 in
1711 2354 1813 2383 eum

413 2410 563 2456 locum
586 2426 637 2455 ex
652 2427 741 2471 quo
760 2419 1016 2465 recesserat,
1042 2411 1201 2454 iterum
1224 2410 1416 2454 accedat.
1445 2412 1558 2455 Cum
1581 2419 1728 2454 autem
1745 2419 1815 2454 to-

416 2492 506 2528 tam
525 2483 706 2529 omnino
729 2491 890 2528 terram
911 2480 1082 2528 undosa
1103 2491 1258 2528 natura
1281 2482 1547 2544 cooperiret,
1572 2498 1662 2544 quo
1684 2480 1814 2528 cede-
