1854 3219
392 133 477 172 416
835 142 869 169 S·
907 143 1136 172 ALIGUS'l'lml
1171 147 1352 173 El'lSCOPl

389 208 635 254 fidelissima
675 208 895 266 Scriptura
927 217 1128 268 testatur3
1154 210 1228 254 sed
1262 226 1311 254 ea
1338 210 1545 266 flumina,
1586 224 1775 272 quorum

388 280 531 324 l'ontcs
552 278 644 322 noti
667 293 755 322 esse
785 277 1009 334 dicuntur,
1038 280 1197 325 alicubi
1221 281 1315 325 iisse
1333 280 1415 324 sub
1439 289 1593 336 terras,
1615 291 1658 325 et
1680 291 1777 341 post

390 359 550 394 tractus
568 349 833 409 prolixarum
857 350 1083 409 regionum
1100 350 1204 396 locis
1227 351 1317 395 aliis
1335 352 1524 411 erupisse
1540 387 1551 407 ,
1576 351 1654 395 ubi
1677 361 1776 396 tan-

388 436 521 481 quam
548 420 595 464 in
623 420 709 464 suis
748 419 944 465 sontibus
969 431 1074 466 nota
1107 438 1196 466 esse
1229 423 1532 482 perhibentur.
1564 425 1673 468 Nam
1694 423 1779 467 hoe

388 492 526 536 solere
551 490 785 535 nonnullas
798 507 930 552 aquas
960 493 1104 538 faeere
1120 528 1131 548 7
1157 493 1254 553 quis
1288 492 1491 552 ignorati)
1512 492 1597 538 Sed
1621 493 1780 538 ibihoc

389 563 522 607 scitur
534 562 611 606 ubi
625 578 714 607 non
729 562 806 607 diu
815 562 896 607 sub
911 563 1239 608 terriscurrunt.
1262 563 1418 607 Exibat
1433 579 1535 623 ergo
1547 563 1713 608 flumen
1725 564 1780 608 de

390 635 516 679 Eden
531 671 542 690 ,
567 634 708 690 idest,
734 634 902 680 deloco
925 635 1179 679 deliciarum
1203 644 1246 679 et
1274 635 1480 693 irrigabat
1501 634 1749 696 paradisum
1765 671 1777 692 ,

390 705 435 749 id
452 715 537 760 est,
554 704 669 764 ligna
688 705 833 750 omnia
858 705 1041 766 pulchra
1059 715 1190 766 atquc
1212 705 1457 762 fructuosa,
1483 723 1582 767 quae
1604 722 1781 751 omnem

392 785 550 820 terram
568 776 752 835 regionis
773 776 888 821 illius
910 777 1167 837 opacabant.

390 934 602 951 QWWVWVVRAA
606 935 1596 952 MMNWQWVQWVQWMWUNMMMMMMMWWNWQNWNW!
1602 935 1782 951 mmmm

887 1056 1106 1106 CAPUT
1145 1059 1280 1106 wn.

391 1201 469 1247 De
492 1200 723 1246 versiculo
745 1207 796 1245 15
820 1201 1063 1246 Geneseos
1086 1221 1134 1246 11.
1161 1203 1247 1247 An
1265 1201 1407 1248 homo
1425 1204 1610 1262 positus
1627 1203 1676 1247 ίη
1694 1217 1786 1261 ρα-

601 1271 765 1317 radiso
788 1281 837 1317 ῑιί
862 1271 1173 1334 agrc'cccltzcrce
1195 1289 1396 1332 operam
1419 1272 1576 1318 claret.

452 1412 549 1454 XV.
575 1429 593 1451 «
613 1411 676 1454 ET
695 1409 880 1469 sumpsit
896 1409 1106 1454 Dominus
1123 1412 1238 1453 Deus
1253 1408 1494 1465 hominem,
1515 1408 1784 1470 quemfecit,

395 1501 414 1522 η
451 1491 494 1526 et
516 1480 661 1542 posuit
683 1496 785 1524 eum
807 1480 852 1524 in
877 1479 1098 1539 paradiso,
1124 1490 1174 1523 ut
1196 1488 1449 1539 operaretur
1467 1489 1511 1523 et
1532 1479 1784 1524 custodiret.

394 1571 414 1593 n
452 1556 507 1596 Et
528 1553 737 1611 prfecepit
755 1551 964 1595 Dominus
986 1554 1101 1595 Deus
1121 1549 1229 1594 Adze
1251 1550 1422 1594 dicens:
1444 1550 1512 1594 Ab
1527 1550 1645 1594 omni
1667 1549 1789 1609 ligno

395 1643 414 1665 »
450 1623 571 1684 quod
594 1633 657 1667 est
680 1624 724 1666 in
746 1621 946 1681 paradiso
964 1637 1060 1666 esca
1078 1622 1178 1665 edes
1195 1642 1206 1678 3
1222 1620 1277 1665 de
1294 1620 1414 1679 ligno
1434 1630 1584 1665 autem
1602 1637 1789 1680 cognos-

395 1714 415 1736 »
451 1694 579 1738 cendi
600 1694 768 1737 bonum
790 1702 833 1736 et
852 1691 1015 1735 malum
1029 1727 1039 1746 ,
1061 1708 1147 1736 11011
1166 1690 1486 1735 manducabitis
1508 1691 1561 1734 de
1578 1691 1669 1736 illo.
1692 1695 1790 1745 Quo
1833 1713 1836 1718 ·

396 1784 415 1806 »
452 1764 521 1808 die
546 1772 693 1807 autem
715 1762 889 1806 ederitis
908 1763 962 1805 ab
988 1778 1039 1806 eo
1057 1797 1067 1817 ,
1089 1771 1229 1807 morte
1251 1761 1512 1805 moriemini.
1542 1780 1562 1802 »
1584 1764 1697 1807 Cum
1714 1778 1791 1806 su-

393 1836 537 1896 perius
576 1834 767 1878 breviter
809 1833 965 1876 dixerit
1004 1835 1143 1877 Deum
1177 1832 1393 1893 plantasse
1426 1832 1675 1892 paradisum
1695 1869 1706 1889 ,
1748 1843 1791 1879 et
1852 1874 1854 1897 3

393 1906 666 1952 constituisse
688 1904 750 1948 ibi
769 1904 1015 1958 hominem,
1041 1919 1173 1963 quem
1196 1903 1393 1958 finxerat,
1421 1903 1722 1963 recapitulavit
1742 1913 1792 1949 ut
1852 1935 1854 1952 :

394 1987 589 2023 narraret
610 1974 835 2037 quomodo
855 1974 908 2018 sit
925 1973 1149 2034 paradisus
1167 1975 1445 2020 constitutus.
1470 1977 1599 2021 Nunc
1622 1990 1725 2034 ergo
1748 1984 1793 2020 et
1852 1991 1854 2027 f

394 2050 505 2094 illud
539 2045 867 2108 recapitulando
907 2047 1264 2091 commemoravit
1282 2082 1292 2102 ‚
1333 2045 1557 2107 quomodo
1591 2046 1653 2090 ibi
1676 2050 1792 2092 Deus
1850 2051 1854 2096 Ξ

394 2121 587 2182 posuerit
608 2119 854 2174 hominem,
880 2133 1014 2178 quem
1032 2117 1150 2162 fecit.
1173 2117 1411 2162 Videamus
1433 2117 1581 2178 itaque
1603 2116 1711 2177 quid
1738 2118 1792 2162 sit
1852 2107 1854 2112 ¹

395 2191 516 2256 quod
539 2191 704 2236 dictum
727 2199 819 2233 est:
860 2208 879 2231 ‹<
902 2190 960 2232 Ut
985 2197 1237 2248 operaretur
1265 2197 1308 2231 et
1341 2187 1595 2232 custodiret.
1628 2208 1645 2229 »
1673 2186 1792 2241 Quid

396 2272 664 2323 operaretur,
691 2270 734 2305 et
757 2259 864 2321 quid
889 2259 1152 2304 custodiret?
1173 2257 1399 2319 Numquid
1421 2257 1534 2302 forte
1552 2257 1791 2317 agricultu-
1851 2277 1854 2280 ·

397 2349 490 2378 ram
515 2333 727 2378 Dominus
757 2330 898 2375 voluit
927 2330 1094 2389 operari
1126 2329 1316 2390 primum
1349 2329 1603 2373 hominem?
1629 2332 1791 2374 Annon

397 2414 461 2450 est
488 2403 725 2458 credibile,
762 2400 883 2463 quod
916 2417 1015 2445 eum
1039 2409 1139 2445 ante
1176 2409 1401 2460 peecatum
1433 2399 1704 2444 damnaverit
1735 2398 1790 2445 ad

397 2477 622 2523 laborem?
645 2478 709 2521 lta
723 2490 825 2520 sane
838 2473 1165 2529 arbitraremur,
1186 2472 1266 2517 nisi
1283 2471 1528 2518 videremus
1551 2487 1650 2516 cum
1671 2480 1790 2517 tanta
