1854 3219
388 236 442 262 nr.
473 236 624 263 cnm-,sl
657 236 712 263 An
743 234 983 275 LiT'rEnAM,
1006 238 1088 264 Lm.
1117 238 1196 264 ΧΠ.
1412 224 1494 262 613

110 296 271 343 multos
283 300 495 359 quosdam
523 299 680 359 gradus
703 301 933 361 quisquam
957 316 1046 345 esse
1075 299 1333 356 contendat,
1366 309 1441 344 aut
1464 301 1497 343 si

109 370 242 429 possit
258 371 471 427 ostendat,
487 386 647 432 eosque
663 372 886 417 distinctos
892 375 1016 433 juxta
1035 372 1224 434 aliquem
1239 380 1496 432 provectum

108 440 244 499 magis
274 442 473 486 minusve
506 440 739 487 illustrium
776 443 1105 488 revelationum.
1143 443 1227 489 Sed
1251 451 1494 503 utcumque

108 524 153 554 se
173 509 253 555 ista
275 511 487 568 habeant,
528 522 572 557 et
605 513 873 573 accipiantur
895 523 946 558 ut
982 513 1116 569 libet,
1142 514 1197 558 ab
1219 512 1305 558 alio
1332 513 1413 570 sic,
1441 513 1496 556 ab

109 580 193 625 alio
222 591 367 627 autem
388 583 468 639 sic,
493 599 573 643 ego
595 584 785 629 visorum
800 584 871 629 vel
891 585 1106 629 visionum
1129 594 1290 644 praeter
1313 586 1392 630 ista
1413 586 1495 630 tria

109 668 291 712 genera,
317 663 393 699 aut
413 670 617 716 corpore,
644 666 719 700 aut
740 657 917 716 spiritu,
945 666 1021 701 aut
1042 665 1217 712 mente,
1248 672 1386 717 usque
1416 656 1496 700 ad-

107 723 195 769 huc
211 724 282 770 vel
302 741 426 771 nosse
444 725 514 772 vel
527 727 789 772 docere-non
810 742 1000 786 possum.
1026 728 1109 772 Sed
1127 736 1235 787 quot
1254 736 1298 771 et
1319 735 1496 788 quantae

107 796 378 855 singulorum
401 814 609 858 generum
642 800 729 844 sint
749 798 1030 854 differentiae,
1068 808 1119 843 ut
1152 799 1198 842 in
1227 814 1496 859 unoquoque

109 867 231 913 aliud
252 868 336 914 alio
353 868 565 929 gradatim
583 868 901 930 superferatur,
923 869 1123 929 ignorare
1144 884 1214 914 me
1236 867 1389 914 fateor.

107 1023 1498 1044 mmmmmmWUM-VWWWUWVWWVQMWRWRNWQMMM

604 1148 821 1199 CAPUT
857 1151 1015 1197 XXX.

108 1290 173 1337 In
195 1291 408 1353 spiritali
437 1309 614 1355 genere
636 1294 830 1339 visionis
843 1330 858 1351 ,
889 1293 992 1339 cilia
1014 1295 1232 1351 visionis,
1268 1292 1371 1339 cilici
1396 1294 1502 1338 visa

432 1366 576 1423 quasi
599 1363 759 1411 divina
771 1402 787 1422 ,
812 1365 915 1411 alia
939 1365 1171 1411 Ιιιιιηαηα.

166 1502 328 1544 LVIII.
357 1502 483 1545 Sicurr
509 1509 657 1545 autem
679 1501 725 1544 in
747 1501 826 1545 ista
858 1500 957 1544 luce
989 1515 1196 1560 corporea
1219 1509 1284 1544 est
1305 1500 1469 1545 coelum
1484 1535 1496 1556 ,

106 1570 230 1632 quod
251 1585 382 1630 super
402 1580 535 1614 terras
565 1571 844 1630 suspicimus,
869 1571 988 1614 unde
1010 1569 1239 1614 luminaria
1270 1570 1436 1615 clarent
1457 1579 1501 1613 et

107 1640 270 1695 sidera,
295 1655 396 1700 quae
429 1655 611 1700 corpora
634 1640 764 1699 longe
786 1649 889 1684 sunt
910 1639 1090 1685 meliora
1112 1641 1388 1685 terrestribus
1408 1660 1417 1686 :
1441 1641 1500 1684 sic

108 1711 155 1755 in
175 1710 251 1754 illo
278 1724 435 1768 genere
462 1709 670 1770 spiritali,
703 1711 748 1753 in
774 1725 862 1770 quo
887 1710 1094 1754 videntur
1121 1726 1355 1771 corporum
1383 1711 1500 1754 simi-

107 1779 316 1825 litudines
339 1780 436 1824 luce
457 1780 649 1840 quadam
670 1779 932 1839 incorporali
966 1795 1014 1824 ac
1045 1796 1121 1824 sua
1139 1815 1149 1835 ,
1175 1790 1277 1824 sunt
1297 1781 1500 1841 quaedam

109 1849 365 1895 excellentia
382 1860 425 1894 et
436 1851 591 1894 merito
606 1849 768 1904 divina,
785 1866 885 1910 quae
901 1850 1370 1910 demonstrantAngeli
1383 1851 1501 1895 miris

108 1921 275 1978 modis,
294 1930 445 1965 utrum
469 1921 558 1966 visa
579 1937 655 1965 sua
679 1920 797 1965 facili
819 1920 1009 1981 quadam
1031 1930 1074 1965 et
1095 1922 1355 1981 praepotenti
1377 1923 1502 1982 junc-

110 1994 229 2039 tione
241 1993 312 2038 vel
325 1993 632 2038 commixtione
646 1992 777 2036 etiam
794 2002 940 2036 nostra
955 2008 1044 2037 esse
1059 1991 1281 2048 facientes,
1299 2010 1354 2038 an
1369 1995 1505 2039 seien-

111 2073 175 2109 tes
196 2063 342 2108 nescio
363 2063 588 2124 quomodo
617 2072 808 2107 nostram
829 2063 876 2106 in
899 2064 1056 2123 spiritu
1089 2073 1237 2117 nostro
1267 2063 1504 2109 informare

110 2135 320 2181 visionem
337 2171 348 2190 ,
379 2133 566 2179 difficilis
586 2143 820 2194 perceptu,
853 2143 896 2178 et
924 2134 1144 2179 difficilior
1177 2134 1300 2179 dictu
1322 2151 1388 2180 res
1423 2145 1500 2180 est.

115 2209 226 2252 Sunt
254 2215 401 2250 autem
421 2204 503 2250 alia
521 2206 611 2250 visa
625 2206 782 2250 usitata
805 2215 848 2250 et
865 2206 1058 2250 humana
1073 2242 1083 2261 ,
1110 2222 1210 2266 quee
1230 2207 1318 2251 sive
1339 2222 1390 2250 ex
1412 2207 1504 2267 ipso

112 2276 266 2336 spiritu
288 2285 437 2322 nostro
461 2275 762 2336 multipliciter
784 2276 1002 2332 existunt,
1028 2277 1115 2321 sive
1139 2292 1191 2320 ex
1212 2292 1392 2336 corpore
1416 2278 1504 2337 spi-

113 2347 215 2391 ritui
237 2345 430 2407 quodam
442 2348 575 2391 modo
588 2356 897 2405 suggeruntur,
922 2347 1033 2392 sicut
1045 2346 1254 2391 fuerimus
1269 2347 1413 2391 affecti
1436 2348 1507 2393 vel

115 2432 245 2462 carne
264 2416 333 2462 vel
351 2419 510 2463 animo.
526 2420 625 2462 Non
641 2417 781 2463 solum
797 2418 913 2461 enim
930 2417 1157 2475 vigilantes
1173 2418 1371 2462 homines
1384 2433 1509 2462 curas

116 2503 213 2532 suas
227 2488 460 2547 cogitando
470 2498 644 2534 versant
656 2488 700 2532 in
713 2487 1068 2533 similitudinibus
1081 2503 1509 2548 corporum,verum-

117 2557 247 2603 etiam
269 2558 534 2605 dormientes
548 2560 632 2605 hoc
646 2574 760 2619 saepe
776 2559 1019 2612 somniant,
1043 2574 1132 2617 quo
1150 2557 1345 2614 indigent
1371 2578 1377 2601 z
1405 2573 1505 2602 nam
