1854 3219
327 221 413 259 :252
764 230 798 255 s.
837 226 1067 256 Auens-mm
1100 229 1278 257 EPIscom

321 297 397 342 scd
424 296 645 355 Scriptura
668 294 942 354 proeterniisit
961 295 1045 340 hoc
1074 293 1241 350 dicere,
1263 304 1312 339 ut
1341 293 1451 338 illud
1480 293 1624 354 potius
1648 295 1716 338 di-

320 377 436 413 ceret
455 365 577 427 quod
599 364 815 420 futurum,
841 363 1007 426 aliquid
1025 365 1355 425 praenuntiaret.
1382 367 1481 410 Non
1501 365 1617 408 enim
1641 364 1719 409 fal-

325 454 421 483 sum
437 438 492 481 de
508 435 584 481 illo
603 435 770 480 dietum
782 445 861 480 est.
880 436 964 490 Qui
984 436 1098 480 enim
1112 435 1361 495 singillatim
1374 436 1516 481 honus
1533 446 1612 491 est,
1631 452 1720 481 nia-

321 511 383 569 gis
397 509 550 568 utique
564 523 668 552 cum
682 507 886 552 omnibus
900 507 1041 552 bonus
1055 517 1132 552 est.
1146 511 1244 553 Non
1258 516 1405 551 autem
1420 506 1599 568 quando
1617 523 1719 552 cum

320 581 526 626 omnibus
560 581 702 624 bonus
737 588 816 631 est‚
843 580 1040 641 sequitur
1067 589 1116 625 ut
1139 579 1269 623 etiam
1293 578 1545 638 singillatim
1577 579 1720 624 honus

320 653 388 697 sit.
416 651 694 697 Moderatum
718 659 782 695 est
804 651 951 711 itaque
976 660 1026 695 ut
1052 650 1098 695 id
1127 650 1372 708 diceretur3
1397 649 1517 711 quod
1536 651 1580 694 in
1603 666 1719 710 prae-

320 725 431 769 senti
449 740 602 769 verum
620 732 744 778 esset,
762 732 805 768 et
821 724 1138 783 praescientiam
1156 723 1417 781 significaret
1435 722 1588 767 futuri.
1605 726 1720 767 Deus

321 797 438 840 enim
462 805 720 840 naturarum
742 795 931 855 optimus
957 795 1174 850 conditor,
1201 794 1481 855 peccantium
1503 809 1607 839 vero
1625 795 1721 854 jus-

324 868 512 911 tissimus
547 866 770 911 ordinator
799 875 890 924 θεῖς
914 876 965 911 ut
987 866 1117 910 etiam
1150 866 1183 909 si
1215 881 1302 926 qua
1334 864 1588 923 singillatim
1610 865 1723 909 fiunt

320 937 619 998 delinquendo
642 937 871 993 deformia,
891 953 1061 997 semper
1079 946 1229 981 tamen
1257 952 1360 981 cum
1381 936 1441 981 eis
1464 936 1722 981 universitas

318 1008 502 1069 pulchra
523 1010 591 1053 sit.
621 1009 705 1054 Sed
722 1010 814 1068 jam
837 1024 886 1054 oa
914 1025 1015 1070 quae
1036 1018 1284 1070 sequuntur
1302 1009 1348 1054 in
1371 1008 1576 1070 sequenti
1593 1007 1722 1054 volu-

321 1095 440 1124 mine
462 1089 797 1140 pertractemus.
