1854 3219
201 213 257 241 DE
289 208 442 241 cnm-:81
474 209 529 239 An
561 207 801 249 LnrrEnAM,
837 208 1125 238 mrum-uerus
1156 210 1239 238 Lm.
1338 199 1414 236 121

41 292 198 339 aquam
220 293 323 324 vero
344 277 462 321 unde
480 285 746 337 operaretur,
768 275 1059 335 intelligamus
1075 310 1086 330 ,
1111 272 1157 319 id
1178 283 1256 330 est,
1281 283 1421 319 mate-

39 348 148 393 riam
179 346 492 393 fabricabilem.
517 349 630 393 Cum
651 347 767 392 enim
789 346 869 391 ista
890 347 972 391 tria
999 346 1183 391 dicimus
1209 347 1338 390 unius
1361 346 1423 390 rei

39 420 216 464 nomina
230 454 241 474 ,
261 418 439 463 materia
455 417 635 474 mundi,
657 417 836 462 materia
855 415 1072 473 informis,
1091 417 1272 462 materia
1293 416 1425 461 fabri-

39 489 211 546 cabilis,
245 490 404 535 horum
425 489 566 550 primo
587 488 752 534 nomini
780 489 892 532 bene
922 487 1174 549 adjungitur
1195 487 1359 532 coelum
1381 497 1424 532 et

39 569 176 620 terra3
199 559 391 606 secundo
418 561 681 616 obscuritas,
714 559 933 615 confusio,
961 558 1235 620 profunditas
1252 594 1262 614 ‚
1298 568 1423 603 tene-

39 631 153 690 brae,
177 631 306 677 tertio
327 630 510 676 cedendi
532 629 738 687 facilitas,
763 631 833 676 cui
849 631 940 694 jam
963 631 1019 676 ad
1040 627 1311 691 operandum
1337 630 1424 690 spi-

39 701 147 746 ritus
168 701 438 762 superfertur
452 702 639 747 artificis.

97 775 218 817 XVI.
244 792 264 816 «
287 776 346 817 Et
369 773 550 833 Spiritus
572 773 650 817 Dei
674 771 1026 832 superferebatur
1047 788 1175 833 super
1198 787 1372 833 aquam.
1400 789 1421 813 »

37 845 136 890 Non
151 843 210 888 ita
226 842 576 904 superferebatur
593 844 704 889 sicut
726 844 872 889 oleum
891 860 1015 905 aquae
1029 881 1040 900 ,
1061 844 1130 889 vel
1144 861 1255 905 aqua
1273 853 1399 888 terrae
1411 879 1422 900 ,

7 916 9 918 ’
38 912 83 958 id
106 923 191 969 est,
224 914 348 975 quasi
374 915 693 973 contineretur,
723 915 820 971 sed,
856 915 890 959 si
914 914 969 959 ad
996 916 1079 960 hoc
1110 914 1164 958 de
1185 914 1426 959 visibilibus

38 984 236 1045 exempla
257 985 467 1045 capienda
483 995 608 1042 sunt,
630 986 741 1031 sicut
758 979 1026 1047 superfertur
1038 986 1114 1030 lux
1128 986 1208 1031 ista
1228 984 1327 1030 solis
1351 994 1428 1029 aut

38 1056 156 1102 lunae
177 1057 244 1101 his
278 1058 532 1117 corporibus
546 1093 557 1113 ,
591 1048 691 1118 quae
712 1057 932 1102 illuminat
958 1059 1004 1102 in
1025 1067 1139 1102 terra
1162 1077 1170 1102 :
1196 1073 1287 1102 non
1308 1056 1426 1100 enim

37 1128 286 1173 continetur
304 1127 413 1186 illis,
435 1127 510 1173 sed
531 1145 632 1174 cum
655 1128 768 1174 coelo
785 1130 1076 1184 contineatur,
1100 1129 1188 1173 istis
1212 1127 1426 1188 superfer-

37 1197 192 1244 fertur.
220 1202 330 1243 Item
351 1200 598 1244 cavendum
619 1210 682 1245 est
697 1236 708 1256 ,
734 1216 789 1244 ne
811 1200 933 1261 quasi
959 1200 1156 1245 locorum
1180 1199 1325 1259 spatiis
1350 1199 1427 1243 Dei

40 1270 247 1329 Spiritum
269 1269 503 1330 superferri
523 1272 714 1315 materiae
732 1281 959 1331 putemus,
986 1271 1061 1315 sed
1079 1271 1123 1315 vi
1145 1270 1335 1331 quadam
1359 1270 1427 1314 ef-

37 1338 216 1386 fectoria
237 1349 281 1385 et
305 1339 600 1397 fabricatoria,
621 1341 797 1386 utillud
820 1343 889 1386 cui
902 1341 1173 1402 superfertur
1193 1343 1424 1397 efficiatur,

38 1420 82 1456 et
112 1409 370 1468 fabricetur,
405 1411 516 1456 sicut
547 1411 818 1472 superfertur
839 1412 1042 1456 voluntas
1078 1413 1252 1457 artificis
1284 1412 1424 1471 ligno,

37 1480 107 1527 vel
133 1481 292 1543 cuique
323 1482 385 1526 rei
411 1481 618 1543 subjectae
653 1482 708 1527 ad
741 1482 1011 1543 operandum
1028 1519 1038 1538 ,
1068 1483 1139 1528 vel
1168 1484 1299 1528 etiam
1327 1484 1445 1543 ipsis

37 1550 243 1596 membris
265 1552 457 1612 corporis
478 1553 543 1597 sui
559 1589 570 1609 ‚
595 1569 695 1615 quae
710 1553 766 1598 ad
787 1553 1058 1614 operandum
1075 1563 1236 1600 movet.
1259 1557 1315 1599 Et
1334 1555 1428 1599 hacc

38 1622 276 1670 similitudo
305 1639 406 1668 cum
430 1625 523 1685 jam
544 1626 598 1670 sit
619 1626 738 1670 omni
765 1641 945 1686 corpore
968 1625 1261 1682 excellentior,
1296 1641 1428 1686 parva

38 1704 102 1740 est
118 1704 266 1740 tamen
280 1730 291 1751 ,
317 1705 360 1740 et
378 1711 515 1756 prope
536 1696 645 1741 nihil
663 1697 719 1741 ad
741 1697 1070 1757 intelligendam
1091 1697 1428 1758 superlationem

42 1766 224 1825 Spiritus
239 1766 340 1822 Dei,
356 1766 550 1827 sub-{ecta
573 1767 655 1811 sibi
672 1767 727 1812 ad
747 1769 1020 1827 operandum
1044 1768 1198 1813 mundi
1218 1769 1398 1813 materia
1416 1788 1425 1813 ε

39 1836 115 1881 sed
136 1852 226 1881 non
247 1836 492 1881 invenimus
509 1837 821 1884 evidentiorem
839 1839 1165 1884 similitudinem
1184 1849 1228 1884 et
1247 1840 1429 1900 propin-

40 1908 239 1969 quiorem
259 1908 346 1964 rei,
371 1908 426 1953 de
443 1925 530 1969 qua
550 1908 789 1970 loquimur,
809 1911 855 1954 in
878 1911 926 1955 iis
949 1911 1079 1956 rebus
1097 1927 1195 1971 quae
1214 1911 1268 1955 ab
1291 1911 1430 1955 homi-

41 1980 170 2024 nibus
181 1980 596 2042 quomodocumque
611 1983 707 2042 capi
718 1992 914 2043 possunt.
936 1986 1212 2043 Quapropter
1224 1983 1269 2026 in
1282 1983 1430 2043 hujus-

0 2116 1 2121 1
39 2049 160 2095 modi
181 2050 442 2109 cogitatione
460 2052 623 2111 optime
640 2052 751 2097 illud
768 2064 1035 2114 praeceptum
1053 2054 1287 2110 tenebitur,
1310 2053 1431 2115 quod

41 2121 250 2181 scriptum
266 2131 356 2180 est3
381 2141 401 2165 «
417 2122 729 2168 Benedicentes
752 2128 914 2180 Deum,
936 2125 1120 2170 exaltate
1139 2124 1264 2170 illum
1287 2126 1431 2186 quan-

44 2208 65 2232 »
99 2201 388 2253 tumcumque
424 2194 678 2253 potuemus
721 2196 944 2255 superabit
978 2206 1020 2240 ct
1052 2196 1245 2240 adhuc&
1285 2217 1302 2238 »
1338 2199 1431 2240 Hoc

43 2273 188 2307 autem
205 2264 373 2309 dictum
390 2266 464 2320 sit,
479 2266 607 2310 sihoc
620 2265 717 2311 loco
738 2267 920 2326 Spiritus
939 2268 1015 2312 Dei
1036 2268 1219 2328 Spilitus
1237 2278 1428 2323 sanctus,

42 2349 174 2394 quem
194 2334 240 2378 in
269 2335 360 2395 ipsa
381 2336 592 2381 ineffabili
615 2347 657 2381 et
691 2337 1038 2383 incommutabili
1063 2340 1272 2384 Trinitate
1293 2355 1428 2384 vene-

43 2406 473 2465 ramtu,accipitu1.-

101 2440 245 2519 XVII.
284 2478 431 2521 Potest
469 2487 614 2523 autem
651 2487 695 2524 et
729 2478 853 2524 aliter
895 2479 1103 2540 intelligi,
1141 2491 1190 2526 ut
1224 2481 1432 2541 Spiritum

92 2565 102 2583 ¹
124 2560 219 2593 Eccli.
248 2572 333 2603 xmu,
349 2562 402 2594 32.
