1854 3219
318 262 371 291 uz
402 261 552 290 unumst
585 259 640 289 Au
672 259 916 297 ιιτΤΕιιΑΜ,
951 261 1033 288 Lus.
1070 261 1135 287 ιιι.
1347 248 1431 287 225

52 397 867 419 mmmmmmmm
871 398 1436 417 mmmmmmm

601 508 818 561 CAPUT
854 510 913 560 V.

64 642 129 691 Ut
148 642 221 690 ad
234 651 444 705 quatuor
462 641 700 690 elementa
722 642 857 688 varie
877 657 930 688 se
951 640 1098 689 habet
1117 641 1354 690 sentiendi
1371 643 1440 687 vis

485 715 534 760 in
554 714 762 776 quinque
782 714 1012 760 sensibus.

117 854 217 897 VII.
250 854 433 907 QUANTO
468 860 614 896 autem
653 850 850 913 quidque
882 851 1083 896 subtilius
1115 861 1179 897 est
1209 851 1255 896 in
1288 861 1443 898 natura

57 922 292 984 corporali,
326 932 448 968 tanto
484 931 548 968 est
580 922 762 967 vicinius
799 931 967 968 naturae
1008 923 1211 983 spiritali3
1247 925 1444 985 quamvis

57 994 188 1054 longe
215 993 402 1041 distante
429 1009 611 1054 genere,
636 993 998 1056 quandoquidem
1034 994 1146 1040 illud
1169 1011 1327 1055 eorpus
1357 1005 1443 1051 est,

58 1064 169 1109 illud
190 1081 279 1110 non
301 1074 379 1110 est.
405 1068 468 1110 Ac
490 1079 566 1125 per
591 1064 673 1110 hoc
695 1065 902 1126 quoniam
926 1065 1084 1110 sentire
1107 1081 1195 1110 non
1215 1075 1278 1110 est
1295 1082 1448 1126 eorpo-

61 1135 137 1191 ris,
166 1135 243 1180 sed
269 1136 425 1180 animae
445 1151 524 1196 per
545 1150 724 1195 coerS‚
754 1134 856 1180 licet
880 1144 1006 1180 acute
1035 1135 1268 1181 disseratur
1289 1153 1447 1182 sccun-

59 1203 166 1250 dum
187 1206 479 1250 diversitatem
507 1221 816 1265 corporeorum
848 1205 1165 1251 elementorum
1187 1223 1335 1251 sensus
1359 1222 1448 1252 esse

60 1276 250 1336 corporis
271 1276 540 1331 distributos,
567 1276 708 1319 anima
734 1284 877 1319 tamen
909 1276 979 1320 eui
1001 1277 1216 1322 sentiendi
1240 1279 1300 1323 vis
1318 1278 1444 1330 inest,

61 1363 161 1391 cum
183 1362 391 1406 corporea
414 1362 503 1391 non
521 1347 590 1402 sit,
611 1362 687 1406 per
704 1346 905 1390 subtilius
923 1363 1079 1406 eorpus
1098 1348 1232 1407 agitat
1255 1349 1448 1407 vigorem

59 1416 291 1462 sentiendi.
321 1417 504 1461 Inchoat
535 1416 683 1476 itaque
714 1425 882 1460 motum
913 1417 957 1460 in
986 1418 1189 1461 omnibus
1215 1419 1410 1462 sensibus
1428 1434 1451 1462 a

61 1487 302 1534 subtilitate
328 1487 460 1546 ignis,
486 1485 561 1530 sed
583 1501 673 1530 non
704 1486 748 1529 in
772 1486 974 1531 omnibus
998 1487 1053 1531 ad
1086 1487 1201 1532 idem
1238 1490 1447 1548 pervenit.

64 1561 116 1603 In
137 1558 233 1603 visu
259 1557 375 1602 enim
399 1556 599 1617 pervenit
631 1571 822 1616 represso
850 1556 993 1601 calore
1021 1574 1159 1618 usque
1185 1559 1240 1602 ad
1268 1560 1360 1618 ejus
1388 1559 1455 1603 ln-

63 1643 172 1673 cem.
200 1631 252 1672 In
272 1627 426 1672 auditu
456 1641 594 1687 usque
619 1626 675 1670 ad
696 1626 973 1687 liquidiorem
1005 1632 1148 1672 aerem
1171 1629 1313 1673 calore
1342 1630 1453 1689 ignis

64 1708 276 1760 penetrat.
297 1701 349 1743 In
371 1698 537 1743 olfactu
558 1706 704 1742 autem
730 1698 884 1742 transit
913 1702 1055 1743 aerem
1079 1715 1262 1759 purum,
1288 1710 1332 1744 et
1352 1717 1455 1761 pcr-

64 1769 184 1814 venit
204 1770 259 1813 ad
277 1767 505 1814 humidam
536 1766 852 1811 exhalationem
866 1803 876 1822 ,
902 1768 1019 1813 unde
1041 1771 1218 1815 crassior
1240 1771 1333 1815 haee
1349 1787 1452 1815 aura

66 1839 276 1884 subsistit.
309 1841 362 1883 In
390 1847 520 1898 gustu
548 1846 592 1881 et
620 1837 732 1881 hane
757 1839 929 1893 transit,
955 1849 994 1882 et
1016 1842 1214 1898 pervenit
1237 1857 1375 1902 usqne
1398 1841 1455 1886 ad

65 1909 296 1954 humorem
339 1907 733 1969 corpulentiorem:
772 1924 861 1968 quo
896 1909 1024 1952 etiam
1066 1920 1290 1969 penetrato
1322 1922 1454 1972 atque

67 1981 268 2041 trajecto,
292 1995 392 2025 cum
411 1978 468 2024 ad
488 1989 703 2024 terrenam
727 1980 983 2039 gravitatem
1008 1982 1227 2040 pervenit,
1251 1983 1456 2042 tangendi

68 2049 272 2096 ultimum
292 2064 468 2096 sensum
487 2049 591 2110 agit.

304 2672 406 2701 exn.
1225 2668 1267 2703 17,
