1854 3219
424 145 510 186 446
845 155 879 183 s.
915 154 1146 186 Aucuscrmi
1179 159 1359 187 Episcopi

422 224 631 284 adjuvant
652 222 875 276 lectorem,
903 240 1001 284 quae
1024 225 1069 269 in
1086 223 1205 270 libris
1227 222 1520 285 superioribus
1541 222 1812 267 considerata

421 304 554 354 atquc
575 292 818 353 conscripta
839 303 962 351 sunt,
994 312 1084 341 non
1116 295 1324 340 debemus
1357 294 1403 338 in
1434 294 1519 339 hoc
1544 292 1707 338 diutius
1728 293 1812 336 im-

420 363 601 420 morari,
631 383 652 406 «
672 363 804 416 Quod
826 364 950 409 finxit
972 365 1114 411 adhuc
1140 370 1254 412 Deus
1272 364 1327 409 dc
1348 374 1461 410 terra
1483 379 1632 409 omnes
1654 362 1812 407 bestias

420 453 442 476 »
463 434 575 493 agri,
601 443 644 478 et
678 434 825 479 omnia
846 434 1036 480 volatilia
1061 437 1161 483 coeli
1187 457 1196 482 :
1226 458 1244 479 »
1285 452 1364 482 cur
1386 436 1500 480 enim
1524 434 1693 479 dictum
1716 433 1771 478 sit
1799 449 1808 475 z

424 526 444 549 «
457 507 630 562 Adhuc,
640 525 659 547 »
672 506 717 550 id
731 516 992 568 cst,propter
1004 509 1189 569 primam
1204 508 1502 554 conditionem
1516 516 1814 552 creaturarum

416 592 489 621 sex
509 576 664 622 diebus
685 588 1046 635 consummatam,
1067 580 1112 624 in
1132 595 1219 640 qua
1241 577 1475 624 causaliter
1497 577 1692 638 perfecta
1712 585 1815 621 sunt

418 649 565 693 omnia
585 647 715 693 simul
728 658 772 693 et
791 649 1010 706 inchoata,
1032 660 1082 695 ut
1097 649 1257 695 deinde
1272 649 1328 695 ad
1345 650 1528 695 effectus
1549 665 1650 694 suos
1672 663 1815 694 causae

419 718 781 780 perducerentur,
802 721 893 781 jam
915 731 1132 782 quantum
1148 721 1388 782 potuimus,
1409 721 1455 765 in
1467 719 1816 782 praecedentibus

417 791 756 837 intimavimus¹.
778 795 836 837 Et
856 793 889 838 si
910 794 1006 855 quis
1019 794 1103 838 hoc
1118 792 1241 838 aliter
1258 791 1541 838 enodandum
1559 800 1701 853 putat,
1722 800 1816 836 tan-

418 872 513 908 tum
531 863 764 923 diligenter
778 865 975 910 attendat
992 864 1065 909 illa
1084 865 1246 922 omnia,
1269 881 1369 926 quae
1386 874 1436 909 ut
1452 865 1538 910 hoc
1557 864 1817 908 sentiremus

417 934 705 993 attendimus,
737 946 781 981 et
803 936 836 980 si
864 935 1208 996 probabiliorem
1235 936 1338 980 inde
1365 936 1560 996 potuerit
1586 933 1817 980 enucleare

416 1006 699 1063 sententiam,
725 1023 814 1052 non
833 1006 975 1052 solum
991 1008 1186 1053 resistere
1203 1023 1294 1053 non
1321 1007 1554 1064 debemus,
1579 1007 1655 1052 sed.
1678 1005 1815 1050 debe-

419 1093 516 1122 mus
534 1078 666 1121 etiam
686 1078 908 1136 gratulari.

481 1152 539 1193 II.
564 1149 606 1194 Si
622 1165 754 1209 quem
769 1160 917 1194 autem
934 1160 1096 1206 movet,
1118 1151 1223 1210 quia
1237 1165 1329 1195 non
1344 1149 1452 1194 dixit
1469 1169 1477 1194 ;
1498 1169 1519 1191 ι(
1540 1149 1685 1194 Finxit
1700 1151 1815 1193 Deus

420 1221 565 1266 adhuc
585 1220 639 1265 de
662 1231 775 1266 terra
798 1238 948 1266 omnes
969 1222 1128 1267 bestias
1146 1222 1237 1281 agri
1256 1257 1267 1278 ,
1293 1231 1337 1266 et
1358 1221 1413 1266 de
1436 1221 1558 1283 aquis
1580 1221 1727 1266 omnia
1741 1236 1815 1265 vo-

419 1291 556 1337 latilia
566 1291 685 1349 coeli,
700 1293 810 1338 »sed
824 1303 1035 1354 tanquam
1049 1302 1236 1354 utraque
1250 1309 1408 1352 genera
1421 1292 1476 1337 dc
1492 1302 1605 1337 terra
1616 1291 1789 1336 finxerit
1805 1310 1815 1335 :

422 1383 444 1406 «
470 1367 527 1408 Et
549 1364 694 1420 finxit,
720 1365 891 1426 inquit,
933 1368 1049 1409 Deus
1073 1363 1217 1409 adhuc
1240 1363 1295 1408 de
1333 1374 1447 1409 terra
1477 1379 1629 1409 omnes
1661 1362 1819 1407 bestias

422 1453 443 1477 »
471 1435 591 1494 agri,
621 1445 664 1480 et
692 1436 840 1481 omnia
868 1435 1063 1481 volatilia
1091 1435 1195 1480 coeli
1223 1451 1232 1477 z
1260 1454 1281 1477 »
1312 1435 1459 1481 videat
1484 1435 1657 1480 duobus
1678 1432 1821 1478 modis

417 1522 509 1552 esse
530 1506 868 1567 intelligendum
884 1542 896 1563 ,
924 1517 1001 1552 aut
1022 1508 1207 1552 tacuisse
1225 1523 1343 1552 nunc
1369 1505 1489 1552 unde
1506 1506 1679 1553 finxerit
1697 1504 1819 1551 vola-

420 1577 511 1623 tilia
537 1578 661 1634 coeli,
698 1578 801 1638 quia
828 1587 873 1622 et
900 1578 1085 1623 tacitum
1106 1588 1253 1638 posset
1274 1594 1527 1634 occurrere,
1558 1587 1610 1622 ut
1637 1593 1729 1623 non
1764 1576 1820 1620 de

419 1658 533 1694 terra
547 1658 789 1710 utrumque
806 1649 1043 1709 accipiatur
1059 1652 1200 1694 Deum
1217 1649 1405 1705 finxisse,
1421 1648 1498 1693 sed
1511 1647 1820 1693 tantummodo

419 1721 578 1766 bestias
620 1720 735 1780 agri,
771 1730 822 1765 ut
862 1719 1056 1765 volatilia
1090 1720 1191 1765 coeli
1224 1721 1357 1765 etiam
1386 1729 1558 1766 tacente
1589 1720 1820 1781 vScriptura

420 1791 718 1852 intelligamus
748 1790 868 1837 unde
890 1792 1089 1849 finxerit,
1128 1791 1251 1838 velut
1280 1792 1357 1853 qui
1377 1792 1585 1848 sciamus,
1613 1791 1660 1835 in
1681 1791 1820 1852 prima

420 1863 665 1910 causalium
683 1865 900 1910 rationum
920 1862 1174 1910 conditione
1186 1880 1237 1909 ex
1255 1866 1380 1926 aquis
1398 1880 1448 1910 ea
1466 1880 1556 1910 esse
1574 1856 1816 1925 producta:

421 1946 498 1982 aut
514 1946 675 1982 terram
694 1935 997 1982 universaliter
1016 1937 1075 1982 sic
1099 1935 1362 1997 appellatam
1389 1936 1520 1982 simul
1540 1952 1643 1982 cum
1665 1935 1788 1997 aquis
1805 1970 1816 1991 ,

420 2008 795 2069 quemadmodum
809 2008 1027 2070 appellata
1044 2018 1108 2054 est
1119 2008 1167 2053 in
1179 2007 1257 2054 illo
1271 2008 1463 2065 Psalmo,
1479 2008 1558 2053 ubi
1574 2008 1821 2054 coelestium

420 2078 628 2125 laudibus
651 2080 907 2136 terminatis,
933 2079 990 2125 ad
1010 2089 1171 2125 terram
1192 2078 1305 2125 facta
1321 2088 1385 2124 est
1407 2080 1632 2126 conversio
1652 2094 1820 2124 sermo-

422 2151 512 2207 nis,
537 2161 582 2196 et
604 2150 774 2197 dictum
801 2171 810 2197 :
839 2170 857 2193 «
891 2150 1088 2196 Laudate
1104 2151 1344 2196 Dominum
1364 2150 1419 2195 de
1442 2160 1578 2207 terra,
1609 2151 1820 2196 dracones

424 2240 446 2264 »
467 2232 510 2267 et
522 2239 672 2268 omnes
686 2224 830 2282 abyssi
843 2225 877 2280 2,
893 2232 976 2268 etc.
996 2242 1017 2266 >›
1033 2239 1113 2268 nec
1125 2233 1276 2284 postea
1290 2223 1459 2268 dictum
1472 2232 1559 2283 est,
1581 2241 1602 2266 «
1625 2221 1821 2267 Laudate

426 2313 448 2337 >›
473 2296 709 2341 Dominum
734 2296 788 2341 de
809 2296 931 2357 aquis
959 2315 967 2341 :
991 2314 1011 2338 »
1033 2296 1095 2341 ibi
1117 2297 1233 2341 enim
1249 2305 1352 2341 sunt
1369 2311 1520 2341 omnes
1541 2295 1699 2353 abyssi,
1719 2309 1821 2355 quae

422 2375 572 2412 tamen
593 2366 648 2411 de
678 2377 790 2412 terra
822 2366 1006 2413 laudant
1028 2368 1279 2413 Dominum.
1307 2367 1375 2411 Ibi
1408 2367 1539 2412 etiam
1573 2365 1744 2426 reptilia
1776 2373 1820 2409 et

420 2438 613 2484 volatilia
635 2448 851 2500 pennata,
877 2456 976 2501 quae
994 2439 1278 2485 nihilominus
1298 2438 1354 2485 de
1386 2448 1501 2484 terra
1520 2437 1706 2484 laudant
1726 2440 1818 2483 Do-

469 2524 603 2559 ¹1nlib.
622 2536 668 2568 vi,
683 2536 757 2570 cap.
771 2528 803 2560 5.
824 2542 867 2550 -
887 2532 901 2550 ²
915 2525 996 2560 Psal.
1013 2536 1144 2570 chvm,
1165 2536 1196 2569 7.
