1854 3219
341 257 394 284 DE
426 253 576 283 omum
609 254 665 281 An
697 254 938 294 LITTERAM,
973 257 1054 284 mn.
1091 258 1170 284 ΧΗ.
1364 247 1447 287 585

65 330 235 378 semper
255 319 485 380 adjuvatur
502 328 552 363 ut
569 320 736 380 possit?
757 322 869 365 Cum
896 336 999 380 ergo
1033 321 1283 382 adjuvatur,
1324 339 1448 368 num-

64 389 171 448 quid
188 405 212 434 a
232 389 356 435 nullo
381 399 457 435 aut
467 405 490 434 a
504 405 685 449 corpore
698 390 754 434 ad
770 391 853 435 hoc
868 391 1061 452 adjuvari
1078 395 1249 452 potest?
1262 394 1449 439 Proinde

64 469 195 505 restat
205 469 256 505 ut
269 477 294 506 a
307 461 462 522 spiritu
478 460 724 522 adjuvetur.
749 462 914 507 Deinde
946 463 1168 524 quomodo
1191 463 1449 525 adjuvatur?

64 532 220 576 Utrum
252 533 298 577 in
330 547 512 593 corpore
533 533 584 577 fit
610 531 797 593 aliquid,
834 543 884 578 ut
903 534 1006 579 inde
1027 528 1150 596 quasi
1170 535 1385 580 relaxetur
1405 547 1449 581 et

61 603 216 647 emicet
237 604 330 664 ejus
345 604 531 649 intentio
541 639 552 660 ,
574 619 662 664 quo
683 603 790 648 inid
803 605 948 650 veniat
959 641 970 661 ,
985 605 1063 650 ubi
1085 605 1131 649 in
1146 621 1190 651 se
1201 606 1292 666 ipsa
1304 607 1451 652 videat

60 673 350 732 significantes
371 673 696 730 similitudines,
729 691 828 735 quae
851 675 911 720 ibi
935 678 1026 737 jam
1048 686 1192 729 erant,
1217 693 1297 722 nec
1328 677 1448 723 vide-

59 743 244 800 bantur,
276 744 387 790 sicut
413 744 550 789 multa
574 745 787 790 habemus
814 755 858 790 et
885 747 930 790 in
958 748 1190 803 memoria,
1227 765 1327 809 quae
1358 765 1449 794 non

59 828 228 873 semper
244 814 581 860 intuemurPAn
600 815 840 870 fiuntillic,
871 832 971 876 quae
1002 827 1101 862 ante
1131 834 1220 863 non
1247 817 1445 875 fuerant,

56 883 128 928 vel
145 885 190 928 in
207 885 353 946 aliquo
370 886 523 945 spiritu
545 895 668 942 sunt,
695 903 783 947 quo
798 886 872 931 illa
886 903 1116 948 erumpens
1148 899 1191 933 et
1224 905 1448 949 emergens

57 954 120 998 ibi
141 970 210 1000 eas
230 955 408 1001 videat?
431 957 516 1002 Sed
539 957 572 1001 si
583 959 674 1018 jam
695 958 740 1001 in
763 957 837 1002 illa
859 968 982 1003 erant
1004 960 1126 1020 quasi
1148 961 1343 1019 proprie,
1371 977 1449 1005 cur

57 1040 128 1069 eas
158 1041 249 1071 non
275 1027 406 1072 etiam
428 1037 746 1088 consequenter
761 1028 995 1086 intelligit?
1029 1029 1278 1090 Aliquando
1307 1031 1445 1086 enim,

56 1095 144 1140 imo
165 1096 425 1158 plerumque
446 1114 536 1143 non
555 1097 772 1156 intelligit.
798 1102 868 1143 An
885 1099 996 1143 sicut
1016 1100 1190 1159 spiritus
1211 1103 1248 1161 ej
1257 1116 1304 1144 us
1323 1100 1450 1160 adju-

56 1175 126 1211 tus
144 1176 233 1222 est,
267 1177 319 1212 ut
341 1184 411 1213 eas
431 1169 477 1212 in
505 1184 550 1213 se
570 1168 763 1224 videret,
794 1170 853 1213 ita
874 1179 918 1213 et
938 1185 1059 1214 mens
1081 1170 1163 1214 nisi
1191 1171 1444 1231 adjuvetur,

55 1252 105 1280 ea
125 1253 226 1297 quae
247 1238 381 1283 habet
412 1239 607 1299 spiritus,
643 1239 886 1299 intelligere
918 1256 1009 1285 non
1041 1243 1213 1299 potest?
1242 1245 1310 1285 An
1338 1241 1448 1285 forte

55 1322 148 1351 non
171 1324 379 1368 corporea
401 1318 704 1366 removentur,
729 1310 800 1354 vel
832 1311 956 1370 quasi
988 1310 1238 1355 relaxantur
1259 1311 1448 1371 impedi-

53 1387 224 1434 menta,
256 1388 306 1423 ut
337 1395 415 1425 suo
444 1380 611 1440 impetu
644 1380 788 1424 anima
817 1382 862 1424 in
897 1397 946 1426 ea
978 1398 1077 1442 quae
1100 1381 1287 1426 videnda
1321 1391 1444 1438 sunt,

54 1458 277 1504 exeratur,
304 1450 381 1494 sed
404 1450 495 1509 ipsa
506 1466 682 1509 prorsus
704 1451 750 1493 in
776 1451 870 1494 haec
894 1453 1146 1508 assumitur,
1166 1454 1254 1496 sive
1274 1461 1447 1497 tantum

52 1519 300 1579 spiritaliter
333 1519 574 1575 cernenda,
611 1521 699 1565 sive
729 1521 857 1565 ctiam
885 1522 1240 1567 intellectualiter
1262 1539 1446 1581 cognos-

52 1589 221 1634 cenda?
241 1593 311 1634 An
337 1590 574 1651 aliquando
596 1593 642 1635 in
670 1606 714 1635 se
731 1592 820 1651 ipsa
847 1591 967 1636 videt
988 1594 1089 1648 ista,
1117 1593 1353 1654 aliquando
1370 1610 1447 1654 per

52 1659 228 1706 alterius
249 1661 423 1722 spiritus
439 1662 822 1706 commixtionem?
844 1662 1070 1724 Quidquid
1091 1665 1251 1709 horum
1273 1675 1358 1720 est,
1386 1675 1447 1709 te-

51 1746 168 1776 mere
190 1732 395 1776 aflirmari
417 1748 507 1777 non
531 1741 717 1792 oportet.
746 1731 863 1776 Illud
887 1742 1032 1778 tamen
1049 1733 1236 1778 dubium
1253 1751 1341 1779 esse
1357 1752 1447 1780 non

52 1801 184 1846 debet
221 1802 464 1862 corporales
505 1802 737 1862 imagines,
769 1819 869 1863 quae
891 1804 1044 1863 spiritu
1065 1815 1330 1861 cernuntur,
1356 1822 1446 1851 non

51 1887 221 1933 semper
250 1873 371 1932 signa
392 1888 482 1917 esse
515 1872 695 1917 aliarum
733 1889 901 1929 rerum,
939 1876 1027 1918 sive
1057 1875 1103 1919 in
1134 1875 1441 1934 vigilantibus,

50 1943 200 1988 sivein
220 1942 539 1989 dormientibus
550 1979 561 1999 ,
578 1943 730 1989 sivein
745 1945 1060 2003 aegrotantibus
1077 1965 1084 1989 :
1106 1946 1267 1990 mirum
1286 1956 1351 1991 est
1365 1963 1444 1991 au-

52 2023 164 2070 tem,
179 2015 214 2059 si
231 2013 469 2076 aliquando
500 2015 658 2059 extasis
680 2015 773 2059 fieri
793 2025 962 2075 potest,
992 2025 1039 2060 ut
1060 2032 1150 2061 non
1171 2016 1258 2061 illae
1292 2033 1449 2078 corpo-

50 2085 207 2131 ralium
229 2102 375 2131 rerum
398 2085 704 2131 similitudines
721 2086 888 2148 aliquid
907 2087 1165 2147 significent.

108 2159 318 2203 XXVIII.
352 2160 451 2203 Non
479 2173 580 2202 sane
601 2157 763 2202 mirum
782 2168 845 2203 est
866 2159 900 2203 si
922 2168 965 2203 et
986 2158 1253 2204 daemonium
1275 2161 1446 2205 haben-

50 2236 113 2272 tes
135 2226 373 2288 aliquando
391 2244 493 2273 vera
510 2228 665 2272 dicunt
677 2264 687 2283 ,
713 2245 811 2289 quae
833 2229 992 2274 absunt
1007 2246 1030 2273 a
1042 2230 1325 2289 praesentium
1343 2247 1444 2275 sen-

50 2298 191 2356 sibus3
215 2299 336 2359 quod
366 2308 483 2344 certe
519 2300 664 2344 nescio
698 2316 785 2361 qua
820 2300 992 2345 occulta
1023 2302 1210 2345 mixtura
1244 2302 1440 2363 ejusdem

49 2369 224 2429 spiritus
245 2370 318 2425 fit,
336 2379 387 2415 ut
407 2379 616 2431 tanquam
637 2387 750 2415 unus
773 2372 826 2416 sit
853 2372 1053 2431 patientis
1077 2382 1208 2432 atque
1231 2373 1439 2417 vexantis.

49 2441 165 2484 Cum
185 2449 330 2484 autem
351 2441 525 2500 spiritus
542 2441 684 2486 bonus
700 2442 745 2485 in
767 2443 861 2486 haec
876 2443 965 2487 visa
982 2443 1225 2487 humanum
1242 2443 1442 2502 spiritum

50 2511 248 2566 assumit,
273 2520 350 2555 aut
370 2512 502 2572 rapit,
528 2511 651 2557 nullo
673 2512 804 2558 modo
825 2512 919 2557 illas
940 2513 1147 2573 imagines
1161 2514 1283 2572 signa
1296 2528 1441 2557 rerum

51 2579 230 2625 aliarum
250 2597 339 2626 esse
358 2581 653 2628 dubitandum
674 2592 758 2638 est,
782 2593 824 2628 et
846 2599 996 2629 earum
1027 2600 1133 2644 quas
1167 2599 1292 2629 nosse
1328 2583 1437 2629 utile
