<?xml version="1.0" encoding="UTF-8"?>
<!DOCTYPE html PUBLIC "-//W3C//DTD XHTML 1.0 Transitional//EN"
    "http://www.w3.org/TR/xhtml1/DTD/xhtml1-transitional.dtd">
<html xmlns="http://www.w3.org/1999/xhtml" xml:lang="en" lang="en">
 <head>
  <title>
</title>
<meta http-equiv="Content-Type" content="text/html;charset=utf-8" />
  <meta name='ocr-system' content='tesseract 3.04.00' />
  <meta name='ocr-capabilities' content='ocr_page ocr_carea ocr_par ocr_line ocrx_word'/>
</head>
<body>
  <div class='ocr_page' id='page_1' title='image "./operaomniaaccura05auguuoft_0466.png"; bbox 0 0 1854 3219; ppageno 0'>
   <div class='ocr_carea' id='block_1_1' title="bbox 373 150 1318 191">
    <p class='ocr_par' dir='ltr' id='par_1_1' title="bbox 373 150 1318 191">
     <span class='ocr_line' id='line_1_1' title="bbox 373 150 1318 191; baseline 0.002 -4"><span class='ocrx_word' id='word_1_1' title='bbox 373 150 456 188; x_wconf 71' lang='lat'>440</span> <span class='ocrx_word' id='word_1_2' title='bbox 806 160 838 187; x_wconf 89' lang='grc' dir='ltr'>ε.</span> <span class='ocrx_word' id='word_1_3' title='bbox 876 162 1105 190; x_wconf 67' lang='lat' dir='ltr'>Anous&#39;nm</span> <span class='ocrx_word' id='word_1_4' title='bbox 1139 163 1318 191; x_wconf 74' lang='lat' dir='ltr'>Emscom</span> 
     </span>
    </p>
   </div>
   <div class='ocr_carea' id='block_1_2' title="bbox 376 323 1760 485">
    <p class='ocr_par' dir='ltr' id='par_1_2' title="bbox 376 323 1760 485">
     <span class='ocr_line' id='line_1_2' title="bbox 376 323 1760 343; baseline 0.002 -3"><span class='ocrx_word' id='word_1_5' title='bbox 376 325 430 340; x_wconf 61' lang='grc' dir='ltr'>Λνὶ</span> <span class='ocrx_word' id='word_1_6' title='bbox 437 323 712 340; x_wconf 56' lang='lat' dir='ltr'>xvvvwxxwuuvva</span> <span class='ocrx_word' id='word_1_7' title='bbox 717 323 989 341; x_wconf 47' lang='lat' dir='ltr'>QKMOEMXWVWWM</span> <span class='ocrx_word' id='word_1_8' title='bbox 994 325 1126 342; x_wconf 52' lang='lat' dir='ltr'>§MAQSM</span> <span class='ocrx_word' id='word_1_9' title='bbox 1132 326 1269 342; x_wconf 56' lang='lat' dir='ltr'>WWMS</span> <span class='ocrx_word' id='word_1_10' title='bbox 1275 326 1339 341; x_wconf 52' lang='grc' dir='ltr'>ὶὶωἱ</span> <span class='ocrx_word' id='word_1_11' title='bbox 1345 326 1412 342; x_wconf 59' lang='lat' dir='ltr'>lm</span> <span class='ocrx_word' id='word_1_12' title='bbox 1416 325 1622 343; x_wconf 47' lang='lat' dir='ltr'>Ummlww</span> <span class='ocrx_word' id='word_1_13' title='bbox 1626 326 1760 343; x_wconf 54' lang='grc' dir='ltr'>ΚΛΜΝ</span> 
     </span>
     <span class='ocr_line' id='line_1_3' title="bbox 879 437 1247 452; baseline 0.005 -2"><span class='ocrx_word' id='word_1_14' title='bbox 879 437 893 452; x_wconf 54' lang='grc' dir='ltr'><strong>Ἴ</strong></span> <span class='ocrx_word' id='word_1_15' title='bbox 1002 438 1006 440; x_wconf 91' lang='grc'><strong><em>·</em></strong></span> <span class='ocrx_word' id='word_1_16' title='bbox 1034 438 1043 450; x_wconf 85' lang='lat' dir='ltr'>r</span> <span class='ocrx_word' id='word_1_17' title='bbox 1059 438 1073 452; x_wconf 66' lang='grc' dir='ltr'><strong>Ἰ</strong></span> <span class='ocrx_word' id='word_1_18' title='bbox 1136 439 1147 451; x_wconf 85' lang='lat' dir='ltr'>r</span> <span class='ocrx_word' id='word_1_19' title='bbox 1187 439 1194 446; x_wconf 67' lang='lat'><em>¹</em></span> <span class='ocrx_word' id='word_1_20' title='bbox 1237 439 1247 442; x_wconf 54' lang='lat'>*</span> 
     </span>
     <span class='ocr_line' id='line_1_4' title="bbox 858 436 1266 485; baseline -0.005 -1"><span class='ocrx_word' id='word_1_21' title='bbox 858 436 1026 485; x_wconf 67' lang='lat' dir='ltr'>eAPU</span> <span class='ocrx_word' id='word_1_22' title='bbox 1043 438 1064 484; x_wconf 82' lang='lat' dir='ltr'>l.</span> <span class='ocrx_word' id='word_1_23' title='bbox 1109 439 1149 485; x_wconf 73' lang='grc' dir='ltr'>λ</span> <span class='ocrx_word' id='word_1_24' title='bbox 1163 439 1266 485; x_wconf 59' lang='lat' dir='ltr'>XV.</span> 
     </span>
    </p>
   </div>
   <div class='ocr_carea' id='block_1_3' title="bbox 369 566 1763 686">
    <p class='ocr_par' dir='ltr' id='par_1_3' title="bbox 369 566 1763 686">
     <span class='ocr_line' id='line_1_5' title="bbox 369 566 1763 630; baseline 0.001 -17"><span class='ocrx_word' id='word_1_25' title='bbox 369 566 570 615; x_wconf 76' lang='lat' dir='ltr'>Natura</span> <span class='ocrx_word' id='word_1_26' title='bbox 588 569 926 625; x_wconf 66' lang='lat' dir='ltr'>mu&#39;versitcztc&#39;s,</span> <span class='ocrx_word' id='word_1_27' title='bbox 940 579 1201 630; x_wconf 76' lang='lat' dir='ltr'>partesque</span> <span class='ocrx_word' id='word_1_28' title='bbox 1223 570 1325 630; x_wconf 68' lang='lat' dir='ltr'>ejus</span> <span class='ocrx_word' id='word_1_29' title='bbox 1345 568 1583 629; x_wconf 76' lang='lat' dir='ltr'>quomodo</span> <span class='ocrx_word' id='word_1_30' title='bbox 1606 587 1638 616; x_wconf 77' lang='lat' dir='ltr'>a</span> <span class='ocrx_word' id='word_1_31' title='bbox 1655 569 1763 616; x_wconf 82' lang='lat' dir='ltr'>Deo</span> 
     </span>
     <span class='ocr_line' id='line_1_6' title="bbox 855 639 1267 686; baseline -0.002 -1"><span class='ocrx_word' id='word_1_32' title='bbox 855 639 1267 686; x_wconf 71' lang='lat' dir='ltr'>adzm&#39;niscrentur.</span> 
     </span>
    </p>
   </div>
   <div class='ocr_carea' id='block_1_4' title="bbox 359 776 1777 2544">
    <p class='ocr_par' dir='ltr' id='par_1_4' title="bbox 359 776 1774 1545">
     <span class='ocr_line' id='line_1_7' title="bbox 429 776 1766 837; baseline 0.001 -17"><span class='ocrx_word' id='word_1_33' title='bbox 429 777 584 820; x_wconf 83' lang='lat' dir='ltr'>XLVI.</span> <span class='ocrx_word' id='word_1_34' title='bbox 611 778 793 821; x_wconf 75' lang='lat' dir='ltr'><strong>NATURA</strong></span> <span class='ocrx_word' id='word_1_35' title='bbox 821 776 955 837; x_wconf 87' lang='lat' dir='ltr'>igitur</span> <span class='ocrx_word' id='word_1_36' title='bbox 991 777 1282 822; x_wconf 81' lang='lat' dir='ltr'>universitatis</span> <span class='ocrx_word' id='word_1_37' title='bbox 1311 776 1546 837; x_wconf 86' lang='lat' dir='ltr'>corporalis</span> <span class='ocrx_word' id='word_1_38' title='bbox 1574 792 1665 823; x_wconf 91' lang='lat' dir='ltr'>non</span> <span class='ocrx_word' id='word_1_39' title='bbox 1687 777 1766 822; x_wconf 86' lang='lat' dir='ltr'>ad-</span> 
     </span>
     <span class='ocr_line' id='line_1_8' title="bbox 359 848 1767 910; baseline 0.001 -18"><span class='ocrx_word' id='word_1_40' title='bbox 359 849 539 909; x_wconf 80' lang='lat' dir='ltr'>juvatur</span> <span class='ocrx_word' id='word_1_41' title='bbox 560 848 822 893; x_wconf 77' lang='lat' dir='ltr'>extrinsecus</span> <span class='ocrx_word' id='word_1_42' title='bbox 856 848 1152 909; x_wconf 78' lang='lat' dir='ltr'>corporaliter.</span> <span class='ocrx_word' id='word_1_43' title='bbox 1197 851 1350 910; x_wconf 81' lang='lat' dir='ltr'>Neque</span> <span class='ocrx_word' id='word_1_44' title='bbox 1393 849 1509 893; x_wconf 86' lang='lat' dir='ltr'>enim</span> <span class='ocrx_word' id='word_1_45' title='bbox 1548 858 1612 894; x_wconf 92' lang='lat' dir='ltr'>est</span> <span class='ocrx_word' id='word_1_46' title='bbox 1649 859 1767 894; x_wconf 81' lang='lat' dir='ltr'>extra</span> 
     </span>
     <span class='ocr_line' id='line_1_9' title="bbox 369 919 1768 981; baseline 0.001 -18"><span class='ocrx_word' id='word_1_47' title='bbox 369 935 463 963; x_wconf 86' lang='lat' dir='ltr'>eam</span> <span class='ocrx_word' id='word_1_48' title='bbox 491 919 633 963; x_wconf 90' lang='lat' dir='ltr'>ullum</span> <span class='ocrx_word' id='word_1_49' title='bbox 659 934 838 979; x_wconf 89' lang='lat' dir='ltr'>corpus,</span> <span class='ocrx_word' id='word_1_50' title='bbox 867 920 1063 981; x_wconf 83' lang='lat' dir='ltr'>alioquin</span> <span class='ocrx_word' id='word_1_51' title='bbox 1085 935 1175 965; x_wconf 91' lang='lat' dir='ltr'>non</span> <span class='ocrx_word' id='word_1_52' title='bbox 1204 929 1269 965; x_wconf 86' lang='lat' dir='ltr'>est</span> <span class='ocrx_word' id='word_1_53' title='bbox 1295 921 1568 965; x_wconf 81' lang='lat' dir='ltr'><strong>universitas.</strong></span> <span class='ocrx_word' id='word_1_54' title='bbox 1601 921 1768 965; x_wconf 85' lang='lat' dir='ltr'>Intrin-</span> 
     </span>
     <span class='ocr_line' id='line_1_10' title="bbox 369 990 1770 1052; baseline 0.002 -18"><span class='ocrx_word' id='word_1_55' title='bbox 369 1007 492 1035; x_wconf 86' lang='lat' dir='ltr'>sccus</span> <span class='ocrx_word' id='word_1_56' title='bbox 514 1001 663 1035; x_wconf 90' lang='lat' dir='ltr'>autem</span> <span class='ocrx_word' id='word_1_57' title='bbox 693 990 923 1052; x_wconf 85' lang='lat' dir='ltr'>adjuvatur</span> <span class='ocrx_word' id='word_1_58' title='bbox 949 991 1307 1052; x_wconf 76' lang='lat' dir='ltr'>incorporaliter,</span> <span class='ocrx_word' id='word_1_59' title='bbox 1334 995 1423 1038; x_wconf 88' lang='lat' dir='ltr'>Deo</span> <span class='ocrx_word' id='word_1_60' title='bbox 1458 991 1503 1037; x_wconf 85' lang='lat' dir='ltr'>id</span> <span class='ocrx_word' id='word_1_61' title='bbox 1533 1001 1689 1051; x_wconf 81' lang='lat' dir='ltr'>agente</span> <span class='ocrx_word' id='word_1_62' title='bbox 1719 1002 1770 1037; x_wconf 88' lang='lat' dir='ltr'>ut</span> 
     </span>
     <span class='ocr_line' id='line_1_11' title="bbox 372 1062 1771 1124; baseline 0.001 -19"><span class='ocrx_word' id='word_1_63' title='bbox 372 1062 552 1106; x_wconf 87' lang='lat' dir='ltr'>omnino</span> <span class='ocrx_word' id='word_1_64' title='bbox 570 1072 727 1107; x_wconf 86' lang='lat' dir='ltr'>natura</span> <span class='ocrx_word' id='word_1_65' title='bbox 750 1063 827 1121; x_wconf 77' lang='lat' dir='ltr'>sit3</span> <span class='ocrx_word' id='word_1_66' title='bbox 858 1083 878 1107; x_wconf 89' lang='lat'>«</span> <span class='ocrx_word' id='word_1_67' title='bbox 901 1064 1120 1118; x_wconf 81' lang='lat' dir='ltr'>Quoniam</span> <span class='ocrx_word' id='word_1_68' title='bbox 1140 1079 1192 1107; x_wconf 80' lang='lat' dir='ltr'>ex</span> <span class='ocrx_word' id='word_1_69' title='bbox 1214 1063 1308 1123; x_wconf 88' lang='lat' dir='ltr'>ipso</span> <span class='ocrx_word' id='word_1_70' title='bbox 1331 1073 1374 1107; x_wconf 92' lang='lat' dir='ltr'>et</span> <span class='ocrx_word' id='word_1_71' title='bbox 1395 1079 1473 1124; x_wconf 90' lang='lat' dir='ltr'>per</span> <span class='ocrx_word' id='word_1_72' title='bbox 1494 1064 1638 1124; x_wconf 85' lang='lat' dir='ltr'>ipsum</span> <span class='ocrx_word' id='word_1_73' title='bbox 1659 1072 1703 1107; x_wconf 88' lang='lat' dir='ltr'>et</span> <span class='ocrx_word' id='word_1_74' title='bbox 1725 1063 1771 1107; x_wconf 90' lang='lat' dir='ltr'>in</span> 
     </span>
     <span class='ocr_line' id='line_1_12' title="bbox 374 1133 1771 1195; baseline 0.003 -20"><span class='ocrx_word' id='word_1_75' title='bbox 374 1152 395 1175; x_wconf 66' lang='grc' dir='ltr'>υ</span> <span class='ocrx_word' id='word_1_76' title='bbox 418 1135 509 1194; x_wconf 87' lang='lat' dir='ltr'>ipso</span> <span class='ocrx_word' id='word_1_77' title='bbox 531 1143 634 1178; x_wconf 89' lang='lat' dir='ltr'>sunt</span> <span class='ocrx_word' id='word_1_78' title='bbox 645 1133 791 1178; x_wconf 90' lang='lat' dir='ltr'>omnia</span> <span class='ocrx_word' id='word_1_79' title='bbox 812 1136 842 1178; x_wconf 92' lang='lat'>¹.</span> <span class='ocrx_word' id='word_1_80' title='bbox 874 1153 893 1175; x_wconf 88' lang='lat'>»</span> <span class='ocrx_word' id='word_1_81' title='bbox 921 1137 1068 1179; x_wconf 87' lang='lat' dir='ltr'>Partes</span> <span class='ocrx_word' id='word_1_82' title='bbox 1078 1150 1181 1179; x_wconf 83' lang='lat' dir='ltr'>vero</span> <span class='ocrx_word' id='word_1_83' title='bbox 1194 1134 1389 1195; x_wconf 84' lang='lat' dir='ltr'>ejusdem</span> <span class='ocrx_word' id='word_1_84' title='bbox 1412 1134 1705 1179; x_wconf 83' lang='lat' dir='ltr'>universitatis</span> <span class='ocrx_word' id='word_1_85' title='bbox 1728 1144 1771 1179; x_wconf 87' lang='lat' dir='ltr'>et</span> 
     </span>
     <span class='ocr_line' id='line_1_13' title="bbox 373 1203 1772 1266; baseline 0.001 -18"><span class='ocrx_word' id='word_1_86' title='bbox 373 1205 631 1249; x_wconf 83' lang='lat' dir='ltr'>intrinsecus</span> <span class='ocrx_word' id='word_1_87' title='bbox 648 1203 981 1265; x_wconf 83' lang='lat' dir='ltr'>incorporaliter</span> <span class='ocrx_word' id='word_1_88' title='bbox 1006 1205 1293 1266; x_wconf 87' lang='lat' dir='ltr'>adjuvantur,</span> <span class='ocrx_word' id='word_1_89' title='bbox 1313 1204 1384 1250; x_wconf 88' lang='lat' dir='ltr'>vel</span> <span class='ocrx_word' id='word_1_90' title='bbox 1406 1205 1551 1265; x_wconf 86' lang='lat' dir='ltr'>potius</span> <span class='ocrx_word' id='word_1_91' title='bbox 1570 1205 1700 1260; x_wconf 89' lang='lat' dir='ltr'>fiunt,</span> <span class='ocrx_word' id='word_1_92' title='bbox 1722 1214 1772 1249; x_wconf 91' lang='lat' dir='ltr'>ut</span> 
     </span>
     <span class='ocr_line' id='line_1_14' title="bbox 371 1276 1770 1337; baseline 0.001 -17"><span class='ocrx_word' id='word_1_93' title='bbox 371 1286 542 1321; x_wconf 80' lang='lat' dir='ltr'>naturae</span> <span class='ocrx_word' id='word_1_94' title='bbox 564 1277 673 1334; x_wconf 64' lang='lat' dir='ltr'>sint,</span> <span class='ocrx_word' id='word_1_95' title='bbox 698 1285 743 1320; x_wconf 91' lang='lat' dir='ltr'>et</span> <span class='ocrx_word' id='word_1_96' title='bbox 764 1276 1029 1321; x_wconf 82' lang='lat' dir='ltr'>extrinsecus</span> <span class='ocrx_word' id='word_1_97' title='bbox 1060 1277 1370 1337; x_wconf 85' lang='lat' dir='ltr'>corporaliter,</span> <span class='ocrx_word' id='word_1_98' title='bbox 1394 1292 1484 1337; x_wconf 88' lang='lat' dir='ltr'>quo</span> <span class='ocrx_word' id='word_1_99' title='bbox 1515 1292 1559 1321; x_wconf 90' lang='lat' dir='ltr'>se</span> <span class='ocrx_word' id='word_1_100' title='bbox 1591 1276 1770 1332; x_wconf 83' lang='lat' dir='ltr'>melius,</span> 
     </span>
     <span class='ocr_line' id='line_1_15' title="bbox 369 1346 1773 1408; baseline 0 -16"><span class='ocrx_word' id='word_1_101' title='bbox 369 1348 586 1402; x_wconf 83' lang='lat' dir='ltr'>habeant,</span> <span class='ocrx_word' id='word_1_102' title='bbox 615 1347 727 1392; x_wconf 86' lang='lat' dir='ltr'>sicut</span> <span class='ocrx_word' id='word_1_103' title='bbox 749 1346 987 1403; x_wconf 83' lang='lat' dir='ltr'>alimentis,</span> <span class='ocrx_word' id='word_1_104' title='bbox 1009 1347 1291 1407; x_wconf 75' lang='lat' dir='ltr'>agricultura,</span> <span class='ocrx_word' id='word_1_105' title='bbox 1324 1346 1559 1403; x_wconf 88' lang='lat' dir='ltr'>medicina,</span> <span class='ocrx_word' id='word_1_106' title='bbox 1586 1357 1629 1392; x_wconf 91' lang='lat' dir='ltr'>et</span> <span class='ocrx_word' id='word_1_107' title='bbox 1646 1363 1773 1408; x_wconf 82' lang='lat' dir='ltr'>quae-</span> 
     </span>
     <span class='ocr_line' id='line_1_16' title="bbox 370 1417 1774 1479; baseline 0.001 -16"><span class='ocrx_word' id='word_1_108' title='bbox 370 1433 562 1479; x_wconf 86' lang='lat' dir='ltr'>cumque</span> <span class='ocrx_word' id='word_1_109' title='bbox 589 1418 721 1463; x_wconf 89' lang='lat' dir='ltr'>etiam</span> <span class='ocrx_word' id='word_1_110' title='bbox 748 1417 804 1462; x_wconf 89' lang='lat' dir='ltr'>ad</span> <span class='ocrx_word' id='word_1_111' title='bbox 829 1427 1034 1463; x_wconf 88' lang='lat' dir='ltr'>ornatum</span> <span class='ocrx_word' id='word_1_112' title='bbox 1059 1419 1189 1475; x_wconf 90' lang='lat' dir='ltr'>fiunt,</span> <span class='ocrx_word' id='word_1_113' title='bbox 1220 1428 1271 1462; x_wconf 91' lang='lat' dir='ltr'>ut</span> <span class='ocrx_word' id='word_1_114' title='bbox 1293 1434 1384 1463; x_wconf 91' lang='lat' dir='ltr'>non</span> <span class='ocrx_word' id='word_1_115' title='bbox 1405 1417 1547 1464; x_wconf 89' lang='lat' dir='ltr'>solum</span> <span class='ocrx_word' id='word_1_116' title='bbox 1575 1418 1706 1464; x_wconf 81' lang='lat' dir='ltr'>salvae</span> <span class='ocrx_word' id='word_1_117' title='bbox 1724 1434 1774 1464; x_wconf 87' lang='lat' dir='ltr'>ac</span> 
     </span>
     <span class='ocr_line' id='line_1_17' title="bbox 372 1488 1414 1545; baseline -0.001 -10"><span class='ocrx_word' id='word_1_118' title='bbox 372 1490 687 1545; x_wconf 80' lang='lat' dir='ltr'>foecundiores,</span> <span class='ocrx_word' id='word_1_119' title='bbox 711 1489 999 1534; x_wconf 86' lang='lat' dir='ltr'>verumetiam</span> <span class='ocrx_word' id='word_1_120' title='bbox 1023 1488 1292 1535; x_wconf 86' lang='lat' dir='ltr'>decentiores</span> <span class='ocrx_word' id='word_1_121' title='bbox 1314 1490 1414 1534; x_wconf 91' lang='lat' dir='ltr'>sint.</span> 
     </span>
    </p>

    <p class='ocr_par' dir='ltr' id='par_1_5' title="bbox 372 1559 1777 2479">
     <span class='ocr_line' id='line_1_18' title="bbox 431 1559 1776 1622; baseline 0 -17"><span class='ocrx_word' id='word_1_122' title='bbox 431 1563 614 1605; x_wconf 87' lang='lat' dir='ltr'><strong>XLVII.</strong></span> <span class='ocrx_word' id='word_1_123' title='bbox 645 1560 857 1620; x_wconf 87' lang='lat' dir='ltr'>Spiritalis</span> <span class='ocrx_word' id='word_1_124' title='bbox 879 1569 1028 1604; x_wconf 88' lang='lat' dir='ltr'>autem</span> <span class='ocrx_word' id='word_1_125' title='bbox 1045 1570 1187 1605; x_wconf 85' lang='lat' dir='ltr'>creata</span> <span class='ocrx_word' id='word_1_126' title='bbox 1210 1570 1368 1606; x_wconf 87' lang='lat' dir='ltr'>natura</span> <span class='ocrx_word' id='word_1_127' title='bbox 1382 1561 1416 1605; x_wconf 87' lang='lat' dir='ltr'>si</span> <span class='ocrx_word' id='word_1_128' title='bbox 1431 1559 1626 1621; x_wconf 87' lang='lat' dir='ltr'>perfecta</span> <span class='ocrx_word' id='word_1_129' title='bbox 1644 1570 1776 1622; x_wconf 87' lang='lat' dir='ltr'>atque</span> 
     </span>
     <span class='ocr_line' id='line_1_19' title="bbox 372 1630 1775 1692; baseline 0.001 -16"><span class='ocrx_word' id='word_1_130' title='bbox 372 1633 500 1676; x_wconf 88' lang='lat' dir='ltr'>beata</span> <span class='ocrx_word' id='word_1_131' title='bbox 523 1640 603 1687; x_wconf 88' lang='lat' dir='ltr'>est,</span> <span class='ocrx_word' id='word_1_132' title='bbox 635 1631 748 1675; x_wconf 90' lang='lat' dir='ltr'>sicut</span> <span class='ocrx_word' id='word_1_133' title='bbox 778 1630 1048 1690; x_wconf 83' lang='lat' dir='ltr'>Angelorum</span> <span class='ocrx_word' id='word_1_134' title='bbox 1071 1641 1323 1677; x_wconf 88' lang='lat' dir='ltr'>sanctorum</span> <span class='ocrx_word' id='word_1_135' title='bbox 1338 1667 1349 1687; x_wconf 94' lang='lat'>,</span> <span class='ocrx_word' id='word_1_136' title='bbox 1375 1640 1593 1692; x_wconf 86' lang='lat' dir='ltr'>quantum</span> <span class='ocrx_word' id='word_1_137' title='bbox 1617 1632 1775 1677; x_wconf 84' lang='lat' dir='ltr'>attinet</span> 
     </span>
     <span class='ocr_line' id='line_1_20' title="bbox 373 1703 1776 1764; baseline 0 -15"><span class='ocrx_word' id='word_1_138' title='bbox 373 1704 430 1750; x_wconf 88' lang='lat' dir='ltr'>ad</span> <span class='ocrx_word' id='word_1_139' title='bbox 455 1719 498 1747; x_wconf 84' lang='lat' dir='ltr'>se</span> <span class='ocrx_word' id='word_1_140' title='bbox 520 1704 674 1763; x_wconf 81' lang='lat' dir='ltr'>ipsam,</span> <span class='ocrx_word' id='word_1_141' title='bbox 699 1718 789 1764; x_wconf 87' lang='lat' dir='ltr'>quo</span> <span class='ocrx_word' id='word_1_142' title='bbox 810 1703 891 1758; x_wconf 86' lang='lat' dir='ltr'>sit,</span> <span class='ocrx_word' id='word_1_143' title='bbox 916 1703 1174 1764; x_wconf 86' lang='lat' dir='ltr'>sapiensque</span> <span class='ocrx_word' id='word_1_144' title='bbox 1200 1704 1279 1761; x_wconf 91' lang='lat' dir='ltr'>sit,</span> <span class='ocrx_word' id='word_1_145' title='bbox 1311 1704 1487 1749; x_wconf 87' lang='lat' dir='ltr'>nonnisi</span> <span class='ocrx_word' id='word_1_146' title='bbox 1516 1704 1776 1749; x_wconf 87' lang='lat' dir='ltr'>intrinsecus</span> 
     </span>
     <span class='ocr_line' id='line_1_21' title="bbox 373 1773 1776 1836; baseline 0.001 -16"><span class='ocrx_word' id='word_1_147' title='bbox 373 1773 694 1835; x_wconf 88' lang='lat' dir='ltr'>incorporalitir</span> <span class='ocrx_word' id='word_1_148' title='bbox 726 1773 973 1834; x_wconf 86' lang='lat' dir='ltr'>adjuvatur.</span> <span class='ocrx_word' id='word_1_149' title='bbox 1013 1777 1137 1819; x_wconf 86' lang='lat' dir='ltr'>Intus</span> <span class='ocrx_word' id='word_1_150' title='bbox 1170 1775 1209 1819; x_wconf 92' lang='lat' dir='ltr'>ei</span> <span class='ocrx_word' id='word_1_151' title='bbox 1240 1775 1405 1836; x_wconf 90' lang='lat' dir='ltr'>quippe</span> <span class='ocrx_word' id='word_1_152' title='bbox 1433 1775 1631 1836; x_wconf 89' lang='lat' dir='ltr'>loquitur</span> <span class='ocrx_word' id='word_1_153' title='bbox 1660 1779 1776 1821; x_wconf 88' lang='lat' dir='ltr'>Deus</span> 
     </span>
     <span class='ocr_line' id='line_1_22' title="bbox 373 1844 1776 1908; baseline 0.001 -17"><span class='ocrx_word' id='word_1_154' title='bbox 373 1847 486 1891; x_wconf 87' lang='lat' dir='ltr'>miro</span> <span class='ocrx_word' id='word_1_155' title='bbox 515 1855 559 1890; x_wconf 89' lang='lat' dir='ltr'>et</span> <span class='ocrx_word' id='word_1_156' title='bbox 579 1844 794 1889; x_wconf 86' lang='lat' dir='ltr'>ineffabili</span> <span class='ocrx_word' id='word_1_157' title='bbox 815 1845 972 1901; x_wconf 82' lang='lat' dir='ltr'>modo,</span> <span class='ocrx_word' id='word_1_158' title='bbox 998 1861 1142 1907; x_wconf 85' lang='lat' dir='ltr'>neque</span> <span class='ocrx_word' id='word_1_159' title='bbox 1167 1861 1246 1906; x_wconf 88' lang='lat' dir='ltr'>per</span> <span class='ocrx_word' id='word_1_160' title='bbox 1270 1846 1544 1907; x_wconf 87' lang='lat' dir='ltr'>Scripturam</span> <span class='ocrx_word' id='word_1_161' title='bbox 1567 1863 1776 1908; x_wconf 86' lang='lat' dir='ltr'>corpora-</span> 
     </span>
     <span class='ocr_line' id='line_1_23' title="bbox 376 1916 1777 1979; baseline 0.001 -17"><span class='ocrx_word' id='word_1_162' title='bbox 376 1918 491 1979; x_wconf 87' lang='lat' dir='ltr'>libus</span> <span class='ocrx_word' id='word_1_163' title='bbox 510 1916 812 1961; x_wconf 85' lang='lat' dir='ltr'>instrumentis</span> <span class='ocrx_word' id='word_1_164' title='bbox 836 1917 1032 1973; x_wconf 82' lang='lat' dir='ltr'>affixam,</span> <span class='ocrx_word' id='word_1_165' title='bbox 1056 1933 1200 1979; x_wconf 86' lang='lat' dir='ltr'>neque</span> <span class='ocrx_word' id='word_1_166' title='bbox 1222 1933 1300 1979; x_wconf 86' lang='lat' dir='ltr'>per</span> <span class='ocrx_word' id='word_1_167' title='bbox 1320 1934 1448 1964; x_wconf 88' lang='lat' dir='ltr'>voces</span> <span class='ocrx_word' id='word_1_168' title='bbox 1477 1918 1777 1979; x_wconf 67' lang='lat' dir='ltr'>corporalibus</span> 
     </span>
     <span class='ocr_line' id='line_1_24' title="bbox 377 1989 1774 2050; baseline 0.001 -17"><span class='ocrx_word' id='word_1_169' title='bbox 377 1990 555 2034; x_wconf 84' lang='lat' dir='ltr'>auribus</span> <span class='ocrx_word' id='word_1_170' title='bbox 588 1990 862 2044; x_wconf 79' lang='lat' dir='ltr'>insonantes,</span> <span class='ocrx_word' id='word_1_171' title='bbox 895 2004 1039 2050; x_wconf 88' lang='lat' dir='ltr'>neque</span> <span class='ocrx_word' id='word_1_172' title='bbox 1071 2004 1149 2049; x_wconf 85' lang='lat' dir='ltr'>per</span> <span class='ocrx_word' id='word_1_173' title='bbox 1179 2005 1415 2050; x_wconf 87' lang='lat' dir='ltr'>corporum</span> <span class='ocrx_word' id='word_1_174' title='bbox 1443 1989 1774 2045; x_wconf 89' lang='lat' dir='ltr'>similitudines,</span> 
     </span>
     <span class='ocr_line' id='line_1_25' title="bbox 377 2059 1777 2121; baseline 0.001 -17"><span class='ocrx_word' id='word_1_175' title='bbox 377 2061 528 2121; x_wconf 82' lang='lat' dir='ltr'>quales</span> <span class='ocrx_word' id='word_1_176' title='bbox 551 2061 597 2105; x_wconf 90' lang='lat' dir='ltr'>in</span> <span class='ocrx_word' id='word_1_177' title='bbox 623 2059 779 2120; x_wconf 87' lang='lat' dir='ltr'>spiritu</span> <span class='ocrx_word' id='word_1_178' title='bbox 807 2059 1096 2117; x_wconf 83' lang='lat' dir='ltr'>imaginaliter</span> <span class='ocrx_word' id='word_1_179' title='bbox 1118 2061 1247 2117; x_wconf 88' lang='lat' dir='ltr'>fiunt,</span> <span class='ocrx_word' id='word_1_180' title='bbox 1279 2061 1393 2106; x_wconf 88' lang='lat' dir='ltr'>sicut</span> <span class='ocrx_word' id='word_1_181' title='bbox 1416 2061 1463 2105; x_wconf 93' lang='lat' dir='ltr'>in</span> <span class='ocrx_word' id='word_1_182' title='bbox 1494 2062 1678 2117; x_wconf 90' lang='lat' dir='ltr'>somnis,</span> <span class='ocrx_word' id='word_1_183' title='bbox 1707 2061 1777 2106; x_wconf 91' lang='lat' dir='ltr'>vel</span> 
     </span>
     <span class='ocr_line' id='line_1_26' title="bbox 378 2130 1777 2191; baseline -0.001 -17"><span class='ocrx_word' id='word_1_184' title='bbox 378 2133 423 2175; x_wconf 87' lang='lat' dir='ltr'>in</span> <span class='ocrx_word' id='word_1_185' title='bbox 439 2131 586 2191; x_wconf 81' lang='lat' dir='ltr'>aliquo</span> <span class='ocrx_word' id='word_1_186' title='bbox 602 2146 779 2175; x_wconf 75' lang='lat' dir='ltr'>excessu</span> <span class='ocrx_word' id='word_1_187' title='bbox 796 2130 985 2190; x_wconf 79' lang='lat' dir='ltr'>spiritUS,</span> <span class='ocrx_word' id='word_1_188' title='bbox 1002 2130 1123 2191; x_wconf 83' lang='lat' dir='ltr'>quod</span> <span class='ocrx_word' id='word_1_189' title='bbox 1146 2147 1285 2191; x_wconf 79' lang='lat' dir='ltr'>graece</span> <span class='ocrx_word' id='word_1_190' title='bbox 1306 2131 1467 2176; x_wconf 87' lang='lat' dir='ltr'>dicitur</span> <span class='ocrx_word' id='word_1_191' title='bbox 1481 2140 1623 2177; x_wconf 67' lang='grc' dir='ltr'>ἔκστασις</span> <span class='ocrx_word' id='word_1_192' title='bbox 1639 2141 1681 2176; x_wconf 80' lang='lat' dir='ltr'>et</span> <span class='ocrx_word' id='word_1_193' title='bbox 1699 2147 1777 2176; x_wconf 87' lang='lat' dir='ltr'>nos</span> 
     </span>
     <span class='ocr_line' id='line_1_27' title="bbox 376 2201 1775 2264; baseline 0.001 -17"><span class='ocrx_word' id='word_1_194' title='bbox 376 2218 428 2247; x_wconf 89' lang='lat' dir='ltr'>eo</span> <span class='ocrx_word' id='word_1_195' title='bbox 450 2202 584 2247; x_wconf 80' lang='lat' dir='ltr'>verbo</span> <span class='ocrx_word' id='word_1_196' title='bbox 605 2204 696 2262; x_wconf 86' lang='lat' dir='ltr'>jam</span> <span class='ocrx_word' id='word_1_197' title='bbox 720 2202 885 2246; x_wconf 89' lang='lat' dir='ltr'>utimur</span> <span class='ocrx_word' id='word_1_198' title='bbox 906 2218 986 2262; x_wconf 93' lang='lat' dir='ltr'>pro</span> <span class='ocrx_word' id='word_1_199' title='bbox 1003 2201 1163 2259; x_wconf 80' lang='lat' dir='ltr'>latino,</span> <span class='ocrx_word' id='word_1_200' title='bbox 1184 2204 1287 2264; x_wconf 87' lang='lat' dir='ltr'>quia</span> <span class='ocrx_word' id='word_1_201' title='bbox 1314 2212 1357 2248; x_wconf 89' lang='lat' dir='ltr'>et</span> <span class='ocrx_word' id='word_1_202' title='bbox 1374 2204 1458 2248; x_wconf 91' lang='lat' dir='ltr'>hoc</span> <span class='ocrx_word' id='word_1_203' title='bbox 1482 2218 1618 2262; x_wconf 86' lang='lat' dir='ltr'>genus</span> <span class='ocrx_word' id='word_1_204' title='bbox 1640 2204 1775 2249; x_wconf 85' lang='lat' dir='ltr'>visio—</span> 
     </span>
     <span class='ocr_line' id='line_1_28' title="bbox 377 2273 1777 2336; baseline 0.001 -18"><span class='ocrx_word' id='word_1_205' title='bbox 377 2289 508 2329; x_wconf 87' lang='lat' dir='ltr'>num,</span> <span class='ocrx_word' id='word_1_206' title='bbox 544 2273 742 2334; x_wconf 83' lang='lat' dir='ltr'>quamvis</span> <span class='ocrx_word' id='word_1_207' title='bbox 774 2273 956 2318; x_wconf 87' lang='lat' dir='ltr'>interius</span> <span class='ocrx_word' id='word_1_208' title='bbox 987 2275 1064 2319; x_wconf 85' lang='lat' dir='ltr'>fiat</span> <span class='ocrx_word' id='word_1_209' title='bbox 1097 2290 1232 2335; x_wconf 90' lang='lat' dir='ltr'>quam</span> <span class='ocrx_word' id='word_1_210' title='bbox 1266 2284 1369 2319; x_wconf 89' lang='lat' dir='ltr'>sunt</span> <span class='ocrx_word' id='word_1_211' title='bbox 1399 2290 1469 2329; x_wconf 85' lang='lat' dir='ltr'>ca,</span> <span class='ocrx_word' id='word_1_212' title='bbox 1496 2291 1596 2336; x_wconf 80' lang='lat' dir='ltr'>quae</span> <span class='ocrx_word' id='word_1_213' title='bbox 1628 2277 1777 2320; x_wconf 88' lang='lat' dir='ltr'>animo</span> 
     </span>
     <span class='ocr_line' id='line_1_29' title="bbox 379 2346 1772 2407; baseline 0.002 -19"><span class='ocrx_word' id='word_1_214' title='bbox 379 2361 456 2406; x_wconf 85' lang='lat' dir='ltr'>per</span> <span class='ocrx_word' id='word_1_215' title='bbox 476 2360 624 2389; x_wconf 89' lang='lat' dir='ltr'>sensus</span> <span class='ocrx_word' id='word_1_216' title='bbox 647 2346 838 2405; x_wconf 86' lang='lat' dir='ltr'>eorporis</span> <span class='ocrx_word' id='word_1_217' title='bbox 861 2346 1145 2404; x_wconf 67' lang='lat' dir='ltr'>nuntiantur,</span> <span class='ocrx_word' id='word_1_218' title='bbox 1172 2356 1317 2391; x_wconf 87' lang='lat' dir='ltr'>tamen</span> <span class='ocrx_word' id='word_1_219' title='bbox 1335 2347 1436 2407; x_wconf 84' lang='lat' dir='ltr'>quia</span> <span class='ocrx_word' id='word_1_220' title='bbox 1460 2346 1598 2391; x_wconf 90' lang='lat' dir='ltr'>simile</span> <span class='ocrx_word' id='word_1_221' title='bbox 1613 2357 1676 2391; x_wconf 90' lang='lat' dir='ltr'>est</span> <span class='ocrx_word' id='word_1_222' title='bbox 1697 2348 1772 2402; x_wconf 79' lang='lat' dir='ltr'>eis,</span> 
     </span>
     <span class='ocr_line' id='line_1_30' title="bbox 378 2416 1777 2479; baseline 0.002 -19"><span class='ocrx_word' id='word_1_223' title='bbox 378 2417 437 2461; x_wconf 86' lang='lat' dir='ltr'>ita</span> <span class='ocrx_word' id='word_1_224' title='bbox 461 2425 511 2460; x_wconf 88' lang='lat' dir='ltr'>ut</span> <span class='ocrx_word' id='word_1_225' title='bbox 530 2431 631 2460; x_wconf 87' lang='lat' dir='ltr'>cum</span> <span class='ocrx_word' id='word_1_226' title='bbox 654 2418 718 2472; x_wconf 81' lang='lat' dir='ltr'>fit,</span> <span class='ocrx_word' id='word_1_227' title='bbox 745 2416 931 2463; x_wconf 84' lang='lat' dir='ltr'>discerni</span> <span class='ocrx_word' id='word_1_228' title='bbox 954 2418 1009 2463; x_wconf 90' lang='lat' dir='ltr'>ab</span> <span class='ocrx_word' id='word_1_229' title='bbox 1032 2418 1091 2463; x_wconf 89' lang='lat' dir='ltr'>eis</span> <span class='ocrx_word' id='word_1_230' title='bbox 1114 2428 1189 2464; x_wconf 88' lang='lat' dir='ltr'>aut</span> <span class='ocrx_word' id='word_1_231' title='bbox 1217 2419 1396 2465; x_wconf 89' lang='lat' dir='ltr'>omnino</span> <span class='ocrx_word' id='word_1_232' title='bbox 1414 2434 1504 2465; x_wconf 87' lang='lat' dir='ltr'>non</span> <span class='ocrx_word' id='word_1_233' title='bbox 1524 2419 1674 2479; x_wconf 86' lang='lat' dir='ltr'>possit,</span> <span class='ocrx_word' id='word_1_234' title='bbox 1700 2428 1777 2464; x_wconf 86' lang='lat' dir='ltr'>aut</span> 
     </span>
    </p>

    <p class='ocr_par' dir='ltr' id='par_1_6' title="bbox 431 2502 703 2544">
     <span class='ocr_line' id='line_1_31' title="bbox 431 2502 703 2544; baseline -0.004 -9"><span class='ocrx_word' id='word_1_235' title='bbox 431 2509 440 2525; x_wconf 89' lang='lat'>¹</span> <span class='ocrx_word' id='word_1_236' title='bbox 462 2505 553 2539; x_wconf 82' lang='lat' dir='ltr'>Rom,</span> <span class='ocrx_word' id='word_1_237' title='bbox 576 2514 621 2544; x_wconf 75' lang='lat' dir='ltr'>xl,</span> <span class='ocrx_word' id='word_1_238' title='bbox 649 2502 703 2535; x_wconf 81' lang='lat'>36.</span> 
     </span>
    </p>
   </div>
  </div>
 </body>
</html>
