1854 3219
366 183 420 210 DE
452 181 660 212 noca-nun
692 181 945 212 CHRISTIANA
979 184 1061 212 mn.
1097 184 1157 211 ιν.
1400 169 1454 209 55

67 250 158 293 sine
190 248 311 294 lectis
342 263 443 293 vero
476 257 520 294 et
552 249 711 294 auditis
749 249 1052 310 eloquentium
1085 247 1453 308 disputationibus

65 319 135 363 vel
156 318 421 364 dictionibus
449 319 683 364 neminem.
709 322 819 364 Nam
847 334 990 379 neque
1009 319 1100 378 ipsa
1123 327 1213 362 arte
1235 332 1453 376 gramma-

65 390 149 434 tica
165 425 176 445 ,
204 404 290 450 qua
308 388 489 433 discitur
508 389 740 434 locutionis
764 389 985 448 integritas
1001 425 1012 445 ,
1037 388 1283 448 indigerent
1304 389 1450 449 pueri,

65 460 100 504 si
132 459 191 504 eis
223 459 338 504 inter
368 459 590 516 homines,
623 460 700 520 qui
730 459 899 519 integre
925 459 1229 521 loquerentur,
1264 474 1455 505 crescere

64 529 241 574 daretur
249 538 293 574 et
305 529 465 575 vivere.
486 530 732 576 Nescientes
747 530 910 591 quippe
929 530 1016 575 nlla
1033 529 1213 575 nomina
1229 529 1453 587 vitiorum,

64 599 285 662 quidquid
300 600 504 646 vitiosum
519 602 781 662 cujusquam
796 616 870 646 ore
881 600 1101 662 loquentis
1116 599 1335 657 audirent,
1354 615 1456 647 sana

65 671 478 717 suaconsuetudine
495 672 868 732 reprehenderent
884 681 928 716 et
944 680 1149 717 caverent
1163 691 1175 730 3
1190 671 1303 716 sicut
1323 671 1456 717 rusti-

65 757 137 788 cos
158 742 318 787 urbani
340 741 692 803 reprehendunt,
712 743 844 787 etiam
864 742 943 804 qui
963 741 1128 788 litteras
1149 742 1364 788 nesciunt.

63 886 544 917 mmmmm
744 886 1456 910 mmmmm

575 983 792 1034 CAPUT
837 987 924 1037 IV.

397 1115 620 1181 Officium
635 1114 846 1163 doctoris
865 1117 1135 1165 christiani.

124 1257 201 1301 VI.
228 1258 375 1301 DEBET
403 1256 537 1316 igitur
563 1255 811 1302 divinarum
835 1257 1157 1317 Scripturarum
1187 1266 1396 1303 tractator
1415 1266 1460 1303 et

64 1326 235 1383 doctor,
260 1324 464 1371 defensor
481 1336 610 1371 rectae
627 1327 730 1372 fidei
753 1344 802 1372 ac
825 1327 1068 1372 debellator
1085 1329 1241 1373 erroris
1255 1364 1266 1384 ,
1282 1338 1325 1373 et
1342 1329 1459 1375 bona

64 1396 244 1452 docere,
275 1406 318 1442 et
339 1397 454 1442 mala
479 1396 693 1443 dedocere
714 1417 723 1444 :
747 1407 878 1459 atque
912 1399 958 1443 in
983 1399 1067 1443 hoc
1097 1414 1227 1459 opere
1249 1401 1459 1446 sermonis

64 1468 294 1515 conciliare
327 1467 553 1526 adversos,
580 1469 777 1514 remissos
808 1469 996 1528 erigere3
1027 1469 1322 1515 nescientibus
1351 1471 1460 1532 quid

64 1549 232 1601 agatur,
257 1538 366 1601 quid
387 1549 615 1600 expectare
648 1538 837 1584 debeant
860 1540 1074 1584 intimare.
1104 1541 1188 1585 Ubi
1210 1551 1357 1586 antem
1379 1542 1460 1587 be-

64 1611 241 1657 nevolos
257 1647 268 1668 ,
293 1611 508 1668 intentos,
530 1610 693 1656 dociles
711 1620 788 1657 aut
808 1611 1045 1668 invenerit,
1076 1620 1151 1656 aut
1173 1612 1265 1672 ipse
1282 1611 1456 1670 fecerit,

63 1692 218 1728 caetera
238 1681 460 1744 pergenda
491 1691 620 1736 sunt,
655 1683 765 1727 sicut
791 1681 984 1743 postulat
1015 1698 1157 1727 causa.
1197 1683 1241 1728 Si
1270 1683 1459 1728 docendi

63 1764 165 1804 sunt
186 1749 263 1816 qui
285 1753 493 1810 audiunt,
511 1755 760 1803 narratione
782 1752 1033 1798 faciendum
1052 1763 1115 1799 est
1130 1791 1141 1813 ‚
1167 1755 1202 1799 si
1222 1763 1370 1800 tamen
1386 1756 1458 1800 in-

63 1825 232 1884 digeat,
266 1834 318 1870 ut
343 1841 409 1872 res
438 1823 494 1870 de
516 1841 603 1886 qua
637 1825 781 1885 agitur
812 1825 1070 1870 innotescat.
1104 1828 1162 1871 Ut
1190 1834 1336 1870 antem
1358 1842 1459 1888 quae

63 1895 199 1941 dubia
220 1905 320 1941 sunt
348 1905 465 1942 certa
493 1897 624 1952 fiant,
659 1895 934 1941 documentis
963 1896 1169 1943 adhibitis
1197 1898 1460 1943 ratiocinan-

63 1967 172 2013 dum
193 1977 272 2013 est.
306 1967 349 2013 Si
370 1983 475 2013 vero
497 1967 573 2030 qui
596 1967 784 2012 audiunt
803 1967 1010 2013 movendi
1033 1978 1134 2013 sunt
1154 1969 1300 2029 potius
1328 1985 1462 2031 quam

63 2038 250 2104 docendi
266 2074 277 2096 ,
302 2039 415 2084 utin
431 2054 483 2084 eo
501 2038 624 2101 quod
636 2040 732 2103 jam
750 2038 914 2094 sciunt,
936 2038 1106 2099 agendo
1125 2056 1215 2085 non
1232 2050 1456 2102 torpeant,

65 2120 109 2159 et
134 2111 264 2156 rebus
293 2127 515 2156 assensum
531 2147 541 2167 ,
575 2127 682 2173 quas
705 2127 827 2157 veras
851 2127 942 2156 esse
971 2110 1181 2170 fatentur,
1217 2128 1463 2160 accommo-

3 2178 8 2181 ’
66 2181 197 2237 dent,
233 2181 471 2243 majoribus
506 2180 683 2226 dicendi
715 2182 880 2227 viribus
910 2199 1018 2244 opus
1048 2193 1126 2228 est.
1165 2184 1230 2228 Ibi
1266 2184 1463 2230 obsecra-

67 2252 205 2297 tiones
228 2261 272 2296 et
297 2252 639 2313 increpationes,
669 2253 982 2298 concitationes
1012 2264 1056 2298 et
1084 2255 1367 2301 coercitiones
1383 2292 1393 2312 ,
1420 2266 1464 2301 et

68 2317 365 2385 quaecumque
389 2324 469 2370 alia
505 2325 654 2370 valent
688 2325 743 2370 ad
767 2326 1104 2372 commovendos
1135 2327 1322 2384 animos,
1359 2338 1461 2373 sunt

69 2410 320 2441 necessaria.
