1854 3219
385 187 470 226 622
823 199 856 226 s,
893 197 1122 228 incensum
1154 200 1336 229 Emscorr

382 260 513 306 modo
534 275 592 305 ne
613 267 705 306 tota
726 261 969 308 intentione
989 273 1141 325 pergat
1162 265 1207 309 in
1224 263 1335 309 illud
1353 279 1574 310 summum
1588 265 1768 322 coelum,

381 332 580 395 quandiu
602 349 692 378 non
714 334 863 379 subest
885 351 1065 396 corpus,
1091 338 1214 398 cujus
1238 336 1612 382 administratione
1637 353 1774 398 appe-

378 406 483 449 titus
506 405 580 449 illc
603 407 895 466 conquiescat.
925 410 1059 453 Porro
1081 418 1227 453 autem
1248 409 1283 453 si
1303 408 1389 452 talc
1409 409 1462 453 sit
1483 425 1664 469 corpus,
1691 424 1771 453 cu-

372 477 444 536 jus
460 477 514 521 sit
533 476 721 522 difficilis
743 487 786 522 et
802 478 940 537 gravis
956 479 1287 535 administratio,
1309 479 1421 524 sicut
1439 480 1533 525 haec
1549 495 1649 525 caro
1670 495 1772 540 quae

378 549 698 608 corrumpitur,
739 557 782 593 et
813 559 1014 608 aggravat
1050 551 1236 595 animam
1255 586 1266 606 ,
1293 550 1348 595 de
1370 552 1610 612 propagine
1631 560 1773 595 trans-

376 621 602 678 gressionis
640 619 846 676 existens,
880 621 1021 667 multo
1049 623 1182 681 magis
1219 623 1436 667 avertitur
1466 637 1589 667 mens
1617 622 1672 667 ab
1697 621 1772 666 illa

375 691 540 735 visione
559 692 716 735 summi
745 692 845 737 coeli
871 709 882 736 .·
913 693 1032 738 unde
1054 694 1293 739 necessario
1317 692 1573 754 abripienda
1597 702 1690 738 erat
1715 693 1771 737 ab

375 761 570 822 ejusdem
589 763 728 806 carnis
743 763 956 820 sensibus,
974 773 1024 808 ut
1039 764 1076 808 ei
1094 765 1318 825 quomodo
1332 779 1486 825 capere
1499 773 1644 824 posset
1660 761 1774 808 illud

375 832 693 878 ostenderetur.
721 834 908 879 Proinde
930 851 1031 879 cum
1054 836 1137 880 hoc
1155 851 1312 895 corpus
1328 836 1420 896 jam
1443 851 1534 879 non
1553 833 1767 890 animale,

375 903 451 947 sed
471 919 548 964 per
569 903 766 949 suturam
797 906 1185 950 commutationem
1216 905 1407 966 spiritale
1437 906 1647 966 receperit
1677 909 1772 949 An-

375 973 479 1032 gelis
504 987 726 1037 coaequata
742 1012 752 1032 ,
777 976 1024 1037 perfectum
1045 976 1228 1021 habebit
1253 986 1422 1021 naturae
1446 992 1535 1021 suae
1557 975 1739 1021 modum
1757 1010 1768 1031 ,

375 1045 582 1091 obediens
603 1057 646 1091 et
668 1047 901 1108 imperans,
928 1048 1145 1092 vivificata
1169 1058 1213 1093 et
1228 1048 1475 1104 vivificans,
1497 1054 1587 1092 tam
1609 1048 1772 1092 ineffa—

374 1118 453 1163 bili
470 1119 700 1176 facilitate,
722 1132 772 1167 ut
793 1123 846 1167 sit
869 1122 907 1166 ci
926 1122 1074 1181 gloriae
1096 1122 1219 1183 quod
1237 1123 1419 1167 sarcinae
1438 1121 1538 1167 fuit.

1014 1278 1162 1296 mm
1463 1272 1765 1295 mmm

374 1277 587 1295 ΝΜ
590 1277 802 1296 mmmm

822 1402 1041 1452 CAPUT
1081 1404 1313 1451 XXXVI.

410 1546 531 1592 Tria
559 1546 796 1591 visionum
816 1529 1010 1609 'genera
1040 1544 1279 1605 quomodo
1312 1553 1455 1590 erunt
1480 1545 1529 1589 in
1560 1541 1727 1590 beatis.

431 1684 590 1726 LXIX.
608 1683 815 1726 Numa-³1
834 1681 951 1725 enim
966 1689 1096 1725 erunt
1107 1690 1150 1725 et
1164 1690 1270 1725 tunc
1284 1681 1363 1725 ista
1375 1680 1453 1724 tria
1470 1694 1627 1738 genera
1637 1680 1770 1726 visio-

372 1769 496 1808 num,
517 1752 592 1796 sed
605 1751 726 1797 nulla
741 1751 925 1796 falsitate
940 1751 1061 1796 aliud
1080 1768 1158 1812 pro
1174 1751 1258 1797 alio
1274 1751 1606 1812 approbabitur,
1626 1767 1706 1796 nec
1724 1752 1771 1796 in

371 1823 687 1884 corporalibus,
704 1839 784 1867 nec
796 1823 841 1867 in
855 1823 1120 1883 spiritalibus
1132 1823 1232 1867 visis
1246 1840 1256 1871 ς
1272 1822 1413 1867 multo
1427 1822 1571 1867 minus
1582 1823 1627 1867 in
1637 1822 1771 1868 intel·-

370 1894 649 1952 lectualibus,
661 1895 821 1956 quibus
836 1895 895 1939 ita
907 1894 1178 1955 praesentatis
1192 1904 1234 1939 et
1247 1894 1483 1955 perspicuis
1498 1893 1767 1954 perfruetur,

372 1976 421 2011 ut
433 1966 564 2026 longe
576 1967 745 2011 minore
754 1965 974 2011 evidentia
988 1982 1106 2010 nunc
1120 1965 1244 2010 nobis
1259 1964 1487 2026 adjaceant
1500 1964 1592 2010 istae
1606 1965 1768 2025 species

371 2038 617 2099 corporales
633 2075 644 2095 ,
675 2054 781 2100 quas
802 2054 932 2083 sensu
955 2038 1094 2083 carnis
1116 2038 1393 2097 attingimus,
1420 2046 1464 2081 et
1478 2037 1536 2081 eis
1562 2036 1690 2082 multi
1709 2037 1769 2081 ita

371 2118 473 2155 sunt
489 2109 642 2166 dediti,
663 2118 710 2154 ut
729 2109 838 2154 solas
857 2125 947 2155 esse
970 2109 1253 2164 arbitrentur,
1271 2118 1314 2152 et
1331 2107 1551 2170 quidquid
1568 2108 1654 2153 tale
1676 2123 1767 2152 non

370 2191 449 2237 est,
462 2191 619 2242 putent
633 2182 812 2227 omnino
831 2197 920 2226 non
933 2196 1037 2225 esse.
1055 2180 1278 2241 Sapientes
1293 2189 1438 2224 autem
1453 2180 1510 2224 ita
1525 2189 1627 2224 sunt
1641 2179 1685 2222 in
1699 2179 1766 2223 his

370 2253 672 2313 corporalibus
694 2253 818 2308 visis,
844 2261 894 2297 ut
917 2251 1114 2313 quamvis
1138 2268 1187 2296 ea
1209 2251 1491 2312 praesentiora
1512 2249 1761 2306 videantur,

370 2324 574 2369 certiores
597 2324 686 2369 sint
706 2333 853 2368 tamen
880 2323 926 2367 in
954 2322 1036 2367 illis
1066 2339 1165 2385 quae
1183 2332 1340 2383 praeter
1361 2322 1552 2382 corporis
1575 2321 1764 2381 speciem

369 2404 619 2457 praeterque
640 2395 830 2456 corporis
854 2393 1183 2438 similitudinem
1209 2393 1495 2453 intelligendo
1518 2401 1762 2453 utcumque

369 2467 638 2528 perspiciunt
653 2488 663 2525 3
688 2466 886 2528 quamvis
900 2482 949 2510 ea
963 2481 1053 2511 non
1071 2465 1244 2511 valeant
1258 2465 1316 2510 ita
1328 2474 1475 2510 mente
1491 2464 1757 2524 conspicere,

369 2547 420 2583 ut
440 2539 534 2584 haec
555 2554 684 2584 sensu
701 2537 893 2598 corporis
905 2537 1147 2583 intuentur.
1166 2536 1311 2584 Sancti
1333 2551 1437 2582 vero
1451 2534 1608 2596 Angeli
1632 2543 1676 2580 et
1692 2534 1759 2579 his
