1854 3219
425 207 513 246 540
855 215 888 243 s.
926 216 1156 245 Aucusrim
1190 217 1372 245 nmscom

424 301 499 329 cus
516 319 526 338 ‚
554 297 641 327 non
678 297 727 325 cx
751 297 802 326 eo
823 281 943 342 quod
968 291 1191 342 acceperat
1219 281 1375 326 cecidit
1392 316 1402 336 ‚
1428 280 1503 326 sed
1536 296 1586 325 ex
1610 295 1661 325 eo
1694 280 1814 341 quod

424 357 655 415 acciperet,
676 354 709 398 si
733 354 861 398 subdi
884 354 1092 400 voluisset
1115 358 1206 400 Deo
1226 374 1234 400 :
1259 353 1381 416 quod
1401 353 1599 413 profecto
1616 354 1718 414 quia
1741 368 1817 398 no-

424 427 528 482 luit,
554 436 597 470 et
620 426 673 470 ab
691 441 742 471 eo
765 425 885 486 quod
908 436 1164 486 accepturus
1182 435 1273 470 erat
1295 424 1468 480 cecidit,
1495 434 1538 469 ct
1558 433 1816 485 potestatem

423 497 539 542 illius
563 498 644 541 sub
667 514 756 558 quo
783 513 872 541 esse
902 496 1043 542 noluit
1062 533 1073 553 ,
1105 513 1195 542 non
1214 496 1348 542 evasit
1374 515 1382 541 ε
1404 495 1657 556 factumque
1679 496 1725 539 in
1742 493 1818 539 illo

425 578 488 612 cst
511 568 702 628 pondere
730 568 1008 623 meritorum,
1035 577 1085 612 ut
1106 584 1185 612 nec
1203 566 1385 627 justitiae
1402 567 1539 626 possit
1555 566 1721 612 lumine
1738 565 1817 610 de-

425 638 601 695 lectari,
628 654 707 684 nec
730 639 785 683 ab
809 640 899 700 ejus
922 640 1135 684 sententia
1159 638 1350 683 liberari.

430 796 460 812 Ἃ
466 794 1820 813 *WMKMQQXRWVUWWWUMJMMQWWUMMMMWVVWUMUMWMMMMRNV!

917 914 1140 961 CAPUT
1175 914 1345 961 XXIV.

426 1051 504 1097 De
524 1067 723 1112 corpore
746 1052 946 1113 mystico
965 1050 1152 1098 diaboli
1171 1049 1534 1114 intelligendum
1554 1067 1656 1096 esse
1675 1048 1795 1095 illud
1806 1068 1817 1095 .·

486 1122 721 1176 Quomodo
743 1123 902 1167 cecidit
918 1123 1092 1169 Lucifer
1106 1159 1117 1180 ‚
1140 1133 1229 1169 etc.
1253 1149 1312 1159 —
1334 1124 1519 1184 Corpus
1545 1121 1741 1168 Christi.
1765 1147 1819 1156 -·-

494 1193 679 1253 Corpus
702 1192 902 1239 diaboli.

487 1331 652 1373 xxxi.
689 1332 815 1383 Quon
838 1344 941 1388 ergo
964 1345 1042 1389 per
1071 1331 1228 1373 Isa'l'am
1251 1329 1511 1388 prophetam
1528 1329 1573 1372 in
1596 1343 1697 1373 eum
1715 1327 1824 1372 dici-

428 1408 529 1444 tur:
560 1419 578 1441 ι(
613 1400 845 1453 Quomodo
867 1399 1024 1444 cecidit
1058 1399 1113 1444 de
1147 1399 1262 1445 coelo
1293 1398 1467 1444 Lucifer
1498 1415 1626 1444 mane
1648 1399 1819 1454 oriens,

431 1490 450 1511 »
487 1471 699 1515 contritus
722 1479 785 1515 est
806 1472 851 1515 in
874 1480 1057 1525 terram⁷
1083 1470 1160 1531 qui
1183 1470 1387 1515 mittebat
1408 1470 1463 1514 ad
1482 1485 1632 1515 omnes
1655 1478 1818 1528 gentes.

431 1561 450 1582 »
489 1545 553 1585 Tu
577 1551 723 1586 autem
743 1541 885 1585 dixisti
907 1556 1036 1586 sensu
1058 1550 1134 1585 tuo
1161 1561 1169 1586 ε
1197 1544 1248 1585 In
1272 1540 1436 1586 coelum
1466 1540 1697 1585 ascendam
1712 1576 1723 1596 ‚
1746 1557 1822 1585 su·-

430 1631 450 1655 »
487 1628 563 1672 per
578 1612 717 1657 sidera
733 1612 833 1657 coeli
851 1628 1013 1672 ponam
1030 1613 1240 1657 thronum
1260 1628 1424 1668 meum,
1436 1612 1598 1657 sedebo
1612 1612 1657 1656 in
1672 1620 1823 1657 monte

488 1682 656 1728 excelso
679 1698 809 1742 super
826 1692 995 1727 montes
1018 1682 1208 1727 excelsos
1231 1684 1307 1743 qui
1330 1691 1432 1726 sunt
1455 1681 1509 1727 ad
1533 1682 1819 1743 Aquilonem,

486 1753 716 1798 ascendam
739 1769 869 1813 super
887 1753 1043 1809 nubes,
1071 1769 1144 1798 ero
1166 1753 1314 1798 similis
1334 1753 1554 1798 Altissimo
1575 1773 1583 1798 :
1605 1769 1724 1798 nunc
1742 1770 1822 1798 au-

431 1843 451 1866 »
488 1834 575 1868 tem
602 1823 658 1868 ad
685 1823 846 1868 inferos
869 1823 1149 1879 descendes1,
1180 1842 1200 1865 »
1227 1834 1270 1869 et
1291 1834 1470 1880 caetera,
1497 1841 1596 1885 quae
1619 1825 1665 1868 in
1682 1825 1822 1884 figura

428 1897 537 1955 regis
575 1894 696 1939 velut
728 1894 964 1953 Babylonis
992 1895 1037 1939 in
1071 1894 1298 1940 diabolum
1333 1895 1449 1940 dicta
1482 1895 1818 1955 intelliguntur,

427 1966 553 2026 plura
574 1966 619 2009 in
642 1967 732 2026 ejus
755 1981 912 2025 corpus
930 1966 1200 2010 conveniunt
1218 2002 1228 2021 ,
1254 1966 1376 2026 quod
1397 1967 1528 2011 etiam
1550 1966 1604 2010 de
1626 1967 1822 2012 humano

428 2052 583 2096 genere
605 2046 843 2096 congregat
864 2057 872 2082 z
895 2046 938 2081 et
959 2037 1005 2080 in
1022 2053 1094 2082 eos
1112 2037 1297 2081 maxime
1319 2038 1394 2098 qui
1413 2039 1450 2082 ei
1468 2053 1547 2097 per
1573 2038 1820 2098 superbiam

427 2109 670 2163 eohaerent,
697 2107 983 2168 apostatando
1022 2124 1044 2153 a
1068 2108 1280 2152 mandatis
1310 2108 1404 2153 Dei.
1450 2108 1571 2153 Sicut
1608 2109 1724 2152 enim
1746 2110 1821 2169 qui

427 2189 519 2223 erat
556 2178 756 2224 diabolus
783 2180 916 2223 homo
953 2178 1097 2223 dictus
1129 2188 1212 2234 est,
1239 2189 1289 2223 ut
1310 2179 1356 2222 in
1378 2178 1618 2238 Evangelio
1641 2199 1650 2224 :
1679 2199 1700 2221 «
1728 2180 1821 2223 lni-

431 2269 450 2290 »
489 2249 624 2293 micus
652 2251 785 2294 homo
809 2250 892 2293 hoc
920 2247 1080 2294 fecit2:
1111 2268 1130 2290 »
1155 2250 1214 2293 ita
1244 2250 1318 2309 qui
1341 2250 1473 2294 homo
1503 2259 1595 2294 erat
1617 2250 1821 2295 diabolus

427 2320 568 2364 dictus
590 2330 653 2364 est
669 2356 679 2375 ,
708 2330 757 2364 ut
779 2336 925 2364 rursus
942 2320 988 2363 in
1010 2319 1248 2378 Evangelio
1270 2339 1277 2364 :
1295 2322 1485 2365 «Nonne
1509 2336 1590 2380 ego
1613 2336 1688 2366 vos
1703 2320 1819 2366 duo-

431 2410 449 2432 »
486 2390 627 2434 decim
648 2391 779 2450 elegi,
806 2401 848 2435 et
870 2407 984 2435 unus
1002 2408 1051 2434 cx
1074 2391 1197 2436 vobis
1216 2390 1415 2436 diabolus
1437 2401 1499 2435 est
1514 2394 1563 2436 3?
1588 2411 1607 2433 »
1629 2395 1687 2436 Et
1707 2392 1819 2437 sicut

427 2478 585 2523 corpus
620 2463 778 2508 Christi
807 2463 927 2523 quod
950 2472 1013 2506 est
1034 2462 1249 2518 Ecclesia,
1275 2461 1435 2507 dicitur
1453 2463 1650 2509 Christus
1666 2499 1677 2519 ‚
1703 2464 1814 2510 sicut

432 1702 440 1724 )

443 1703 451 1723 v

430 1772 439 1794 )

442 1774 450 1794 v

477 2566 483 2581 ¹
508 2562 578 2593 lsai.
600 2571 669 2601 xw,
695 2560 805 2593 1210-15.
827 2577 868 2584 —-
885 2558 1023 2593 ²Mauh.
1041 2570 1112 2601 xm,
1133 2559 1186 2592 28.
1209 2575 1250 2582 --
1271 2557 1390 2592 3Joan.
1416 2569 1532 2601 V1‚70.
