1854 3219
411 233 489 271 130
827 243 859 270 s.
897 245 1126 274 AUGUSTIM
1162 248 1342 275 EPISCOPI

398 385 429 400 Q!
435 384 645 400 wiwwww
652 384 1795 404 mummvnmwvvtummmmmwwvvwiwwwwxmmwvwwwwvv

915 505 1131 556 CAPU'I‘
1169 509 1274 555 xvii.

572 650 649 696 De
673 650 831 697 altera
855 660 1000 711 parte
1028 650 1253 698 versiculi
1276 657 1300 696 5
1329 650 1586 698 Geneseos.

454 787 664 831 XXVIII.
699 806 719 829 «
743 789 806 831 ET
841 789 973 832 Facta
999 796 1062 832 est
1095 802 1273 847 vespera
1302 796 1345 831 et
1379 785 1546 831 sactum
1574 795 1639 831 est
1666 801 1796 830 mane

401 875 420 898 »
455 856 546 901 dies
570 873 697 902 unus.
727 876 746 898 »
778 860 877 904 Non
899 859 1053 903 eodem
1090 858 1223 902 modo
1259 874 1378 902 nunc
1413 857 1657 917 appellatur
1679 856 1793 914 dies,

395 943 484 987 quo
517 944 617 971 eum
649 928 894 984 diceretur,
935 948 954 971 «
991 932 1048 973 Et
1068 928 1388 973 vocavit‘Deus
1420 927 1566 973 lucem
1588 927 1703 972 diem
1731 947 1740 972 :
1773 945 1793 969 »

395 998 472 1041 sed
495 1014 545 1042 eo
568 999 698 1043 modo
716 1015 803 1059 quo
835 999 1043 1055 dicimus,
1069 999 1192 1044 verbi
1215 1000 1370 1058 gratia,
1399 999 1574 1057 triginta
1597 997 1686 1042 dies
1718 998 1798 1042 ha-

395 1068 498 1112 bere
526 1084 718 1113 mensem
747 1090 755 1114 :
791 1071 874 1115 hoc
896 1070 1013 1114 enim
1036 1070 1212 1114 nomine
1230 1069 1315 1113 diei
1343 1079 1492 1114 noctes
1517 1085 1694 1130 quoque
1729 1068 1798 1112 in-

394 1138 638 1193 cludimus;
663 1142 860 1200 superius
883 1151 1030 1186 autem
1062 1142 1121 1186 ita
1145 1141 1287 1186 dictus
1310 1151 1373 1186 est
1395 1142 1506 1196 dies,
1544 1150 1594 1184 ut
1622 1157 1646 1184 a
1669 1149 1798 1184 nocte

394 1211 708 1270 sejungeretur.
744 1215 898 1272 Itaque
939 1228 1041 1257 cum
1070 1212 1144 1256 illa
1188 1213 1382 1272 operatio
1426 1212 1511 1256 diei
1544 1227 1620 1271 per
1652 1210 1798 1255 lucem

395 1292 513 1340 gesta
534 1283 850 1340 insinuaretur,
876 1294 1193 1345 consequenter
1214 1283 1374 1329 factam
1398 1285 1557 1328 dicitur
1590 1299 1680 1328 esse
1707 1299 1799 1328 ves-

391 1369 563 1413 peram,
596 1365 639 1399 et
659 1355 827 1401 factum
854 1371 943 1401 esse
971 1372 1099 1402 mane
1121 1357 1239 1401 diem
1269 1372 1414 1401 unum
1431 1392 1441 1411 ,
1472 1366 1524 1400 ut
1551 1355 1715 1402 seilicet
1741 1355 1796 1400 sit

391 1441 506 1469 unus
534 1425 624 1470 dies
652 1443 675 1470 a
699 1437 844 1486 coepto
867 1427 937 1472 die
962 1444 1100 1489 usque
1118 1427 1174 1472 ad
1201 1438 1400 1488 coeptum
1416 1427 1539 1472 diem
1556 1463 1566 1483 ,
1592 1427 1637 1471 id
1660 1436 1745 1481 est,
1771 1442 1796 1471 a

393 1512 520 1541 mane
542 1514 680 1559 usque
703 1499 759 1543 ad
782 1515 931 1556 mane,
953 1500 1103 1561 quales
1127 1500 1218 1545 dies
1241 1500 1539 1545 annumeratis
1555 1535 1566 1555 ,
1602 1508 1653 1543 ut
1680 1498 1791 1554 dixi,

392 1568 596 1612 noctibus
620 1569 905 1629 appellamus.
933 1572 1017 1616 Sed
1038 1570 1265 1632 quomodo
1288 1570 1403 1615 facta
1431 1581 1495 1615 est
1524 1586 1725 1630 vespera,
1751 1577 1796 1613 et

393 1638 559 1684 factum
588 1651 652 1685 est
683 1645 846 1686 mane?
869 1646 939 1687 An
973 1652 1094 1688 tanta
1127 1659 1249 1687 mora
1278 1643 1485 1703 temporis
1515 1642 1618 1687 fecit
1649 1641 1797 1686 lucem

395 1713 531 1767 Deus,
553 1722 595 1756 et
618 1713 762 1758 divisit
782 1715 896 1758 inter
919 1714 1065 1759 lucem
1080 1724 1122 1759 et
1137 1715 1338 1759 tenebras
1352 1750 1362 1770 ,
1381 1723 1544 1775 quanta
1556 1729 1677 1758 mora
1698 1723 1795 1757 ten-

397 1781 516 1827 ditur
534 1783 624 1828 dies
644 1784 815 1841 lucens,
840 1785 989 1841 idest,
1011 1802 1101 1830 non
1124 1797 1411 1830 annumerata
1434 1795 1561 1830 nocte
1580 1788 1597 1830 Ρ
1630 1788 1687 1829 Et
1718 1784 1796 1828 ubi

398 1857 587 1916 estquod
601 1857 810 1917 scriptum
823 1868 907 1902 est:
929 1878 948 1901 «
966 1858 1122 1903 Subest
1133 1859 1249 1902 enirn
1262 1858 1340 1902 tibi
1355 1874 1454 1902 cum
1466 1857 1582 1902 voles
1598 1872 1721 1917 posse
1732 1858 1763 1911 1,
1773 1875 1792 1898 n

397 1927 431 1970 si
448 1942 557 1985 opus
580 1936 642 1971 est
665 1932 753 1972 Deo
766 1928 1055 1988 productione
1070 1928 1300 1989 temporis,
1322 1938 1371 1972 ut
1390 1927 1555 1988 aliquid
1569 1927 1796 1987 perficiat?
1823 1976 1825 1980 ,

395 2000 466 2041 An
486 1999 630 2042 omnia
650 1998 829 2059 quidem
852 2009 1064 2060 tanquam
1086 2000 1133 2043 in
1154 2009 1244 2043 arte
1268 2008 1399 2060 atque
1418 1999 1585 2043 ratione
1602 1997 1796 2059 perfecta

396 2079 499 2114 sunt
539 2073 672 2126 Deo'2,
698 2071 852 2115 nonin
874 2070 1166 2131 productione
1190 2071 1422 2131 temporis,
1449 2069 1525 2115 sed
1554 2071 1600 2114 in
1630 2071 1720 2130 ipsa
1753 2069 1797 2114 vi

397 2157 486 2202 qua
513 2140 606 2185 illas
629 2142 759 2186 etiam
782 2158 847 2186 res
866 2179 876 2198 ,
912 2158 1018 2203 quas
1046 2159 1136 2187 non
1158 2152 1269 2187 stare
1285 2178 1295 2198 ,
1332 2141 1409 2186 sed
1436 2141 1618 2186 transire
1655 2140 1796 2185 cerni-

398 2228 516 2268 mus,
549 2213 760 2258 stabiliter
793 2214 956 2259 efficit?
983 2217 1083 2260 Non
1116 2215 1231 2258 enim
1262 2223 1306 2258 et
1339 2213 1386 2257 in
1419 2228 1618 2258 sermone
1647 2222 1795 2257 nostro

398 2298 500 2327 cum
517 2284 650 2328 verba
672 2284 754 2328 alia
783 2294 1025 2341 transeant,
1047 2294 1090 2329 et
1112 2284 1194 2329 alia
1216 2285 1473 2340 succedant,
1505 2283 1713 2329 credibile
1732 2293 1796 2328 est

400 2353 479 2397 ista
502 2355 594 2398 fieri
607 2355 652 2399 in
669 2355 759 2415 ipsa
779 2365 892 2411 arte,
919 2372 1006 2417 qua
1026 2365 1232 2416 operante
1254 2354 1463 2399 stabiliter
1481 2354 1708 2398 artificiosa
1726 2370 1796 2398 oc-

402 2427 537 2471 currit
559 2427 710 2471 oratio.
732 2431 997 2488 Quanquam
1018 2443 1120 2487 ergo
1151 2427 1242 2471 sine
1271 2425 1557 2486 productione
1587 2425 1794 2485 temporis

404 2497 534 2542 faciat
552 2502 688 2553 Deus,
715 2499 785 2543 cui
809 2499 957 2542 subest:
980 2514 1102 2557 posse
1122 2513 1224 2542 eum
1245 2497 1363 2542 volet
1385 2518 1395 2553 ς
1421 2497 1525 2556 ipsae
1547 2506 1694 2541 tamen
1712 2512 1792 2540 na-

453 2603 460 2619 ¹
490 2598 562 2637 Sap.
582 2608 634 2637 ΧΗ,
655 2598 703 2628 IS.
731 2614 771 2618 ——
794 2604 804 2618 ²
828 2599 919 2627 Forn-
939 2610 956 2628 [ι
980 2599 1060 2627 Πρω.
