1854 3219
399 210 453 236 DE
484 209 635 237 GENESI
667 208 722 236 AD
755 208 996 248 LITTERAM‚
1033 211 1114 238 Lm.
1154 212 1183 237 1.
1411 199 1493 237 183

104 274 185 318 bus
214 274 419 319 eoaeterni
438 273 519 318 sibi
539 272 672 317 'Verbi
698 273 790 327 sui,
816 281 859 316 ct
880 273 1072 333 quodam
1087 310 1097 330 ,
1129 284 1178 319 ut
1199 275 1258 319 ita
1281 274 1464 318 dixerim
1479 310 1490 330 ,

101 343 198 390 fotu
214 345 375 405 pariter
386 343 590 389 coaeterni
606 344 744 388 sancti
763 343 946 403 Spiritus
963 345 1041 388 sui.
1055 348 1164 391 Nam
1180 355 1223 390 et
1239 344 1352 390 illud
1368 343 1491 406 quod

100 431 180 476 per
196 430 382 475 graecam
401 423 444 459 et
459 413 639 458 latinam
659 412 856 474 linguam
871 413 1040 459 dictum
1057 425 1121 460 est
1142 415 1197 460 de
1217 416 1380 476 Spiritu
1396 415 1491 472 Dei,

103 486 226 548 quod
241 484 594 547 superferebatur
615 499 745 545 super
761 500 894 546 aquas
906 520 916 540 ,
933 485 1175 530 secundum
1200 502 1312 544 syrae
1328 488 1493 550 linguae

100 557 397 613 intellectum,
416 572 515 618 quae
529 556 671 602 vicina
696 564 761 600 est
782 555 991 612 hebraeae,
1010 559 1135 615 (nam
1149 558 1233 602 hoc
1254 573 1279 602 a
1300 560 1493 619 quodam

99 628 231 674 docto
245 627 491 674 Christian-o
511 630 620 686 Syro
635 626 776 672 fertur
792 626 1068 687 expositum),
1082 643 1173 673 non
1187 628 1492 688 superfereba-

99 710 188 757 tur,
212 699 289 746 sed
307 698 485 746 fovebat
505 700 665 761 potius,
691 697 876 759 intelligi
894 697 1162 760 perhibetur.
1185 701 1275 745 Nec
1296 700 1409 746 sicut
1424 702 1493 749 fo-

97 781 257 818 ventur
270 781 461 817 tumores
479 780 555 816 aut
572 770 753 816 vulnera
765 771 812 815 in
823 785 1004 831 corpore
1021 770 1143 831 aquis
1159 770 1230 816 vel
1244 770 1410 832 frigidis
1421 774 1493 820 vel

97 842 241 888 calore
257 859 452 902 congruo
469 842 740 902 temperatis:
761 841 837 887 sed
853 842 964 887 sicut
977 858 1055 887 ova
1078 840 1284 887 foventur
1301 843 1356 888 ab
1374 844 1490 890 aliti-

95 914 206 970 bus,
231 914 308 958 ubi
322 913 440 959 calor
458 913 532 958 ille
547 914 734 959 materni
752 913 941 974 corporis
957 913 1088 957 etiam
1105 912 1342 959 formandis
1353 916 1490 976 ‘pullis

95 983 288 1046 quodam
304 984 437 1030 modo
455 984 809 1041 adminiculatur,
829 1000 906 1045 per
923 983 1158 1046 quemdam
1174 985 1220 1028 in
1237 1001 1316 1031 suo
1334 1002 1490 1045 genere

95 1055 339 1101 dilectionis
361 1056 584 1100 affectum.
608 1058 707 1102 Non
724 1056 872 1118 itaque
894 1071 971 1116 per
991 1055 1182 1114 singulos
1196 1055 1286 1101 dies
1307 1058 1490 1104 istorum

95 1141 278 1187 operum
296 1126 545 1172 divinorum
569 1135 778 1188 tanquam
800 1125 1061 1187 temporales
1083 1142 1210 1172 voces
1232 1129 1310 1172 Dei
1335 1145 1490 1175 carna-

92 1197 192 1243 liter
209 1197 466 1257 cogitemus.
486 1200 585 1244 Non
601 1198 717 1243 enim
735 1197 791 1243 ad
804 1198 888 1243 hoc
905 1198 996 1258 ipsa
1013 1198 1091 1242 Dei
1110 1198 1328 1259 Sapientia
1341 1210 1488 1246 nostra

92 1268 346 1314 infirmitate
379 1278 578 1330 suscepta
607 1269 729 1314 venit
760 1268 815 1312 ad
847 1267 1116 1328 colligendos
1149 1269 1231 1313 sub
1269 1269 1356 1316 alas
1390 1287 1487 1317 suas

93 1337 206 1383 filios
229 1338 468 1384 Jerusalem
484 1341 517 1395 1,
541 1338 917 1400 quemadmodum
940 1339 1101 1398 gallina
1127 1339 1271 1400 pullos
1293 1356 1414 1398 suOS,
1435 1352 1484 1403 ut

90 1424 262 1470 semper
287 1410 459 1470 parvuli
491 1410 650 1468 simus,
686 1409 763 1456 sed
796 1420 846 1456 ut
881 1410 1049 1455 malitia
1081 1411 1297 1469 infantes,
1337 1423 1485 1460 mente

90 1481 216 1541 pueri
238 1497 328 1526 esse
350 1481 640 1526 desinamus2.

150 1554 380 1597 XXXVII.
411 1555 470 1598 Et
499 1552 546 1597 in
578 1552 706 1598 rebus
735 1552 930 1598 obscuris
959 1561 1089 1614 atque
1120 1569 1144 1598 a
1164 1553 1322 1599 nostris
1345 1554 1482 1601 oculis

89 1622 411 1680 remotissimis,
435 1624 470 1668 si
492 1640 579 1685 qua
601 1622 705 1668 inde
727 1624 885 1684 scripta
909 1624 1039 1669 etiam
1057 1623 1205 1670 divina
1225 1624 1481 1685 legerimus,

89 1709 190 1754 quae
219 1693 386 1754 possint
411 1693 528 1739 salva
560 1694 647 1740 fide
677 1711 765 1756 qua
794 1694 1058 1752 imbuimur,
1091 1693 1193 1740 alias
1217 1706 1348 1758 atque
1379 1697 1483 1743 alias

88 1781 240 1826 parere
268 1766 524 1821 sententias,
560 1767 606 1811 in
631 1767 799 1812 nullam
833 1783 985 1812 earum
1014 1784 1092 1812 nos
1117 1769 1332 1829 praecipiti
1359 1770 1481 1814 affir-

88 1837 279 1882 matione
312 1837 372 1881 ita
404 1836 679 1898 projiciamus
696 1873 707 1894 ,
738 1847 787 1882 ut
809 1838 842 1882 si
871 1837 983 1882 forte
1008 1838 1260 1898 diligentius
1289 1839 1480 1886 discussa

88 1907 244 1952 veritas
260 1923 356 1952 eam
372 1917 488 1952 recte
506 1906 849 1964 labefactaverit,
872 1925 1125 1955 corruamus
1145 1930 1154 1955 :
1172 1926 1262 1955 non
1283 1927 1362 1971 pro
1380 1927 1480 1956 sen-

88 1977 223 2022 tentia
247 1976 494 2023 divinarum
520 1979 841 2040 Scripturarum
857 2015 868 2036 ,
899 1979 972 2024 sed
991 1996 1070 2041 pro
1093 1990 1239 2026 nostra
1264 1981 1325 2026 ita
1347 1981 1478 2027 dimi-

86 2057 255 2105 cantes,
288 2058 339 2094 ut
366 2065 461 2095 eam
487 2050 671 2096 velimus
704 2051 1025 2112 Scripturarum
1058 2068 1174 2109 esse,
1206 2069 1302 2114 quae
1330 2063 1478 2100 nostra

87 2128 174 2179 est3
192 2136 294 2166 cum
310 2121 456 2182 potius
478 2137 574 2167 eam
585 2157 596 2179 ,
613 2139 714 2184 quae
731 2123 1054 2184 Scripturarum
1075 2134 1160 2182 est,
1180 2134 1373 2171 nostram
1387 2140 1478 2170 esse

86 2190 199 2237 velle
220 2192 470 2238 debeamus.

135 2294 145 2311 ¹
164 2285 285 2322 Matths
299 2300 388 2331 xxm,
405 2290 454 2324 37.
479 2307 521 2314 --
543 2297 556 2314 2
575 2302 588 2324 1
603 2292 677 2325 Cor.
700 2302 776 2334 x1v,
795 2301 850 2325 20.
