1854 3219
379 159 467 198 638
998 171 1146 198 mmsx.

405 241 481 271 Cn».
500 248 530 271 v.
556 236 646 270 Ordo
662 236 834 269 creationis
846 247 953 269 rerum
966 249 1024 276 per
1042 249 1099 270 sex
1111 238 1192 281 dies,
1204 249 1266 272 non
1278 238 1452 273 intervallis
1470 241 1662 283 temporum,

602 293 657 324 sed
676 292 874 325 connexione
892 304 1070 326 causarum.
1710 296 1774 329 309

484 362 524 384 vi.
552 354 599 384 De
616 349 774 383 versiculo
791 353 810 382 5
823 351 938 393 capitis
956 363 977 383 11
1000 353 1173 393 Geneseos‚
1193 351 1246 385 ubi
1265 352 1310 385 sic
1329 352 1465 395 legitur:
1482 353 1563 386 Non
1579 353 1667 387 enim

598 407 761 451 pluerat,
790 413 855 440 etc.
880 409 928 440 An
953 408 1027 440 inde
1045 407 1285 450 intelligendum
1309 409 1414 442 onmia
1439 408 1531 441 simul
1554 412 1666 442 creata

600 472 679 494 csse.
1711 464 1775 494 313

467 529 522 551 vu.
550 520 596 550 De
612 518 703 550 sonte
715 518 770 560 qui
788 517 913 560 rigabat
931 522 1032 550 totam
1047 518 1362 551 terram.-Semina
1382 529 1504 552 rerum.
1709 520 1776 551 314

454 586 524 607 vni.
549 577 624 613 Quae
642 574 807 616 Scriptura
824 574 963 616 reticet,
982 578 1138 617 quatenus
1160 574 1376 616 conjectando
1395 573 1542 618 proferre
1552 574 1658 618 juvat.
1709 575 1774 606 316

478 642 519 663 lx.
547 630 723 662 Difficultas
736 630 776 661 de
792 629 878 661 fonte
900 634 1019 662 terrain
1038 631 1216 664 universam
1229 631 1394 674 irrigante.
1709 631 1774 661 317

493 696 526 717 x.
553 686 632 717 Fons
648 685 699 718 ille
713 690 832 718 terram
851 689 954 718 totam
971 686 1074 728 rigans
1085 690 1120 718 ut
1140 686 1381 730 intelligendu&

462 740 523 785 (xi.
549 744 667 774 Rerum
681 742 879 774 creationem
898 741 1032 785 primam
1048 742 1170 776 factam
1188 754 1255 776 esse
1279 744 1346 777 sine
1360 742 1516 787 temporis
1536 752 1639 777 mora:

596 798 904 830 administrationem
921 799 1052 831 nonita.
1710 794 1775 829 319

472 864 527 886 xn-
552 854 661 897 Opera
679 853 737 886 Dei
747 853 806 885 sub
820 853 937 896 triplici
954 854 1223 887 consideratione.
1708 854 1775 885 320

456 921 524 943 xm.
550 909 667 943 Omnia
685 915 856 953 antequam
872 910 989 943 fierent
1003 936 1012 953 ‚
1032 911 1064 942 in
1081 912 1246 954 Sapientia
1263 912 1332 945 Dei.
1707 911 1772 942 321

461 978 526 1000 xlv.
552 967 631 1000 Illud
646 978 685 999 ex
710 970 851 1009 Joanne,
877 964 978 1009 Quod
992 966 1136 1011 ιῘὶιετιιιη
1154 976 1229 1012 est,
1256 976 1343 1011 etc.‚
1366 966 1526 1013 quomodo
1550 965 1664 1001 distin-

597 1024 766 1065 guendum.
1708 1022 1774 1053 322

470 1090 524 1113 xv.
551 1080 667 1113 Omnia
688 1081 787 1124 qualis
800 1082 866 1114 rita
884 1086 957 1114 sunt
973 1082 1005 1113 in
1021 1087 1101 1116 DeO.
1707 1079 1773 1110 323

455 1148 523 1169 xvr.
549 1139 650 1168 Deum
661 1137 786 1169 facilius
804 1142 914 1170 mente
926 1138 1120 1182 percipimus
1137 1148 1232 1181 quam
1253 1141 1430 1172 creaturas.
1710 1132 1777 1168 324

443 1203 527 1225 xvu.
551 1195 633 1226 Ante
650 1194 776 1236 saecnla,
795 1207 814 1227 a
831 1195 958 1238 santulo,
978 1197 1009 1227 in
1030 1195 1155 1231 saeculo.
1708 1190 1774 1224 325

437 1261 526 1284 xvm.
551 1253 711 1284 Creaturae
727 1253 832 1295 plures
849 1253 938 1285 nobis
956 1253 1080 1296 ignotae.
1106 1255 1172 1292 Qua
1189 1253 1315 1286 ratione
1333 1264 1351 1285 a
1366 1255 1433 1285 Deo
1449 1255 1483 1284 et
1500 1251 1542 1284 ab
1563 1252 1664 1294 Ange-

599 1310 637 1341 lis
655 1315 840 1344 noscuntur.
860 1329 903 1335 -—
916 1312 1060 1353 Cognitio
1078 1312 1235 1344 matutina
1251 1315 1285 1344 et
1301 1311 1496 1352 vespertina.
1709 1308 1773 1341 326

455 1377 522 1400 nx.
549 1367 659 1409 Angeli
680 1367 739 1400 Dei
765 1368 868 1400 nuntii
887 1368 1072 1410 mysterium
1096 1368 1185 1411 regni
1204 1368 1357 1401 coelorum
1382 1370 1542 1401 noverunt
1562 1377 1581 1400 a
1601 1377 1660 1399 sae-

601 1424 690 1457 culis,
1708 1422 1772 1454 327

471 1492 524 1514 xx.
551 1485 652 1514 Deum
669 1481 772 1514 adhuc
789 1483 928 1524 operari.
1708 1481 1773 1512 329

458 1548 523 1570 xxr.
550 1538 662 1570 Omnia
678 1538 846 1580 gubernari
860 1537 967 1571 divina
985 1532 1201 1580 proviilentia.
1708 1536 1775 1567 330

444 1605 520 1627 xxu.
549 1596 743 1637 Argumenta
759 1593 873 1626 divinae
893 1593 1112 1636 providentiae.
1708 1593 1771 1624 331

431 1660 523 1685 xxm.
549 1651 714 1691 Quomodo
730 1653 814 1684 Deus
837 1650 942 1684 omnia
965 1649 1056 1682 simul
1081 1648 1267 1691 creaverit,
1291 1651 1326 1682 et
1343 1659 1428 1682 nune
1451 1658 1550 1692 usque
1577 1658 1660 1693 ope-

601 1712 701 1741 retur.
1707 1705 1772 1737 333

381 2000 427 2038 In
442 1999 539 2038 illud
553 1997 737 2039 versiculi
757 2005 773 2033 τ
796 1997 930 2045 capitis
945 2008 974 2032 11
989 1997 1184 2034 Geneseos
1200 2008 1209 2031 ε
1229 1995 1307 2031 «Et
1326 1994 1438 2031 finxit
1454 1993 1557 2031 Deus
1575 1994 1771 2031 hominem

429 2074 445 2093 η
463 2058 666 2106 pulverem
677 2056 724 2093 de
739 2058 852 2097 terra,
866 2055 1159 2101 ete.»qu0m0do
1172 2064 1240 2091 seu
1250 2053 1402 2100 quando
1417 2052 1464 2089 de
1477 2053 1569 2090 limo
1584 2052 1771 2090 formatus

426 2118 542 2155 homo
567 2115 778 2163 inquiritur
800 2128 808 2151 ι
831 2118 911 2152 tum
929 2114 1044 2152 dilata
1073 2114 1259 2161 tantisper
1281 2112 1588 2150 consideratione
1610 2111 1769 2153 animae,

427 2177 569 2214 dicitur
580 2176 627 2212 de
646 2184 805 2221 corpore
825 2172 979 2211 Adami.

411 2289 485 2322 Cn.
501 2299 525 2321 1.
551 2289 600 2321 An
621 2286 723 2327 istud3
743 2285 796 2318 Et
812 2283 923 2325 finxit
940 2285 1043 2324 Deus,·
1058 2291 1121 2317 etc.
1143 2283 1183 2315 de
1200 2282 1300 2326 prima
1317 2280 1450 2313 hominis
1467 2280 1660 2315 formatione

602 2343 688 2375 facta
701 2341 754 2374 die
769 2344 879 2383 sexto,
894 2351 934 2372 an
950 2340 991 2373 de
1008 2339 1108 2372 altera
1132 2336 1290 2382 posterius
1304 2341 1337 2370 et
1351 2346 1410 2380 per
1427 2337 1580 2381 temporis
1595 2347 1660 2370 mo-

600 2409 668 2431 ram
688 2397 772 2431 facta
784 2396 1032 2439 intelligendum.
1705 2391 1769 2422 336

490 2466 522 2487 11.
550 2456 612 2487 Res
632 2453 810 2497 exploratur
829 2463 867 2485 ex
880 2455 1034 2485 contextu
1049 2451 1220 2494 Scripturae
1240 2448 1355 2492 capitis
1373 2451 1404 2491 1,
1418 2450 1473 2482 26.
1702 2446 1767 2477 337

480 2521 526 2542 111.
551 2510 669 2543 Eadem
686 2509 815 2552 quaestio
834 2519 873 2542 ex
885 2507 953 2540 aiiis
972 2506 1049 2539 locis
1066 2506 1237 2549 Scripturae
1253 2505 1432 2538 discutitur.
1703 2501 1768 2532 338
