1854 3219
371 180 385 215 1
403 180 450 216 18
809 187 843 215 s.
882 187 1112 217 AUGUSTINI
1145 191 1326 219 prscom

361 257 449 315 jam
471 254 636 298 dictum
656 262 713 297 est
731 274 738 298 ;
769 254 925 298 «Fecit
944 258 1058 299 Deus
1080 255 1244 300 eoelum
1261 266 1302 301 et
1324 266 1493 302 terram.
1523 274 1543 299 »
1568 258 1635 302 Sic
1652 273 1753 316 ergo

367 324 669 385 accipiendum
685 334 747 368 est
766 345 773 368 z
796 328 846 368 In
864 326 1077 386 principio
1096 326 1194 371 fecit
1208 331 1321 372 Deus
1336 328 1499 373 coelum
1516 337 1559 373 et
1577 338 1752 386 terram,

364 399 460 442 haec.
497 405 642 440 autem
681 406 792 440 terra
830 413 963 456 quam
1000 401 1113 443 Deus
1154 397 1278 454 fecit,
1320 398 1544 444 invisibilis
1576 409 1667 444 erat
1712 410 1757 446 et

366 469 652 528 incomposita
670 503 680 523 ,
714 467 854 513 donec
879 469 933 513 ab
968 469 1123 515 eodem
1150 470 1242 531 ipso
1269 470 1603 528 discerneretur,
1634 482 1678 517 et
1703 488 1756 517 ex

364 540 620 587 confusione
648 541 694 584 in
726 556 872 585 rerum
903 546 1021 587 certo
1054 541 1205 587 ordine
1229 542 1580 588 constitueretur.
1606 546 1676 588 An
1697 544 1757 590 sic

364 612 519 657 melius
540 610 812 670 intelligitur,
833 622 882 657 ut
898 613 944 658 in
966 613 1046 658 hac
1065 615 1321 659 executione
1343 629 1490 659 rursus
1511 614 1664 659 eadem
1686 630 1757 660 re-

365 699 463 728 rum
486 682 685 727 materies
705 683 1102 741 commendaretur,
1120 701 1219 746 quae
1236 685 1432 745 superius
1449 684 1550 730 coeli
1571 694 1615 730 et
1631 695 1758 730 terrae

365 755 544 800 nomine
566 765 821 815 nuncupata
837 765 915 812 est,
936 766 986 800 ut
1000 757 1076 801 iste
1094 756 1148 801 sit
1165 772 1334 801 sensus:
1352 759 1404 800 In
1421 755 1635 817 principio
1654 756 1758 802 fecit

365 830 481 872 Deus
503 825 669 870 coelum
692 834 735 870 et
757 835 915 872 terram
931 863 942 882 ,
968 828 1051 872 hoc
1077 836 1224 872 autem
1247 826 1368 887 quod
1387 826 1551 872 coelum
1581 836 1625 872 et
1645 837 1759 873 terra

365 897 531 942 dictum
551 906 630 950 est,
649 906 760 942 terra
778 907 870 942 erat
886 898 1111 943 invisibilis
1128 908 1170 942 et
1185 898 1488 958 incomposita,
1505 907 1550 943 et
1566 898 1760 945 tenebrae

364 985 494 1029 super
517 969 750 1027 abyssum,
775 968 821 1013 id
842 980 928 1024 est,
955 969 1076 1030 quod
1104 968 1267 1014 coelum
1290 979 1334 1014 et
1356 979 1467 1014 terra
1491 969 1760 1030 appellatum

365 1049 429 1084 est
445 1075 455 1095 ,
477 1039 675 1084 materies
694 1050 785 1084 erat
806 1040 989 1085 confusa
1007 1039 1211 1101 quaedam
1229 1077 1239 1096 ‚
1265 1040 1320 1085 de
1337 1056 1425 1102 qua
1442 1040 1634 1086 mundus
1651 1077 1662 1097 ,
1685 1043 1761 1103 qui

366 1111 537 1156 duabus
560 1111 756 1155 maximis
780 1112 977 1171 partibus
994 1147 1004 1167 ,
1035 1111 1149 1157 coelo
1175 1112 1339 1157 scilicet
1362 1122 1405 1157 et
1432 1122 1545 1157 terra
1567 1122 1758 1169 constat,

365 1183 539 1242 digestis
575 1183 800 1227 elementis
839 1193 882 1228 et
921 1194 1098 1244 accepta
1135 1184 1275 1229 fornia
1314 1184 1618 1229 fabricaretur.
1652 1187 1762 1239 Quae

365 1256 565 1301 confusio
588 1257 779 1300 materiae
803 1257 862 1300 sic
892 1257 1037 1316 potuit
1058 1257 1269 1301 insinuari
1290 1256 1492 1317 populari
1514 1255 1763 1316 intelligen-

364 1329 459 1384 tire,
486 1329 519 1372 si
540 1328 758 1373 diceretur
777 1337 890 1372 terra
914 1328 1139 1374 invisibilis
1155 1364 1165 1384 ,
1191 1337 1235 1373 et
1248 1329 1535 1388 incomposita
1557 1327 1626 1373 vel
1643 1328 1764 1373 inor-

366 1400 515 1444 dinata
543 1399 613 1443 vel
634 1399 867 1458 imparata,
894 1409 937 1443 et
959 1399 1151 1444 tenebrae
1184 1415 1314 1460 super
1335 1400 1540 1458 abyssum
1557 1435 1568 1455 ,
1601 1400 1649 1444 id
1670 1409 1758 1456 est,

366 1487 496 1531 super
509 1468 858 1530 profunditatem
876 1470 1160 1515 vastissimam
1179 1490 1187 1515 :
1209 1487 1309 1531 quae
1326 1487 1473 1515 rursus
1487 1470 1762 1531 profunditas

367 1559 418 1587 ex
456 1559 506 1587 eo
538 1542 718 1586 fortasse
750 1542 975 1586 nominata
1012 1552 1102 1598 est,
1133 1543 1236 1603 quia
1274 1543 1437 1589 nullius
1473 1542 1762 1603 intelligentia

367 1623 548 1674 propter
565 1614 703 1673 ipsam
723 1612 1040 1658 informitatem
1061 1615 1279 1674 penetrari
1296 1623 1453 1674 potest.

427 1688 530 1729 XII.
559 1704 577 1727 α
593 1688 649 1728 Εῖ
664 1684 858 1728 tenebrae
877 1693 999 1728 erant
1015 1700 1144 1744 super
1161 1685 1383 1743 abyssum.
1400 1704 1420 1726 »
1444 1687 1600 1731 Utrum
1618 1685 1768 1730 subter

368 1759 549 1815 abyssus
573 1766 665 1801 erat
693 1766 735 1801 et
768 1773 897 1818 supra
921 1758 1135 1812 tenebrae,
1161 1759 1284 1818 quasi
1314 1760 1405 1819 jam
1440 1757 1535 1803 loca
1563 1757 1768 1804 distincta

367 1832 539 1875 essent?
561 1833 630 1874 An
657 1829 867 1890 quoniam
899 1830 1091 1873 materiae
1122 1829 1266 1874 adhuc
1288 1830 1488 1875 confusio
1510 1831 1761 1891 exponitur,

368 1900 490 1962 quod
512 1901 641 1944 etiam
653 1908 724 1945 mig
738 1915 874 1958 graece
897 1899 1072 1955 dicitur,
1094 1900 1192 1946 ideo
1209 1901 1377 1946 dictum
1398 1911 1483 1947 est:
1514 1921 1534 1944 «
1555 1902 1768 1946 Tenebrae
1829 1932 1833 1962 3

372 1992 392 2014 »
430 1981 553 2016 erant
576 1987 706 2032 super
720 1972 946 2029 abyssum,
973 1993 989 2014 »
1010 1972 1111 2033 quia
1134 1972 1208 2016 lux
1226 1989 1315 2018 non
1333 1983 1448 2019 erat:
1470 1990 1570 2035 quae
1587 1974 1621 2018 si
1638 1983 1763 2030 esset,

369 2045 523 2104 utique
546 2059 675 2103 supra
697 2052 808 2087 esset
822 2079 832 2098 ,
858 2043 961 2104 quia
983 2053 1094 2087 esset
1115 2044 1394 2100 eminentior,
1420 2054 1463 2089 et
1486 2060 1536 2089 ea
1564 2060 1665 2105 quae
1685 2045 1766 2089 sibi

368 2117 564 2176 subjecta
583 2126 726 2171 erant,
751 2115 1045 2160 illuminaret?
1060 2119 1118 2161 Et
1139 2131 1286 2161 revera
1309 2117 1385 2177 qui
1407 2115 1638 2175 diligenter
1660 2132 1768 2163 con-

371 2186 534 2231 siderat
562 2186 671 2247 quid
694 2187 779 2231 sint
799 2187 993 2231 tenebrae
1010 2223 1020 2242 ,
1045 2186 1154 2231 nihil
1172 2187 1293 2232 aliud
1314 2188 1482 2233 invenit
1503 2204 1638 2249 quam
1659 2188 1768 2234 lucis

371 2258 629 2302 absentiam.
659 2261 724 2302 Ita
745 2258 874 2316 igitur
901 2258 1068 2303 dictum
1098 2267 1183 2304 est:
1215 2278 1235 2301 «
1258 2259 1468 2303 Tenebrae
1492 2268 1616 2304 erant
1638 2275 1768 2320 super

373 2347 394 2370 »
431 2329 632 2386 abyssum
661 2347 700 2383 »,
738 2344 787 2372 ac
820 2329 853 2373 si
887 2329 1055 2373 dictum
1088 2338 1198 2373 esset
1231 2348 1239 2374 :
1275 2331 1374 2374 Non
1409 2339 1501 2374 erat
1534 2330 1610 2374 lux
1638 2345 1768 2390 super

369 2401 590 2458 abyssum.
612 2404 888 2460 Quapropter
905 2402 998 2445 haec
1016 2401 1214 2446 materies
1238 2418 1337 2462 quae
1359 2402 1646 2462 consequenti
1661 2417 1768 2462 ope-

369 2473 537 2516 ratione
567 2472 664 2527 Dei,
694 2472 737 2514 in
767 2487 912 2515 rerum
936 2471 1096 2517 formas
1126 2471 1325 2517 ordinata
1359 2471 1657 2532 distinguitur,
1683 2489 1763 2533 ap-

371 2543 530 2603 pellata
557 2553 619 2588 est
642 2554 753 2588 terra
777 2543 1001 2599 invisibilis
1024 2553 1066 2587 et
1089 2544 1370 2604 incomposita
1388 2580 1399 2594 ,
1425 2555 1468 2589 et
1489 2543 1764 2605 profunditas
