1854 3219
284 235 339 262 DE
370 235 521 263 GENESI
553 232 610 262 An
640 232 882 272 uernum,
917 235 1000 262 Lm.
1036 235 1114 262 ΧΠ.
1315 222 1397 261 571

20 299 146 344 rebat
164 297 274 360 quid
294 308 404 343 esset
417 334 428 355 ,
455 299 581 359 eique
603 297 959 358 respondebatur,
979 298 1050 344 vel
1064 299 1212 344 civitas
1229 306 1313 354 est,
1333 297 1404 343 vel

21 369 172 430 populi
192 378 294 414 sunt
308 404 319 425 ,
343 369 413 415 vel
440 369 606 430 aliquid
625 368 746 413 aliud
759 404 770 424 ,
795 384 895 413 cum
911 368 1079 413 videret
1098 368 1172 413 ille
1192 368 1403 424 bestiam,

20 443 108 488 sive
146 440 372 486 mulierem
389 476 400 496 ,
435 441 523 486 sive
561 457 694 501 aquas
711 476 722 496 ‚
764 441 853 486 sive
895 439 1002 501 quid
1045 439 1256 500 ejusmodi
1288 459 1298 485 2
1330 439 1408 484 sed

24 532 46 561 «
73 515 185 569 Scio,
196 513 354 574 inquit,
367 513 586 559 hominem
603 522 777 572 raptum
792 529 930 573 usque
942 513 988 556 in
1002 513 1179 556 tertium
1195 511 1404 557 coelum.»

79 586 134 628 X.
162 582 292 637 Quod
314 583 348 627 si
369 582 606 643 spiritalem
625 583 861 642 imaginem
879 582 1094 643 corporali
1113 581 1299 626 similem
1319 597 1410 625 coe-

21 653 115 699 lum
147 653 353 714 appellari
381 654 612 709 voluisset,
653 655 712 698 sic
754 663 845 697 erat
881 654 1010 698 etiam
1046 654 1187 711 imago
1220 653 1410 712 corporis

22 726 141 786 ejus,
167 725 213 769 in
235 741 322 786 qua
350 724 455 771 illuc
487 734 636 785 raptus
670 724 923 769 ascenderat
947 740 956 765 ε
983 724 1042 768 sic
1075 739 1176 782 ergo
1207 732 1252 767 et
1282 738 1412 766 suum

7 803 180 856 'corpus
199 795 437 855 appellaret
449 832 459 851 ‚
485 797 681 857 quamvis
701 795 937 854 imaginem
955 795 1145 854 corporis
1158 830 1168 849 ‚
1187 792 1413 854 quomodo

22 866 135 911 illud
151 866 330 922 coelum,
356 868 551 927 quamvis
568 868 799 925 imaginem
821 866 949 923 coeli3
970 881 1113 926 neque
1130 874 1301 910 curaret
1323 863 1413 908 dis-

24 952 200 982 cernere
221 937 329 997 quid
350 937 497 992 sciret,
534 946 576 981 et
598 937 703 998 quid
732 937 942 990 nesciret,
974 935 1021 979 id
1050 945 1138 991 est,
1164 935 1266 996 quia
1287 935 1413 978 sciret

25 1016 199 1067 raptum
215 1007 438 1061 hominem
455 1009 593 1067 usque
607 1007 662 1051 ad
679 1007 854 1051 tertium
872 1005 1052 1060 coelum,
1072 1005 1254 1050 nesciret
1270 1013 1413 1048 autem

24 1087 175 1123 utrum
192 1078 237 1121 in
258 1093 438 1137 corpore
455 1092 511 1121 an
523 1087 643 1122 extra
661 1093 841 1136 corpus3
865 1077 941 1121 sed
957 1075 1208 1136 simpliciter
1222 1084 1416 1119 narraret

24 1150 260 1205 visionem,
291 1164 440 1193 earum
475 1165 621 1193 rerum
652 1149 904 1193 nominibus
948 1147 1170 1208 appellans
1210 1146 1283 1190 illa
1316 1162 1415 1206 quae

23 1220 157 1276 vidit,
183 1236 368 1282 quarum
401 1230 524 1265 erant
551 1220 717 1265 similia.
744 1223 853 1264 Nam
885 1229 928 1264 et
955 1236 1033 1264 nos
1067 1219 1252 1263 dicimus
1268 1253 1280 1273 ,
1314 1234 1414 1262 cum

23 1292 190 1342 somnia
213 1301 359 1335 nostra
380 1306 604 1336 narramus
627 1291 696 1336 vel
717 1290 908 1351 aliquam
929 1290 975 1333 in
998 1290 1057 1334 eis
1079 1288 1413 1334 revelationem:

23 1362 127 1411 Vidi
149 1372 345 1407 montem
361 1397 372 1418 ‚
398 1362 489 1407 vidi
512 1363 713 1417 fluvium,
739 1361 829 1406 vidi
846 1372 932 1406 tres
953 1362 1168 1414 homines,
1194 1370 1237 1405 et
1258 1361 1292 1405 si
1309 1359 1417 1420 quid

18 1434 259 1496 ejusmodi,
301 1449 351 1478 ea
384 1434 561 1478 nomina
595 1434 838 1478 tribuentes
876 1432 959 1478 illis
991 1432 1254 1491 imaginibus
1268 1467 1279 1487 ‚
1316 1446 1416 1492 quae

21 1506 191 1557 habent
202 1520 268 1550 res
284 1504 389 1564 ipsae
404 1540 415 1560 ‚
435 1521 623 1565 quarum
641 1503 800 1548 similes
818 1513 941 1548 erant
960 1523 969 1549 z
986 1502 1221 1564 Apostolus
1242 1511 1388 1548 autem
1402 1538 1413 1557 ,

26 1595 49 1624 ς(
84 1574 223 1631 Illud,
246 1574 414 1635 inquit,
440 1575 548 1630 scio,
573 1574 684 1618 illud
706 1574 865 1618 nescio.
892 1593 912 1615 »

82 1649 163 1692 XI.
187 1649 246 1691 At
272 1646 307 1690 si
332 1654 570 1705 utrumque
601 1644 889 1704 imaginaliter
931 1655 1132 1704 apparet,
1176 1653 1417 1704 utrumque

22 1717 182 1778 pariter
195 1716 344 1770 scitur,
364 1716 578 1775 pariterve
592 1715 785 1760 nescitur
803 1734 811 1759 :
833 1715 868 1758 si
887 1724 1033 1760 autem
1044 1715 1220 1776 proprie
1235 1715 1414 1769 coelum,

23 1797 68 1838 et
89 1788 188 1832 ideo
214 1787 372 1844 scitur3
393 1785 616 1847 quomodo
637 1786 784 1846 potuit
808 1785 1098 1844 imaginaliter
1124 1802 1280 1846 corpus
1301 1785 1418 1830 illius

22 1858 211 1908 hominis
229 1859 467 1917 apparere?

82 1932 187 1974 XII.
207 1932 319 1975 Nam
335 1929 369 1972 si
386 1927 551 1973 coelum
568 1943 825 1985 corporeum
837 1927 1086 1982 videbatur,
1105 1942 1239 1988 quare
1256 1926 1420 1971 latebat

23 2010 175 2047 utrum
192 1999 409 2059 corporeis
427 1998 562 2043 oculis
579 1998 831 2043 videretur?
849 1998 891 2043 Si
910 2007 1056 2042 autem
1073 1998 1289 2042 incertum
1307 2006 1414 2052 erat,

24 2080 176 2116 utrum
188 2069 323 2114 oculis
340 2069 557 2129 corporeis
570 2085 625 2114 an
638 2069 793 2129 spiritu
808 2068 1045 2125 videretur,
1066 2077 1109 2112 et
1129 2067 1229 2113 ideo
1251 2067 1418 2113 dictum

25 2150 111 2186 est:
135 2159 157 2184 «
184 2140 282 2185 Sive
304 2140 352 2184 in
372 2155 580 2199 corpore,
605 2139 693 2184 sive
716 2149 835 2184 extra
859 2155 1037 2199 corpus,
1061 2139 1207 2184 nescio
1223 2175 1234 2197 ⁷
1261 2157 1282 2180 »
1304 2153 1418 2199 quo-

25 2209 158 2258 modo
195 2226 286 2256 non
320 2210 536 2256 incertum
571 2219 662 2254 erat
688 2220 732 2255 et
764 2210 903 2266 illud,
935 2220 1085 2255 utrum
1117 2226 1219 2255 vere
1254 2208 1419 2255 coelum

24 2297 286 2342 corporeum
305 2280 541 2335 videretur,
562 2297 618 2325 an
632 2280 920 2341 imaginaliter
938 2281 1270 2326 ostenderetur?
1284 2283 1418 2325 Item-

26 2367 113 2413 que
145 2352 181 2399 si
213 2351 453 2399 substantia
487 2352 743 2411 incorporea
781 2352 1036 2407 videbatur,
1071 2368 1162 2397 non
1192 2352 1239 2396 in
1273 2350 1418 2410 aliqua

26 2422 215 2481 imagine
235 2423 424 2482 corporis
441 2458 451 2478 ‚
476 2422 552 2467 sed
573 2422 685 2467 sicut
705 2422 880 2468 videtur
896 2423 1085 2483 justitia,
1110 2422 1321 2483 sapientia
1337 2457 1347 2476 ‚
1375 2430 1418 2464 et

27 2494 62 2542 si
81 2491 192 2553 quid
207 2491 439 2552 ejusmodi,
464 2501 507 2536 et
527 2493 609 2537 hoc
625 2501 717 2536 erat
738 2491 924 2549 coelum3
945 2491 991 2536 id
1012 2508 1191 2553 quoque
1212 2490 1417 2536 manifes—

26 2573 122 2608 tum
155 2573 240 2618 est,
278 2562 411 2609 oculis
439 2564 570 2623 hujus
606 2564 797 2624 corporis
829 2563 968 2609 videri
1005 2563 1170 2624 aliquid
1204 2563 1290 2608 tale
1327 2577 1416 2607 non
