1854 3219
366 170 417 207 88
820 183 852 208 s.
890 181 1117 210 Accusnm
1150 181 1330 210 muscom

363 256 448 290 tur.
474 248 582 291 Nam
607 245 679 289 illa
703 246 865 290 musica
887 246 1111 307 disciplina
1130 283 1141 304 ,
1162 247 1238 292 ubi
1261 259 1470 290 numerus
1489 243 1568 288 iste
1589 241 1753 302 plenis-

363 317 468 360 sime
487 314 682 370 discitur,
700 332 840 377 usque
861 316 969 362 adeo
992 333 1080 363 non
1103 316 1244 362 defuit
1266 315 1493 376 Prophetis
1512 312 1684 367 nostris,
1704 320 1754 355 ut

362 388 427 432 vir
465 386 737 429 doctissimus
781 388 1073 446 Hieronymus
1110 387 1404 448 quorumdam
1444 386 1574 430 etiam
1617 392 1755 426 metra

362 466 674 502 commemoret
691 460 723 512 ¹,
749 458 794 502 in
816 458 990 503 hebraea
1013 458 1224 502 duntaxat
1254 457 1404 516 lingua
1430 475 1438 501 :
1465 456 1588 516 eujus
1610 463 1661 498 ut
1681 468 1757 498 ve-

362 529 534 572 ritatem
565 539 755 574 servaret
776 530 821 573 in
848 530 1016 584 verbis,
1042 530 1136 573 liaee
1159 528 1259 573 inde
1282 543 1371 571 non
1401 525 1634 571 transtulit.
1661 526 1757 584 Ego

364 607 513 643 autem
546 609 596 643 ut
630 599 684 643 de
716 615 843 644 sensu
875 615 972 644 meo
1002 599 1174 660 loquar,
1200 599 1275 658 qui
1304 598 1409 641 mihi
1438 611 1570 657 quam
1602 594 1695 639 aliis
1717 603 1761 639 et

366 686 502 731 quam
536 670 720 715 aliorum
747 680 811 715 est
842 671 996 731 utique
1028 671 1189 725 notior,
1220 670 1332 713 sicut
1352 669 1397 712 in
1430 683 1528 711 meo
1555 665 1758 726 eloquio,

366 752 584 802 quantum
618 742 813 786 modeste
846 743 938 786 fieri
972 742 1180 796 arbitror,
1213 756 1303 784 non
1336 739 1622 799 praetermitto
1660 737 1763 781 istos

365 828 572 858 numeros
594 812 916 870 clausularum,
942 814 999 857 ita
1023 817 1068 856 in
1092 812 1345 856 auctoribus
1370 810 1525 855 nostris
1549 810 1632 854 hoc
1654 807 1764 853 mihi

367 884 466 943 plus
485 884 652 945 placet,
678 884 798 945 quod
821 884 881 928 ibi
902 900 973 928 eos
996 883 1208 927 rarissime
1230 882 1421 927 invenio.

428 959 570 1000 XLlI.
598 954 774 1000 Grande
796 965 940 999 autem
959 953 1134 998 dicendi
1154 969 1289 1013 genus
1316 954 1400 998 hoe
1427 951 1612 996 maxime
1635 949 1768 995 distat

371 1028 427 1070 ab
445 1027 525 1071 isto
549 1042 705 1085 genere
728 1035 968 1085 temperato
984 1061 994 1080 ,
1021 1025 1143 1086 quod
1159 1040 1250 1069 non
1273 1033 1362 1068 tam
1379 1023 1616 1067 verborum
1638 1037 1768 1067 orna-

369 1098 486 1141 tibus
499 1101 725 1157 comptum
741 1107 819 1151 est,
837 1112 969 1157 quam
985 1095 1229 1140 violentum
1248 1096 1380 1140 animi
1398 1094 1643 1139 affectibus.
1659 1095 1769 1138 Nam

370 1169 487 1227 capit
505 1169 637 1212 etiam
660 1168 731 1212 illa
754 1177 1008 1212 ornamenta
1031 1182 1144 1226 pene
1167 1168 1312 1212 omnia
1334 1187 1343 1211 :
1364 1165 1444 1210 'sed
1463 1182 1511 1209 ea
1531 1166 1563 1209 si
1585 1181 1675 1209 non
1698 1165 1773 1207 ha-

371 1239 540 1293 buerit,
562 1254 651 1281 non
666 1238 862 1297 requirit.
890 1240 1049 1280 Fertur
1071 1237 1235 1295 quippe
1249 1237 1418 1296 impetu
1436 1251 1538 1290 suo,
1557 1244 1601 1279 et
1621 1233 1772 1279 elocu-

374 1310 504 1354 tionis
527 1308 903 1368 pulchritudinem
930 1308 963 1351 si
987 1308 1252 1362 occurrerit,
1277 1308 1320 1351 vi
1343 1322 1488 1351 rerum
1519 1307 1658 1366 rapit,
1684 1321 1774 1349 non

374 1397 481 1427 cura
503 1379 672 1425 decoris
695 1380 888 1423 assumit.
917 1379 1025 1423 Satis
1043 1379 1160 1422 enim
1181 1387 1245 1422 est
1273 1378 1313 1421 ei
1333 1387 1513 1438 propter
1535 1376 1656 1439 quod
1679 1377 1774 1436 agi-

376 1461 466 1506 tur,
501 1460 552 1496 ut
572 1450 704 1495 verba
731 1450 1042 1509 congruentia,
1068 1465 1158 1493 non
1181 1448 1265 1493 oris
1293 1448 1510 1508 eligantur
1535 1447 1772 1503 industria,

380 1522 457 1567 sed
478 1522 665 1582 pectoris
687 1531 925 1582 sequantur
943 1522 1158 1565 ardorem.
1177 1523 1288 1566 Nam
1305 1520 1339 1563 si
1357 1529 1509 1564 aurato
1533 1528 1776 1578 gemmato-

379 1609 467 1654 que
496 1592 612 1637 ferro
646 1592 711 1637 vir
739 1592 860 1636 fortis
896 1602 1103 1648 armetur,
1134 1591 1448 1636 intentissimus
1472 1606 1659 1651 pugnae,
1690 1590 1779 1649 agit

381 1665 562 1726 quidem
585 1664 667 1709 illis
690 1666 817 1709 armis
840 1664 961 1725 quod
983 1665 1096 1723 agit,
1118 1679 1206 1708 non
1230 1664 1332 1723 quia
1356 1663 1565 1724 pretiosa,
1585 1661 1661 1706 sed
1677 1661 1779 1722 quia

385 1752 503 1782 arma
526 1745 627 1781 sunt
645 1756 653 1780 :
674 1735 792 1780 idem
814 1737 903 1796 ipsc
919 1745 982 1779 cst
1004 1745 1152 1779 tamen
1170 1743 1212 1777 et
1227 1733 1345 1779 valet
1362 1733 1626 1794 plurimum,
1647 1733 1779 1777 etiam

384 1823 484 1851 cum
508 1807 683 1851 rimanti
719 1806 853 1850 telum
884 1806 946 1849 ira
970 1802 1164 1862 facit(1).
1199 1804 1300 1862 Agit
1330 1803 1592 1864 Apostolus,
1619 1812 1669 1848 ut
1699 1817 1780 1863 pro

384 1878 633 1937 evangelico
654 1877 893 1920 ministerio
916 1874 1259 1936 patientermala
1278 1875 1410 1935 hujus
1424 1874 1654 1934 temporis,
1679 1889 1781 1918 cum

386 1950 539 1995 solatio
562 1949 780 1993 donorum
799 1948 891 2002 Dei,
919 1947 1063 1991 omnia
1082 1945 1339 1990 tolerentur.
1361 1950 1518 2004 Magna
1543 1961 1608 1990 res
1626 1955 1712 2000 est,
1739 1953 1783 1989 et

388 2021 610 2081 granditer
632 2021 790 2080 agitur,
817 2036 896 2063 nec
919 2018 1078 2063 desunt
1098 2027 1354 2062 ornamenta
1367 2017 1544 2062 dicendi
1563 2038 1572 2062 ε
1599 2036 1616 2058 «
1641 2019 1778 2072 Ecce,

387 2112 408 2135 »
444 2094 586 2153 inquit
600 2129 609 2147 ,
637 2109 754 2136 nune
775 2102 944 2151 tempus
966 2078 1232 2151 acceptabile
1250 2126 1260 2145 ,
1287 2105 1387 2134 ecce
1411 2105 1530 2133 nune
1548 2088 1639 2133 dies
1661 2088 1781 2133 salu-

393 2184 412 2207 »
453 2166 516 2208 tis.
557 2164 731 2209 Nullam
766 2164 810 2206 in
839 2178 1063 2223 quoquam
1097 2161 1250 2205 dantes
1273 2161 1587 2216 offensionem,
1621 2169 1672 2204 ut
1694 2176 1783 2205 non

396 2260 410 2278 »
449 2236 792 2296 reprehendatur
819 2235 1106 2279 ministerium
1140 2243 1338 2278 nostrum
1363 2253 1371 2277 ε
1397 2232 1471 2276 sed
1499 2233 1543 2276 in
1577 2233 1783 2277 omnibus

391 2328 411 2350 υ
448 2308 801 2353 commendantes
824 2307 1109 2365 nosmetipsos
1131 2315 1181 2349 ut
1197 2306 1273 2350 Dei
1300 2305 1519 2348 ministros
1537 2339 1547 2359 ,
1573 2305 1618 2347 in
1647 2303 1783 2348 multa

394 2399 412 2420 »
448 2378 677 2438 patientia,
703 2379 747 2420 in
766 2376 1144 2431 tribulationibus,
1176 2376 1223 2419 in
1247 2375 1574 2419 necessitatibus
1591 2410 1601 2427 ,
1628 2375 1674 2418 in
1701 2390 1783 2418 an-

394 2471 411 2491 »
448 2450 617 2508 gustiis,
636 2449 681 2491 in
700 2448 833 2508 plagis
851 2484 861 2502 ,
888 2448 931 2492 in
953 2448 1198 2493 carceribus
1220 2481 1230 2502 ,
1252 2447 1296 2491 in
1313 2446 1597 2491 seditionibus
1613 2481 1624 2500 ‚
1651 2445 1698 2489 in
1722 2444 1786 2489 la-

442 2542 448 2556 ¹
474 2537 507 2565 In
528 2534 655 2575 prologi»
674 2544 767 2574 sup-“r
781 2533 854 2563 Job.
