1854 3219
409 156 493 194 530
845 168 878 193 s.
913 164 1143 195 AUGUSTml
1177 168 1356 195 Ei‘lscom

406 324 1794 346 mwvsmmmmmoemmmwmwuunammmmmmwmnwmmmmwmx

929 443 1152 510 CAPUT
1187 446 1290 492 xv.

400 579 642 642 Superbia
663 590 709 626 et
730 597 874 627 amor
883 583 1102 642 privatus
1115 584 1290 646 fontes
1309 582 1561 628 malorum.
1577 585 1794 629 ——Amo-

460 670 535 698 res
557 652 666 699 duo.
684 681 744 689 --
762 654 993 702 Civitates
1019 655 1143 702 duce.
1161 682 1216 691 -—-
1233 655 1365 716 Opus
1387 653 1447 701 de
1474 656 1679 702 Cc'vz'tate
1700 655 1798 702 Dei

458 724 727 784 pollicetar.

461 863 584 905 XIX.
619 864 796 907 ancro
818 863 992 907 initium
1015 864 1154 908 omnis
1177 864 1343 923 peceati
1376 862 1625 923 superbiam
1650 863 1792 923 Scrip-

402 941 499 976 tura
522 933 745 988 definivit,
776 933 953 979 dicens:
994 954 1014 977 «
1046 934 1226 978 Initium
1268 934 1407 979 omnis
1441 935 1606 994 peceati
1644 950 1797 994 super-

404 1020 425 1043 »
461 1002 533 1047 bia
546 1005 576 1047 1.
592 1004 707 1048 »Cui
726 1004 973 1049 testimonio
992 1021 1080 1049 non
1098 1005 1457 1050 inconvenienter
1475 1015 1650 1065 aptatur
1665 1006 1796 1049 etiam

401 1072 534 1130 illud,
561 1073 682 1135 quod
703 1075 936 1135 Apostolus
961 1075 1021 1119 ait
1042 1096 1050 1120 ;
1080 1095 1099 1118 «
1121 1075 1261 1120 Radix
1283 1077 1481 1121 omnium
1504 1077 1719 1121 malorum
1735 1085 1800 1120 est

404 1161 425 1185 »
461 1146 695 1190 avaritia2:
724 1164 744 1187 η
771 1147 804 1190 si
828 1146 1049 1191 avaritiam
1080 1146 1327 1205 generalem
1351 1147 1674 1206 intelligamus,
1711 1163 1799 1207 qua

401 1217 587 1277 quisque
611 1217 776 1276 appetit
809 1217 976 1278 aliquid
1012 1218 1196 1278 amplius
1230 1234 1364 1279 quam
1392 1227 1587 1278 oportet,
1622 1227 1800 1278 propter

402 1287 704 1332 excellentiam
737 1304 881 1344 suam,
920 1298 962 1332 et
988 1290 1225 1349 quemdam
1253 1290 1440 1350 propriae
1475 1289 1537 1333 rei
1575 1305 1796 1334 amorem:

402 1358 474 1403 cui
491 1359 707 1418 sapienter
724 1375 886 1403 nomen
908 1359 1042 1403 latina
1065 1359 1216 1419 lingua
1239 1360 1417 1416 indidit,
1443 1376 1545 1404 cum
1567 1359 1802 1420 appellavit

401 1431 636 1490 privatum,
658 1429 779 1490 quod
800 1431 945 1489 potius
966 1447 988 1474 a
1007 1430 1272 1476 detrimento
1296 1448 1429 1492 quam
1453 1432 1509 1476 ab
1529 1432 1800 1475 incremento

400 1500 569 1546 dietum
586 1501 744 1546 elucet.
770 1502 923 1546 Omnis
946 1503 1061 1546 enim
1092 1503 1278 1562 privatio
1300 1504 1475 1547 minuit.
1503 1502 1629 1547 Unde
1653 1503 1801 1562 itaque

399 1571 498 1618 vult
535 1572 725 1616 eminere
757 1572 985 1632 superbia,
1011 1572 1114 1617 inde
1150 1574 1196 1617 in
1231 1575 1448 1632 angustias
1472 1582 1801 1633 egestatemque

402 1643 697 1699 contruditur,
724 1659 826 1688 eun]
854 1659 904 1687 ex
927 1644 1151 1687 communi
1175 1643 1230 1687 ad
1251 1646 1478 1704 proprium
1502 1643 1712 1688 damnoso
1735 1642 1802 1686 sui

401 1730 547 1760 amore
567 1713 794 1773 redigitur.
824 1713 1027 1773 Specialis
1050 1724 1114 1758 est
1136 1724 1284 1759 autem
1307 1716 1484 1760 avaritia
1503 1751 1513 1770 ‚
1539 1731 1639 1776 quae
1669 1714 1802 1758 usita-

401 1787 488 1831 tius
522 1785 767 1847 appellatur
802 1801 923 1830 amor
945 1786 1158 1845 pecuniae.
1187 1788 1322 1848 Cujus
1356 1787 1535 1832 nomine
1567 1784 1802 1846 Apostolus

400 1874 480 1919 per
502 1858 691 1919 speciem
717 1872 851 1916 genus
876 1857 1135 1915 significans,
1160 1858 1451 1903 universalem
1477 1861 1700 1906 avaritiam
1722 1877 1803 1906 vo-

403 1929 524 1975 lebat
555 1928 741 1988 intelligi
779 1927 967 1973 dicendo
995 1948 1003 1973 :
1042 1949 1061 1971 «
1089 1929 1229 1974 Radix
1267 1931 1463 1975 omnium
1498 1931 1715 1977 malorum
1740 1942 1804 1977 est

406 2020 431 2046 >›
466 2001 658 2048 avaritia.
692 2019 712 2042 >›
749 2003 840 2045 Hae
867 2000 984 2044 enim
1023 2010 1066 2045 et
1092 2000 1293 2045 diabolus
1325 2002 1510 2059 cecidit,
1543 2004 1618 2065 qui
1650 2004 1803 2065 utique

406 2089 497 2119 non
515 2072 675 2118 amavit
694 2071 944 2131 pecuniam,
971 2071 1046 2116 sed
1069 2072 1287 2132 propriam
1310 2082 1586 2132 potestatem.
1616 2073 1804 2119 Proinde

405 2160 633 2205 perversus
656 2143 721 2188 sui
743 2158 864 2187 amor
883 2142 1025 2202 privat
1047 2152 1193 2187 saneta
1216 2144 1419 2187 societate
1457 2145 1685 2203 turgidum
1714 2145 1802 2205 spi-

406 2216 557 2271 ritum,
573 2230 763 2275 eumque
781 2222 972 2258 coarctat
984 2213 1153 2257 miseria
1167 2215 1257 2274 jam
1271 2229 1347 2273 per
1362 2214 1638 2275 iniquitatem
1661 2215 1804 2260 satiari

403 2287 668 2348 cupientem.
694 2286 806 2329 Hinc
826 2284 909 2329 alio
926 2284 1023 2329 loeo
1041 2299 1141 2328 cum
1166 2283 1342 2328 dixisset
1360 2304 1367 2329 :
1394 2304 1413 2327 «
1430 2288 1574 2329 Erunt
1588 2287 1705 2330 onim
1723 2287 1804 2331 ho-

408 2377 430 2402 »
465 2358 602 2403 mines
625 2373 669 2401 se
691 2357 804 2417 ipsos
824 2356 1041 2400 amantes³
1061 2377 1071 2413 3
1095 2373 1114 2395 »
1141 2354 1351 2399 continuo
1373 2355 1585 2415 subjecit,
1616 2376 1636 2399 «
1662 2360 1801 2401 Ama-

406 2448 430 2474 »
464 2439 578 2475 tores
607 2428 831 2488 pecuniae,
860 2446 880 2468 »
905 2427 960 2471 ab
982 2426 1057 2470 illa
1081 2425 1271 2485 generali
1295 2425 1473 2470 avaritia
1495 2427 1619 2487 cujus
1641 2443 1801 2488 super-

456 2533 466 2552 ¹
483 2526 584 2560 Eccli.
602 2536 637 2568 x,
662 2524 712 2558 15.
736 2541 776 2547 -—
796 2532 808 2547 ²
828 2525 907 2557 Tim.
925 2535 971 2565 vn,
995 2534 1043 2555 xo.
1065 2539 1108 2546 —-
1124 2520 1138 2546 3
1158 2532 1177 2554 2
1192 2522 1272 2555 Tim.
1300 2533 1345 2563 111,
1369 2531 1400 2555 2.
