1854 3219
133 257 203 272 ΛΕΜ
207 257 414 273 mmmmm}
418 257 555 273 MMRAM
561 258 625 273 ww
629 258 1473 279 ’ΜΜΜΜΜΊΜἈΜΜΜΜΜἏἊΜΊΜΜΜΜ
1479 263 1516 279 W

676 494 966 560 INDEX

199 691 397 736 ΤΟΜΙ
455 692 892 738 CENTESIMI
953 694 1422 739 DUODEGIMI.

355 894 436 940 DE
474 892 805 941 DOCTRINA
844 893 1271 942 CHRISTIANA.

608 1058 746 1095 LIBRI
781 1059 1040 1102 QUATUOR.

663 1388 837 1432 LIBER
879 1389 961 1432 ΙΙΙ.

121 1525 326 1570 Postquam
346 1523 423 1570 egit
448 1523 488 1559 in
506 1523 704 1570 superiore
731 1524 830 1560 libro
858 1523 905 1559 de
927 1523 1162 1560 removenda
1187 1524 1382 1569 signorum
1403 1525 1510 1570 igno-

168 1583 303 1625 rantia,
319 1582 455 1618 transit
472 1593 576 1618 nunc
597 1581 637 1618 S.
654 1582 793 1618 Doctor
810 1582 857 1617 ad
877 1583 1226 1618 considerationem
1240 1583 1509 1628 ambiguitatis,

167 1654 252 1689 quae
274 1653 362 1678 cum
378 1641 417 1677 in
438 1642 625 1688 propriis,
644 1644 724 1677 tum
744 1642 783 1677 in
805 1642 998 1678 translatis
1015 1641 1132 1687 signis
1151 1643 1332 1677 occurrit.
1354 1641 1398 1677 In
1425 1653 1509 1688 pro-

165 1701 262 1748 priis
283 1700 440 1746 quidem
467 1710 515 1735 ex
538 1700 852 1745 interpunctione
873 1710 1024 1740 vocum,
1049 1711 1098 1736 ex
1129 1711 1262 1736 earum
1290 1701 1510 1746 pronuntia-

168 1761 290 1802 tione,
309 1770 358 1795 ex
376 1758 531 1805 ancipiti
555 1758 766 1804 significatu
783 1771 791 1793 :
807 1759 908 1803 quod
929 1769 1050 1804 genus
1073 1759 1328 1804 ambiguitatis
1354 1770 1405 1796 ex
1422 1770 1510 1795 con-

168 1822 274 1856 textu
293 1817 501 1857 sermonis,
518 1819 557 1853 et
572 1817 777 1852 collatione
796 1816 1065 1862 interpretum,
1078 1820 1143 1852 aut
1157 1819 1239 1863 ejus
1254 1818 1394 1864 linguae
1405 1820 1509 1855 unde

170 1878 367 1924 Scriptura
381 1877 562 1913 translata
579 1876 886 1921 estinspectione
905 1876 1045 1912 resolvi
1060 1877 1238 1912 ostendit.
1254 1877 1298 1912 In
1318 1878 1510 1914 translatis

167 1947 260 1975 vero
278 1935 397 1982 signis
417 1935 643 1981 ambiguitas
663 1935 842 1980 contigit,
861 1946 948 1970 cum
965 1935 1047 1981 ipsa
1068 1935 1185 1971 dictio
1209 1946 1285 1971 non
1306 1936 1352 1971 ad
1372 1937 1510 1973 litterae

166 2006 325 2032 sensum
351 1995 508 2041 ponitur
531 1994 573 2029 in
603 1992 811 2039 Scripturis
828 2006 837 2028 ι
857 2004 933 2039 qua
958 1993 1006 2029 de
1034 2004 1076 2029 re
1103 1994 1302 2039 operosius
1321 1994 1508 2041 disputat,

166 2055 357 2100 traditque
383 2055 534 2100 regulas
551 2054 692 2098 quibus
715 2053 959 2099 dignoscatur
977 2063 1025 2088 an
1044 2053 1184 2089 locutio
1206 2054 1364 2100 figurata
1384 2055 1453 2093 sit.
1473 2058 1512 2090 et

167 2114 200 2149 si
219 2114 376 2160 quidem
397 2113 577 2159 figurata,
599 2123 673 2158 quo
694 2115 802 2158 pacto
824 2113 963 2149 debeat
983 2112 1184 2157 explicari.
1209 2113 1269 2148 Ad
1289 2117 1508 2150 extremum

163 2173 283 2219 ipsius
302 2172 476 2208 Tichonii
494 2175 641 2218 septem
659 2173 811 2217 regulas
827 2171 1046 2218 singulatim
1064 2172 1261 2217 expendit.

147 2269 221 2300 CAr.
247 2279 269 2300 1.
295 2269 424 2300 Summa
440 2267 637 2310 superiorum
655 2267 808 2299 librorum
824 2293 832 2308 ‚
849 2272 882 2299 et
894 2278 1007 2310 scopus
1025 2268 1201 2310 sequentis

237 2334 272 2354 ιι.
297 2321 494 2364 Ambiguitas
516 2333 553 2353 ex
571 2322 742 2354 verborum
755 2323 960 2355 distinctione
977 2324 1134 2366 quomodo
1155 2322 1306 2355 tollenda.

225 2389 270 2410 111.
296 2380 363 2416 Qua
378 2377 502 2409 ratione
522 2378 710 2420 expediatur
727 2378 915 2420 ambiguitas
934 2389 973 2410 ex
988 2379 1261 2422 pronuntiatione.

224 2444 268 2465 lv.
294 2432 490 2475 Ambiguitas
503 2433 651 2465 dictionis
662 2445 722 2476 qua
734 2434 858 2466 ratione
876 2434 1076 2476 expediatur.

240 2499 268 2519 v.
295 2489 466 2531 Scripturae
490 2488 638 2530 figuratas
664 2489 842 2522 locutiones
867 2490 905 2521 ad
933 2489 1073 2522 litteram
1097 2490 1247 2531 accipere
1264 2488 1400 2521 servitus

350 2542 462 2576 misera
468 2543 548 2575 bilis.
1470 2546 1483 2573 ’1
1491 2544 1512 2574 Ο

1488 2270 1513 2464 '00³th
