1854 3219
290 187 342 211 DE
374 187 524 212 GENESl
558 186 612 210 Al)
646 185 861 210 Lt‘s'l'klltAM
877 202 886 220 7
924 185 1004 210 Lllj.
1044 184 1136 209 thl.
1322 169 1403 207 417

25 250 248 310 voluptate
271 249 402 294 animi
423 248 648 308 agricolari
671 249 883 308 quosdam
898 283 908 303 ,
940 257 989 292 ut
1013 247 1071 291 eis
1094 261 1250 306 magna
1277 261 1410 306 poena

23 321 78 366 sit
95 320 199 365 inde
221 319 275 365 ad
296 319 415 366 aliud
439 320 622 365 avocari.
643 319 870 380 Quidquid
887 335 990 378 ergo
1008 318 1262 363 deliciarum
1278 317 1411 361 habet

25 388 305 450 agricultura,
321 386 428 435 tunc
444 390 598 451 utique
618 388 748 448 longe
769 389 956 449 amplius
979 398 1085 444 erat,
1104 387 1282 449 quando
1300 387 1413 431 nihil

25 460 251 506 accidebat
271 457 463 516 adversi,
489 460 558 505 vel
581 470 694 504 terra
717 459 787 505 vel
809 460 938 505 coelo.
964 462 1062 506 Non
1089 459 1206 503 enim
1235 468 1327 502 erat
1343 456 1413 502 la-

24 531 143 576 boris
170 526 393 586 afflictio,
415 529 491 575 sed
517 529 773 576 exhilaratio
807 529 1064 585 voluntatis,
1101 545 1204 574 cum
1234 544 1284 572 ea
1316 544 1415 588 quae

25 604 141 647 Deus
169 610 390 647 creaverat
404 637 415 658 ,
440 601 622 646 humani
644 601 784 661 operis
807 601 1023 661 adjutorio
1044 599 1186 644 laetius
1205 598 1415 643 feracius-

24 664 113 734 que
133 673 436 733 provenirent,
465 672 584 717 unde
617 675 796 719 Creator
822 672 914 732 ipse
943 672 1117 716 uberior
1145 670 1414 724 laudaretur,

25 745 103 805 qui
117 746 272 789 animae
289 744 336 789 in
349 761 530 805 corpore
544 744 719 789 animali
736 745 985 789 constitutae
998 743 1210 787 rationem
1228 741 1419 786 dedisset

27 816 258 877 operandi,
284 833 332 861 ac
363 815 616 862 facultatem
638 826 854 878 quantum
873 816 1019 860 animo
1041 815 1206 860 volenti
1227 814 1327 858 satis
1349 829 1417 859 es-

23 887 113 942 set,
140 904 230 932 non
252 897 469 948 quantum
484 888 674 932 invitum
694 887 931 945 indigentia
949 887 1140 946 corporis
1157 897 1345 944 cogeret.

84 960 205 1002 XVI.
227 957 358 1012 Quod
371 959 486 1002 enim
512 960 650 1019 majus
670 958 1000 1018 mirabiliusque
1016 957 1314 1017 spectaculum
1337 967 1416 1012 est,

29 1041 99 1074 aut
122 1029 198 1073 uhi
228 1030 361 1088 magis
383 1045 484 1074 cum
507 1045 654 1074 rerum
683 1039 838 1074 natura
866 1030 1060 1073 humana
1088 1029 1197 1073 ratio
1226 1027 1418 1088 quodam

30 1099 161 1145 modo
176 1099 298 1161 loqui
319 1109 477 1160 potest,
503 1117 636 1161 quam
656 1117 756 1145 cum
770 1101 920 1161 positis
938 1100 1190 1154 seminibus,
1216 1099 1420 1159 plantatis

29 1171 232 1227 surculis,
256 1170 472 1216 translatis
495 1171 735 1217 arbusculis
751 1207 762 1227 ,
788 1171 926 1215 insitis
947 1170 1158 1215 malleolis
1177 1206 1186 1226 ,
1209 1180 1420 1231 tanquam

29 1242 322 1301 interrogatur
343 1258 532 1303 quaeque
557 1243 621 1287 vis
643 1242 798 1286 radicis
823 1251 866 1285 et
895 1241 1097 1299 germinis
1124 1241 1233 1301 quid
1253 1242 1414 1300 possit,

29 1311 192 1372 quidve
208 1329 297 1357 non
315 1313 471 1372 possit3
496 1312 614 1356 unde
635 1312 790 1371 possit,
812 1311 930 1355 unde
952 1327 1042 1356 non
1060 1312 1220 1370 possit,
1245 1312 1354 1372 qnid
1376 1312 1421 1355 in

31 1397 81 1426 ea
92 1380 232 1427 valeat
251 1398 536 1426 numerorum
553 1382 780 1426 invisibilis
801 1382 1068 1443 interiorque
1084 1383 1295 1442 potentia,
1313 1381 1423 1443 quid

30 1453 295 1512 extrinsecus
316 1453 513 1498 adhibita
536 1453 783 1512 diligentia:
809 1454 940 1514 inque
963 1454 1053 1513 ipsa
1076 1454 1422 1499 consideratione

30 1516 300 1584 perspicere,
325 1524 429 1584 quia
449 1539 593 1584 neque
610 1525 687 1584 qui
703 1524 871 1584 plantat
888 1534 952 1568 est
973 1525 1159 1585 aliquid,
1187 1541 1328 1585 neque
1346 1526 1422 1585 qui

33 1594 169 1654 rigat,
187 1593 264 1639 sed
276 1593 353 1655 qui
367 1594 686 1639 incrementum
703 1593 778 1638 dat
799 1597 912 1638 Deus
928 1597 958 1650 ¹,
973 1595 1076 1654 quia
1094 1604 1137 1638 et
1153 1594 1264 1638 illud
1282 1595 1422 1654 operis

33 1664 155 1725 quod
178 1659 345 1709 accedit
366 1664 645 1721 extrinsecus,
665 1681 742 1724 per
763 1663 889 1709 illum
908 1664 1089 1719 accedit,
1111 1681 1242 1725 quem
1259 1664 1421 1709 nihilo-

34 1738 178 1782 minus
205 1737 394 1793 creavit,
420 1746 464 1782 et
488 1752 620 1798 quem
646 1737 758 1795 regit
784 1746 915 1796 atque
947 1735 1120 1781 ordinat
1147 1736 1423 1780 invisibiliter

35 1809 175 1853 Deus?

37 1954 745 1972 mmmmmmm·msvm
749 1952 816 1970 ’ννιὶ
822 1953 887 1970 m
893 1953 1312 1972 mmmmmnnmxvvxmm
1316 1954 1422 1970 wwwvb

562 2078 780 2155 CAPUT
810 2080 895 2126 IX·

351 2219 675 2283 Agriculturae
695 2237 814 2281 opus
831 2220 1106 2284 allegorice.

41 2369 44 2375 ·
98 2357 375 2407 XVILHmc
390 2356 481 2417 jam
496 2356 542 2401 in
562 2356 705 2416 ipsum
722 2357 963 2414 mundum,
988 2357 1110 2404 velut
1130 2359 1176 2403 in
1192 2360 1426 2421 quamdam

36 2427 244 2487 magnam
276 2427 476 2473 arborem
508 2443 679 2484 rerum,
707 2428 859 2474 oculus
887 2430 1158 2490 cogitationis
1191 2430 1421 2488 attollitur,

42 2513 70 2569 ζ’
91 2529 101 2548 ¹
122 2534 136 2556 1
152 2525 233 2574 Cor.
253 2534 298 2566 ιιι,
320 2533 351 2567 7.
1155 2542 1159 2546 ·
1300 2508 1302 2510 v

163 2579 367 2619 &sexn-
910 2576 913 2579 .
1026 2574 1089 2581 ,,
1165 2577 1245 2622 „27
