<?xml version="1.0" encoding="UTF-8"?>
<!DOCTYPE html PUBLIC "-//W3C//DTD XHTML 1.0 Transitional//EN"
    "http://www.w3.org/TR/xhtml1/DTD/xhtml1-transitional.dtd">
<html xmlns="http://www.w3.org/1999/xhtml" xml:lang="en" lang="en">
 <head>
  <title>
</title>
<meta http-equiv="Content-Type" content="text/html;charset=utf-8" />
  <meta name='ocr-system' content='tesseract 3.04.00' />
  <meta name='ocr-capabilities' content='ocr_page ocr_carea ocr_par ocr_line ocrx_word'/>
</head>
<body>
  <div class='ocr_page' id='page_1' title='image "./operaomniaaccura05auguuoft_0354.png"; bbox 0 0 1854 3219; ppageno 0'>
   <div class='ocr_carea' id='block_1_1' title="bbox 355 189 1753 1533">
    <p class='ocr_par' dir='ltr' id='par_1_1' title="bbox 372 189 1324 227">
     <span class='ocr_line' id='line_1_1' title="bbox 372 189 1324 227; baseline 0.003 -3"><span class='ocrx_word' id='word_1_1' title='bbox 372 189 452 226; x_wconf 72' lang='lat'>:323</span> <span class='ocrx_word' id='word_1_2' title='bbox 811 196 844 223; x_wconf 83' lang='lat' dir='ltr'>s.</span> <span class='ocrx_word' id='word_1_3' title='bbox 883 196 1110 226; x_wconf 65' lang='grc' dir='ltr'>ΛιῑαιιεΤιΝι</span> <span class='ocrx_word' id='word_1_4' title='bbox 1145 200 1324 227; x_wconf 75' lang='lat' dir='ltr'>EPISCOPI</span> 
     </span>
    </p>

    <p class='ocr_par' dir='ltr' id='par_1_2' title="bbox 355 262 1753 1533">
     <span class='ocr_line' id='line_1_2' title="bbox 365 262 1750 324; baseline 0.001 -15"><span class='ocrx_word' id='word_1_5' title='bbox 365 275 407 309; x_wconf 88' lang='lat' dir='ltr'>et</span> <span class='ocrx_word' id='word_1_6' title='bbox 431 266 472 309; x_wconf 85' lang='lat' dir='ltr'>in</span> <span class='ocrx_word' id='word_1_7' title='bbox 504 263 642 307; x_wconf 74' lang='lat' dir='ltr'>forma</span> <span class='ocrx_word' id='word_1_8' title='bbox 672 262 823 305; x_wconf 63' lang='lat' dir='ltr'>som-1¹.</span> <span class='ocrx_word' id='word_1_9' title='bbox 858 263 969 307; x_wconf 80' lang='lat' dir='ltr'>Dicit</span> <span class='ocrx_word' id='word_1_10' title='bbox 986 263 1087 307; x_wconf 83' lang='lat' dir='ltr'>item</span> <span class='ocrx_word' id='word_1_11' title='bbox 1111 265 1343 324; x_wconf 71' lang='lat' dir='ltr'>Apostolus</span> <span class='ocrx_word' id='word_1_12' title='bbox 1364 284 1372 310; x_wconf 72' lang='grc' dir='ltr'>ε</span> <span class='ocrx_word' id='word_1_13' title='bbox 1398 285 1418 308; x_wconf 90' lang='lat'>«</span> <span class='ocrx_word' id='word_1_14' title='bbox 1443 266 1552 311; x_wconf 82' lang='lat' dir='ltr'>Mihi</span> <span class='ocrx_word' id='word_1_15' title='bbox 1570 266 1750 310; x_wconf 88' lang='lat' dir='ltr'>minimo</span> 
     </span>
     <span class='ocr_line' id='line_1_3' title="bbox 365 332 1751 394; baseline 0.002 -16"><span class='ocrx_word' id='word_1_16' title='bbox 365 356 384 378; x_wconf 69' lang='lat' dir='ltr'>n</span> <span class='ocrx_word' id='word_1_17' title='bbox 422 334 618 380; x_wconf 84' lang='lat' dir='ltr'>omnium</span> <span class='ocrx_word' id='word_1_18' title='bbox 644 336 902 377; x_wconf 86' lang='lat' dir='ltr'>Sanctorum</span> <span class='ocrx_word' id='word_1_19' title='bbox 925 332 1024 377; x_wconf 85' lang='lat' dir='ltr'>data</span> <span class='ocrx_word' id='word_1_20' title='bbox 1043 344 1106 378; x_wconf 86' lang='lat' dir='ltr'>est</span> <span class='ocrx_word' id='word_1_21' title='bbox 1125 336 1259 394; x_wconf 81' lang='lat' dir='ltr'>gratia</span> <span class='ocrx_word' id='word_1_22' title='bbox 1279 337 1393 392; x_wconf 71' lang='lat' dir='ltr'>hsce,</span> <span class='ocrx_word' id='word_1_23' title='bbox 1425 338 1683 381; x_wconf 86' lang='lat' dir='ltr'>annuntiare</span> <span class='ocrx_word' id='word_1_24' title='bbox 1706 338 1751 380; x_wconf 91' lang='lat' dir='ltr'>in</span> 
     </span>
     <span class='ocr_line' id='line_1_4' title="bbox 365 403 1752 466; baseline 0.003 -18"><span class='ocrx_word' id='word_1_25' title='bbox 365 427 384 448; x_wconf 83' lang='lat'>»</span> <span class='ocrx_word' id='word_1_26' title='bbox 422 406 624 466; x_wconf 80' lang='lat' dir='ltr'>gentibus</span> <span class='ocrx_word' id='word_1_27' title='bbox 654 403 974 464; x_wconf 80' lang='lat' dir='ltr'>investigabiles</span> <span class='ocrx_word' id='word_1_28' title='bbox 1005 405 1174 451; x_wconf 84' lang='lat' dir='ltr'>divitias</span> <span class='ocrx_word' id='word_1_29' title='bbox 1196 408 1383 462; x_wconf 85' lang='lat' dir='ltr'>Christi,</span> <span class='ocrx_word' id='word_1_30' title='bbox 1425 417 1467 452; x_wconf 91' lang='lat' dir='ltr'>et</span> <span class='ocrx_word' id='word_1_31' title='bbox 1505 407 1752 452; x_wconf 87' lang='lat' dir='ltr'>illuminare</span> 
     </span>
     <span class='ocr_line' id='line_1_5' title="bbox 363 475 1753 538; baseline 0.003 -19"><span class='ocrx_word' id='word_1_32' title='bbox 363 497 383 519; x_wconf 83' lang='grc'>»</span> <span class='ocrx_word' id='word_1_33' title='bbox 419 493 519 538; x_wconf 82' lang='lat' dir='ltr'>quae</span> <span class='ocrx_word' id='word_1_34' title='bbox 541 476 595 520; x_wconf 88' lang='lat' dir='ltr'>sit</span> <span class='ocrx_word' id='word_1_35' title='bbox 618 475 881 535; x_wconf 68' lang='lat' dir='ltr'>dispensatio</span> <span class='ocrx_word' id='word_1_36' title='bbox 902 478 1173 533; x_wconf 73' lang='lat' dir='ltr'>sacramenti,</span> <span class='ocrx_word' id='word_1_37' title='bbox 1197 478 1319 538; x_wconf 88' lang='lat' dir='ltr'>quod</span> <span class='ocrx_word' id='word_1_38' title='bbox 1342 478 1426 523; x_wconf 83' lang='lat' dir='ltr'>suit</span> <span class='ocrx_word' id='word_1_39' title='bbox 1447 478 1753 523; x_wconf 88' lang='lat' dir='ltr'>absconditum</span> 
     </span>
     <span class='ocr_line' id='line_1_6' title="bbox 420 546 1753 607; baseline 0.002 -15"><span class='ocrx_word' id='word_1_40' title='bbox 420 565 443 592; x_wconf 86' lang='lat' dir='ltr'>a</span> <span class='ocrx_word' id='word_1_41' title='bbox 461 546 629 592; x_wconf 72' lang='lat' dir='ltr'>sseeulis</span> <span class='ocrx_word' id='word_1_42' title='bbox 654 546 699 589; x_wconf 90' lang='lat' dir='ltr'>in</span> <span class='ocrx_word' id='word_1_43' title='bbox 720 549 836 601; x_wconf 81' lang='lat' dir='ltr'>Deo,</span> <span class='ocrx_word' id='word_1_44' title='bbox 858 547 934 607; x_wconf 83' lang='lat' dir='ltr'>qui</span> <span class='ocrx_word' id='word_1_45' title='bbox 959 548 1158 592; x_wconf 83' lang='lat' dir='ltr'>universa</span> <span class='ocrx_word' id='word_1_46' title='bbox 1180 548 1368 603; x_wconf 84' lang='lat' dir='ltr'>creavit,</span> <span class='ocrx_word' id='word_1_47' title='bbox 1396 558 1445 593; x_wconf 89' lang='lat' dir='ltr'>ut</span> <span class='ocrx_word' id='word_1_48' title='bbox 1462 549 1753 594; x_wconf 74' lang='lat' dir='ltr'>innotesceret</span> 
     </span>
     <span class='ocr_line' id='line_1_7' title="bbox 365 618 1753 680; baseline 0.003 -19"><span class='ocrx_word' id='word_1_49' title='bbox 365 640 382 661; x_wconf 83' lang='grc'>»</span> <span class='ocrx_word' id='word_1_50' title='bbox 420 618 695 678; x_wconf 76' lang='lat' dir='ltr'>Principibus</span> <span class='ocrx_word' id='word_1_51' title='bbox 714 626 757 661; x_wconf 86' lang='lat' dir='ltr'>ct</span> <span class='ocrx_word' id='word_1_52' title='bbox 776 618 1067 663; x_wconf 85' lang='lat' dir='ltr'>Potestatibus</span> <span class='ocrx_word' id='word_1_53' title='bbox 1085 619 1130 662; x_wconf 89' lang='lat' dir='ltr'>in</span> <span class='ocrx_word' id='word_1_54' title='bbox 1152 618 1403 664; x_wconf 83' lang='lat' dir='ltr'>coelestibus</span> <span class='ocrx_word' id='word_1_55' title='bbox 1420 636 1497 680; x_wconf 87' lang='lat' dir='ltr'>per</span> <span class='ocrx_word' id='word_1_56' title='bbox 1515 620 1753 665; x_wconf 81' lang='lat' dir='ltr'>Ecclesiam</span> 
     </span>
     <span class='ocr_line' id='line_1_8' title="bbox 360 689 1753 752; baseline 0.003 -19"><span class='ocrx_word' id='word_1_57' title='bbox 360 711 382 733; x_wconf 76' lang='lat'>&gt;›</span> <span class='ocrx_word' id='word_1_58' title='bbox 418 689 696 735; x_wconf 76' lang='lat' dir='ltr'>vmultiformis</span> <span class='ocrx_word' id='word_1_59' title='bbox 725 690 935 749; x_wconf 84' lang='lat' dir='ltr'>sapientia</span> <span class='ocrx_word' id='word_1_60' title='bbox 958 691 1064 745; x_wconf 80' lang='lat' dir='ltr'>Dei,</span> <span class='ocrx_word' id='word_1_61' title='bbox 1090 690 1332 735; x_wconf 86' lang='lat' dir='ltr'>secundum</span> <span class='ocrx_word' id='word_1_62' title='bbox 1365 693 1639 752; x_wconf 85' lang='lat' dir='ltr'>propositum</span> <span class='ocrx_word' id='word_1_63' title='bbox 1667 708 1753 737; x_wconf 77' lang='lat' dir='ltr'>sae—-</span> 
     </span>
     <span class='ocr_line' id='line_1_9' title="bbox 365 758 1748 820; baseline 0.001 -17"><span class='ocrx_word' id='word_1_64' title='bbox 365 781 385 804; x_wconf 76' lang='lat'>&gt;›</span> <span class='ocrx_word' id='word_1_65' title='bbox 422 762 639 816; x_wconf 85' lang='lat' dir='ltr'>culorum,</span> <span class='ocrx_word' id='word_1_66' title='bbox 656 776 788 820; x_wconf 86' lang='lat' dir='ltr'>quam</span> <span class='ocrx_word' id='word_1_67' title='bbox 808 758 910 804; x_wconf 83' lang='lat' dir='ltr'>fecit</span> <span class='ocrx_word' id='word_1_68' title='bbox 931 761 976 804; x_wconf 92' lang='lat' dir='ltr'>in</span> <span class='ocrx_word' id='word_1_69' title='bbox 994 761 1166 805; x_wconf 85' lang='lat' dir='ltr'>Christo</span> <span class='ocrx_word' id='word_1_70' title='bbox 1187 764 1291 806; x_wconf 90' lang='lat' dir='ltr'>Jesu</span> <span class='ocrx_word' id='word_1_71' title='bbox 1311 763 1497 808; x_wconf 87' lang='lat' dir='ltr'>Domino</span> <span class='ocrx_word' id='word_1_72' title='bbox 1515 767 1706 807; x_wconf 78' lang='lat' dir='ltr'>nostr02.</span> <span class='ocrx_word' id='word_1_73' title='bbox 1728 782 1748 804; x_wconf 87' lang='lat'>»</span> 
     </span>
     <span class='ocr_line' id='line_1_10' title="bbox 361 831 1752 892; baseline 0 -14"><span class='ocrx_word' id='word_1_74' title='bbox 361 834 430 879; x_wconf 88' lang='lat' dir='ltr'>Sic</span> <span class='ocrx_word' id='word_1_75' title='bbox 453 849 556 892; x_wconf 88' lang='lat' dir='ltr'>ergo</span> <span class='ocrx_word' id='word_1_76' title='bbox 574 832 658 877; x_wconf 82' lang='lat' dir='ltr'>fuit</span> <span class='ocrx_word' id='word_1_77' title='bbox 675 833 758 877; x_wconf 85' lang='lat' dir='ltr'>hoc.</span> <span class='ocrx_word' id='word_1_78' title='bbox 781 831 1087 877; x_wconf 86' lang='lat' dir='ltr'>absconditum</span> <span class='ocrx_word' id='word_1_79' title='bbox 1102 848 1124 876; x_wconf 85' lang='lat' dir='ltr'>a</span> <span class='ocrx_word' id='word_1_80' title='bbox 1137 832 1304 877; x_wconf 77' lang='lat' dir='ltr'>saeculis</span> <span class='ocrx_word' id='word_1_81' title='bbox 1325 834 1371 878; x_wconf 93' lang='lat' dir='ltr'>in</span> <span class='ocrx_word' id='word_1_82' title='bbox 1393 837 1484 879; x_wconf 87' lang='lat' dir='ltr'>Deo</span> <span class='ocrx_word' id='word_1_83' title='bbox 1500 870 1511 890; x_wconf 98' lang='lat'>,</span> <span class='ocrx_word' id='word_1_84' title='bbox 1537 843 1587 878; x_wconf 93' lang='lat' dir='ltr'>ut</span> <span class='ocrx_word' id='word_1_85' title='bbox 1605 843 1752 879; x_wconf 85' lang='lat' dir='ltr'>tamen</span> 
     </span>
     <span class='ocr_line' id='line_1_11' title="bbox 358 903 1753 965; baseline -0.001 -15"><span class='ocrx_word' id='word_1_86' title='bbox 358 907 646 950; x_wconf 81' lang='lat' dir='ltr'>innotesceret</span> <span class='ocrx_word' id='word_1_87' title='bbox 671 903 945 963; x_wconf 83' lang='lat' dir='ltr'>Principibus</span> <span class='ocrx_word' id='word_1_88' title='bbox 963 912 1005 947; x_wconf 91' lang='lat' dir='ltr'>et</span> <span class='ocrx_word' id='word_1_89' title='bbox 1030 904 1320 948; x_wconf 84' lang='lat' dir='ltr'>Potestatibus</span> <span class='ocrx_word' id='word_1_90' title='bbox 1342 904 1387 949; x_wconf 91' lang='lat' dir='ltr'>in</span> <span class='ocrx_word' id='word_1_91' title='bbox 1411 904 1662 949; x_wconf 83' lang='lat' dir='ltr'>coelestibus</span> <span class='ocrx_word' id='word_1_92' title='bbox 1678 920 1753 965; x_wconf 89' lang='lat' dir='ltr'>per</span> 
     </span>
     <span class='ocr_line' id='line_1_12' title="bbox 358 973 1752 1035; baseline -0.001 -14"><span class='ocrx_word' id='word_1_93' title='bbox 358 975 599 1021; x_wconf 85' lang='lat' dir='ltr'>Ecclesiam</span> <span class='ocrx_word' id='word_1_94' title='bbox 635 973 914 1019; x_wconf 87' lang='lat' dir='ltr'>multiformis</span> <span class='ocrx_word' id='word_1_95' title='bbox 945 974 1154 1034; x_wconf 83' lang='lat' dir='ltr'>sapientia</span> <span class='ocrx_word' id='word_1_96' title='bbox 1183 974 1284 1030; x_wconf 92' lang='lat' dir='ltr'>Dei,</span> <span class='ocrx_word' id='word_1_97' title='bbox 1321 975 1423 1035; x_wconf 86' lang='lat' dir='ltr'>quia</span> <span class='ocrx_word' id='word_1_98' title='bbox 1460 975 1520 1019; x_wconf 86' lang='lat' dir='ltr'>ibi</span> <span class='ocrx_word' id='word_1_99' title='bbox 1552 975 1752 1035; x_wconf 88' lang='lat' dir='ltr'>primitus</span> 
     </span>
     <span class='ocr_line' id='line_1_13' title="bbox 358 1045 1753 1107; baseline -0.001 -16"><span class='ocrx_word' id='word_1_100' title='bbox 358 1046 573 1102; x_wconf 85' lang='lat' dir='ltr'>Ecclesia,</span> <span class='ocrx_word' id='word_1_101' title='bbox 614 1062 703 1107; x_wconf 87' lang='lat' dir='ltr'>quo</span> <span class='ocrx_word' id='word_1_102' title='bbox 735 1055 833 1106; x_wconf 85' lang='lat' dir='ltr'>post</span> <span class='ocrx_word' id='word_1_103' title='bbox 854 1045 1216 1090; x_wconf 84' lang='lat' dir='ltr'>resurrectionem</span> <span class='ocrx_word' id='word_1_104' title='bbox 1250 1055 1292 1089; x_wconf 95' lang='lat' dir='ltr'>et</span> <span class='ocrx_word' id='word_1_105' title='bbox 1326 1046 1405 1090; x_wconf 85' lang='lat' dir='ltr'>ista</span> <span class='ocrx_word' id='word_1_106' title='bbox 1430 1045 1624 1091; x_wconf 84' lang='lat' dir='ltr'>Ecclesia</span> <span class='ocrx_word' id='word_1_107' title='bbox 1645 1062 1753 1091; x_wconf 88' lang='lat' dir='ltr'>con-</span> 
     </span>
     <span class='ocr_line' id='line_1_14' title="bbox 358 1115 1752 1178; baseline 0 -16"><span class='ocrx_word' id='word_1_108' title='bbox 358 1118 576 1178; x_wconf 79' lang='lat' dir='ltr'>greganda</span> <span class='ocrx_word' id='word_1_109' title='bbox 594 1127 657 1162; x_wconf 88' lang='lat' dir='ltr'>cst</span> <span class='ocrx_word' id='word_1_110' title='bbox 673 1153 684 1173; x_wconf 93' lang='lat'>,</span> <span class='ocrx_word' id='word_1_111' title='bbox 705 1126 756 1161; x_wconf 89' lang='lat' dir='ltr'>ut</span> <span class='ocrx_word' id='word_1_112' title='bbox 772 1117 904 1161; x_wconf 86' lang='lat' dir='ltr'>simus</span> <span class='ocrx_word' id='word_1_113' title='bbox 928 1115 1116 1176; x_wconf 81' lang='lat' dir='ltr'>aequales</span> <span class='ocrx_word' id='word_1_114' title='bbox 1139 1116 1314 1173; x_wconf 80' lang='lat' dir='ltr'>Angelis</span> <span class='ocrx_word' id='word_1_115' title='bbox 1336 1117 1414 1160; x_wconf 88' lang='lat' dir='ltr'>Dei</span> <span class='ocrx_word' id='word_1_116' title='bbox 1435 1118 1466 1160; x_wconf 81' lang='lat'>³.</span> <span class='ocrx_word' id='word_1_117' title='bbox 1492 1116 1582 1161; x_wconf 88' lang='lat' dir='ltr'>Illis</span> <span class='ocrx_word' id='word_1_118' title='bbox 1605 1132 1706 1175; x_wconf 89' lang='lat' dir='ltr'>ergo</span> <span class='ocrx_word' id='word_1_119' title='bbox 1729 1133 1752 1162; x_wconf 89' lang='lat' dir='ltr'>a</span> 
     </span>
     <span class='ocr_line' id='line_1_15' title="bbox 356 1186 1748 1247; baseline -0.002 -13"><span class='ocrx_word' id='word_1_120' title='bbox 356 1189 524 1234; x_wconf 76' lang='lat' dir='ltr'>saeeulis</span> <span class='ocrx_word' id='word_1_121' title='bbox 546 1188 765 1245; x_wconf 70' lang='lat' dir='ltr'>innotuit,</span> <span class='ocrx_word' id='word_1_122' title='bbox 796 1188 898 1247; x_wconf 81' lang='lat' dir='ltr'>quia</span> <span class='ocrx_word' id='word_1_123' title='bbox 927 1187 1067 1231; x_wconf 90' lang='lat' dir='ltr'>omnis</span> <span class='ocrx_word' id='word_1_124' title='bbox 1091 1195 1287 1231; x_wconf 83' lang='lat' dir='ltr'>creatura</span> <span class='ocrx_word' id='word_1_125' title='bbox 1312 1202 1401 1231; x_wconf 92' lang='lat' dir='ltr'>non</span> <span class='ocrx_word' id='word_1_126' title='bbox 1433 1196 1534 1230; x_wconf 85' lang='lat' dir='ltr'>ante</span> <span class='ocrx_word' id='word_1_127' title='bbox 1563 1186 1720 1231; x_wconf 81' lang='lat' dir='ltr'>saccula</span> <span class='ocrx_word' id='word_1_128' title='bbox 1737 1222 1748 1243; x_wconf 87' lang='lat'>,</span> 
     </span>
     <span class='ocr_line' id='line_1_16' title="bbox 355 1256 1752 1317; baseline -0.001 -14"><span class='ocrx_word' id='word_1_129' title='bbox 355 1260 429 1304; x_wconf 81' lang='lat' dir='ltr'>sed</span> <span class='ocrx_word' id='word_1_130' title='bbox 453 1276 474 1304; x_wconf 83' lang='lat' dir='ltr'>a</span> <span class='ocrx_word' id='word_1_131' title='bbox 493 1258 676 1304; x_wconf 75' lang='lat' dir='ltr'>sseeulis.</span> <span class='ocrx_word' id='word_1_132' title='bbox 704 1258 772 1302; x_wconf 86' lang='lat' dir='ltr'>Ab</span> <span class='ocrx_word' id='word_1_133' title='bbox 791 1258 881 1317; x_wconf 84' lang='lat' dir='ltr'>ipsa</span> <span class='ocrx_word' id='word_1_134' title='bbox 903 1258 1020 1301; x_wconf 88' lang='lat' dir='ltr'>enim</span> <span class='ocrx_word' id='word_1_135' title='bbox 1042 1264 1188 1301; x_wconf 80' lang='lat' dir='ltr'>exorta</span> <span class='ocrx_word' id='word_1_136' title='bbox 1216 1266 1319 1301; x_wconf 89' lang='lat' dir='ltr'>sunt</span> <span class='ocrx_word' id='word_1_137' title='bbox 1341 1256 1498 1301; x_wconf 75' lang='lat' dir='ltr'>saecula</span> <span class='ocrx_word' id='word_1_138' title='bbox 1509 1293 1525 1313; x_wconf 76' lang='grc'>,</span> <span class='ocrx_word' id='word_1_139' title='bbox 1550 1258 1701 1317; x_wconf 86' lang='lat' dir='ltr'>etipsa</span> <span class='ocrx_word' id='word_1_140' title='bbox 1729 1274 1752 1302; x_wconf 87' lang='lat' dir='ltr'>a</span> 
     </span>
     <span class='ocr_line' id='line_1_17' title="bbox 355 1326 1749 1391; baseline -0.002 -16"><span class='ocrx_word' id='word_1_141' title='bbox 355 1330 548 1386; x_wconf 71' lang='lat' dir='ltr'>sreculis,</span> <span class='ocrx_word' id='word_1_142' title='bbox 589 1329 798 1391; x_wconf 82' lang='lat' dir='ltr'>quoniam</span> <span class='ocrx_word' id='word_1_143' title='bbox 832 1328 1007 1372; x_wconf 86' lang='lat' dir='ltr'>initium</span> <span class='ocrx_word' id='word_1_144' title='bbox 1032 1329 1121 1388; x_wconf 80' lang='lat' dir='ltr'>ejus</span> <span class='ocrx_word' id='word_1_145' title='bbox 1153 1327 1328 1372; x_wconf 88' lang='lat' dir='ltr'>initium</span> <span class='ocrx_word' id='word_1_146' title='bbox 1365 1326 1628 1372; x_wconf 81' lang='lat' dir='ltr'>saeculorum</span> <span class='ocrx_word' id='word_1_147' title='bbox 1650 1337 1714 1372; x_wconf 84' lang='lat' dir='ltr'>est</span> <span class='ocrx_word' id='word_1_148' title='bbox 1740 1347 1749 1373; x_wconf 76' lang='grc' dir='ltr'>ε</span> 
     </span>
     <span class='ocr_line' id='line_1_18' title="bbox 357 1399 1753 1461; baseline -0.001 -16"><span class='ocrx_word' id='word_1_149' title='bbox 357 1423 378 1446; x_wconf 89' lang='lat'>«</span> <span class='ocrx_word' id='word_1_150' title='bbox 414 1402 672 1461; x_wconf 86' lang='lat' dir='ltr'>Unigenitus</span> <span class='ocrx_word' id='word_1_151' title='bbox 706 1410 852 1445; x_wconf 88' lang='lat' dir='ltr'>autem</span> <span class='ocrx_word' id='word_1_152' title='bbox 886 1408 986 1444; x_wconf 85' lang='lat' dir='ltr'>ante</span> <span class='ocrx_word' id='word_1_153' title='bbox 1024 1399 1205 1456; x_wconf 73' lang='lat' dir='ltr'>saecula,</span> <span class='ocrx_word' id='word_1_154' title='bbox 1243 1415 1322 1460; x_wconf 87' lang='lat' dir='ltr'>per</span> <span class='ocrx_word' id='word_1_155' title='bbox 1352 1399 1621 1461; x_wconf 84' lang='lat' dir='ltr'>quemfacta</span> <span class='ocrx_word' id='word_1_156' title='bbox 1650 1408 1753 1444; x_wconf 83' lang='lat' dir='ltr'>sunt</span> 
     </span>
     <span class='ocr_line' id='line_1_19' title="bbox 361 1472 1752 1533; baseline -0.001 -16"><span class='ocrx_word' id='word_1_157' title='bbox 361 1497 378 1517; x_wconf 90' lang='lat'>»</span> <span class='ocrx_word' id='word_1_158' title='bbox 415 1474 617 1519; x_wconf 65' lang='lat' dir='ltr'>saeeula4.</span> <span class='ocrx_word' id='word_1_159' title='bbox 643 1491 662 1514; x_wconf 80' lang='lat'>&gt;›</span> <span class='ocrx_word' id='word_1_160' title='bbox 691 1472 885 1533; x_wconf 86' lang='lat' dir='ltr'>Ideoque</span> <span class='ocrx_word' id='word_1_161' title='bbox 906 1488 959 1516; x_wconf 82' lang='lat' dir='ltr'>ex</span> <span class='ocrx_word' id='word_1_162' title='bbox 980 1487 1165 1532; x_wconf 82' lang='lat' dir='ltr'>persona</span> <span class='ocrx_word' id='word_1_163' title='bbox 1197 1472 1429 1532; x_wconf 81' lang='lat' dir='ltr'>Sapientiae</span> <span class='ocrx_word' id='word_1_164' title='bbox 1454 1492 1463 1518; x_wconf 87' lang='lat'>:</span> <span class='ocrx_word' id='word_1_165' title='bbox 1493 1491 1510 1513; x_wconf 83' lang='lat'>‹&lt;</span> <span class='ocrx_word' id='word_1_166' title='bbox 1533 1474 1647 1517; x_wconf 84' lang='lat' dir='ltr'>Ante</span> <span class='ocrx_word' id='word_1_167' title='bbox 1669 1487 1752 1516; x_wconf 87' lang='lat' dir='ltr'>sae-</span> 
     </span>
    </p>
   </div>
   <div class='ocr_carea' id='block_1_2' title="bbox 363 568 372 589">
    <p class='ocr_par' dir='ltr' id='par_1_3' title="bbox 363 568 372 589">
     <span class='ocr_line' id='line_1_20' title="bbox 363 568 372 589; baseline 0 0"><span class='ocrx_word' id='word_1_168' title='bbox 363 568 372 589; x_wconf 83' lang='grc'>)</span> 
     </span>
    </p>
   </div>
   <div class='ocr_carea' id='block_1_3' title="bbox 375 569 383 590">
    <p class='ocr_par' dir='ltr' id='par_1_4' title="bbox 375 569 383 590">
     <span class='ocr_line' id='line_1_21' title="bbox 375 569 383 590; textangle 90"><span class='ocrx_word' id='word_1_169' title='bbox 375 569 383 590; x_wconf 62' lang='lat' dir='ltr'>v</span> 
     </span>
    </p>
   </div>
   <div class='ocr_carea' id='block_1_4' title="bbox 357 1543 1800 1606">
    <p class='ocr_par' dir='ltr' id='par_1_5' title="bbox 357 1543 1800 1606">
     <span class='ocr_line' id='line_1_22' title="bbox 357 1543 1800 1606; baseline 0 -18"><span class='ocrx_word' id='word_1_170' title='bbox 357 1565 378 1588; x_wconf 88' lang='lat'>»</span> <span class='ocrx_word' id='word_1_171' title='bbox 414 1546 512 1591; x_wconf 80' lang='lat' dir='ltr'>cula</span> <span class='ocrx_word' id='word_1_172' title='bbox 528 1582 538 1601; x_wconf 96' lang='lat'>,</span> <span class='ocrx_word' id='word_1_173' title='bbox 569 1545 740 1606; x_wconf 86' lang='lat' dir='ltr'>inquit,</span> <span class='ocrx_word' id='word_1_174' title='bbox 767 1543 970 1588; x_wconf 86' lang='lat' dir='ltr'>fundavit</span> <span class='ocrx_word' id='word_1_175' title='bbox 988 1559 1059 1588; x_wconf 88' lang='lat' dir='ltr'>me</span> <span class='ocrx_word' id='word_1_176' title='bbox 1076 1546 1090 1570; x_wconf 88' lang='lat'>⁵</span> <span class='ocrx_word' id='word_1_177' title='bbox 1108 1565 1119 1602; x_wconf 78' lang='lat'><em>3</em></span> <span class='ocrx_word' id='word_1_178' title='bbox 1142 1561 1162 1585; x_wconf 89' lang='lat'>»</span> <span class='ocrx_word' id='word_1_179' title='bbox 1189 1553 1239 1588; x_wconf 88' lang='lat' dir='ltr'>ut</span> <span class='ocrx_word' id='word_1_180' title='bbox 1260 1544 1306 1587; x_wconf 91' lang='lat' dir='ltr'>in</span> <span class='ocrx_word' id='word_1_181' title='bbox 1328 1559 1377 1588; x_wconf 86' lang='lat' dir='ltr'>ea</span> <span class='ocrx_word' id='word_1_182' title='bbox 1398 1543 1561 1589; x_wconf 86' lang='lat' dir='ltr'>faceret</span> <span class='ocrx_word' id='word_1_183' title='bbox 1576 1543 1722 1590; x_wconf 88' lang='lat' dir='ltr'>omnia</span> <span class='ocrx_word' id='word_1_184' title='bbox 1737 1578 1749 1599; x_wconf 90' lang='lat'>‚</span> <span class='ocrx_word' id='word_1_185' title='bbox 1792 1543 1800 1546; x_wconf 68' lang='grc'>”</span> 
     </span>
    </p>
   </div>
   <div class='ocr_carea' id='block_1_5' title="bbox 349 1614 1754 2460">
    <p class='ocr_par' dir='ltr' id='par_1_6' title="bbox 349 1614 1754 2460">
     <span class='ocr_line' id='line_1_23' title="bbox 354 1614 1515 1675; baseline -0.004 -12"><span class='ocrx_word' id='word_1_186' title='bbox 354 1619 425 1663; x_wconf 90' lang='lat' dir='ltr'>cui</span> <span class='ocrx_word' id='word_1_187' title='bbox 444 1618 614 1662; x_wconf 89' lang='lat' dir='ltr'>dictum</span> <span class='ocrx_word' id='word_1_188' title='bbox 633 1626 697 1661; x_wconf 88' lang='lat' dir='ltr'>est</span> <span class='ocrx_word' id='word_1_189' title='bbox 718 1634 726 1660; x_wconf 91' lang='grc'>;</span> <span class='ocrx_word' id='word_1_190' title='bbox 757 1635 777 1658; x_wconf 90' lang='lat'>«</span> <span class='ocrx_word' id='word_1_191' title='bbox 802 1614 960 1659; x_wconf 88' lang='lat' dir='ltr'>Omnia</span> <span class='ocrx_word' id='word_1_192' title='bbox 974 1615 1020 1658; x_wconf 90' lang='lat' dir='ltr'>in</span> <span class='ocrx_word' id='word_1_193' title='bbox 1045 1615 1264 1675; x_wconf 84' lang='lat' dir='ltr'>Sapientia</span> <span class='ocrx_word' id='word_1_194' title='bbox 1286 1614 1469 1660; x_wconf 61' lang='lat' dir='ltr'>fecistiss.</span> <span class='ocrx_word' id='word_1_195' title='bbox 1497 1636 1515 1658; x_wconf 86' lang='lat'>»</span> 
     </span>
     <span class='ocr_line' id='line_1_24' title="bbox 409 1687 1754 1741; baseline -0.001 -8"><span class='ocrx_word' id='word_1_196' title='bbox 409 1690 623 1733; x_wconf 78' lang='lat' dir='ltr'>XXXIX.</span> <span class='ocrx_word' id='word_1_197' title='bbox 661 1687 791 1741; x_wconf 86' lang='lat' dir='ltr'>Quod</span> <span class='ocrx_word' id='word_1_198' title='bbox 824 1696 970 1731; x_wconf 85' lang='lat' dir='ltr'>autem</span> <span class='ocrx_word' id='word_1_199' title='bbox 1004 1702 1094 1731; x_wconf 89' lang='lat' dir='ltr'>non</span> <span class='ocrx_word' id='word_1_200' title='bbox 1117 1687 1163 1730; x_wconf 91' lang='lat' dir='ltr'>in</span> <span class='ocrx_word' id='word_1_201' title='bbox 1202 1690 1292 1731; x_wconf 87' lang='lat' dir='ltr'>Deo</span> <span class='ocrx_word' id='word_1_202' title='bbox 1315 1696 1488 1731; x_wconf 80' lang='lat' dir='ltr'>tantum</span> <span class='ocrx_word' id='word_1_203' title='bbox 1522 1687 1754 1731; x_wconf 89' lang='lat' dir='ltr'>innotescit</span> 
     </span>
     <span class='ocr_line' id='line_1_25' title="bbox 351 1758 1754 1821; baseline -0.002 -15"><span class='ocrx_word' id='word_1_204' title='bbox 351 1760 528 1821; x_wconf 76' lang='lat' dir='ltr'>Angelis</span> <span class='ocrx_word' id='word_1_205' title='bbox 548 1796 558 1814; x_wconf 87' lang='lat'>,</span> <span class='ocrx_word' id='word_1_206' title='bbox 585 1760 705 1820; x_wconf 82' lang='lat' dir='ltr'>quod</span> <span class='ocrx_word' id='word_1_207' title='bbox 729 1759 1037 1803; x_wconf 87' lang='lat' dir='ltr'>absconditum</span> <span class='ocrx_word' id='word_1_208' title='bbox 1060 1767 1145 1813; x_wconf 89' lang='lat' dir='ltr'>est,</span> <span class='ocrx_word' id='word_1_209' title='bbox 1184 1759 1472 1804; x_wconf 86' lang='lat' dir='ltr'>verumetiam</span> <span class='ocrx_word' id='word_1_210' title='bbox 1493 1758 1563 1803; x_wconf 87' lang='lat' dir='ltr'>hic</span> <span class='ocrx_word' id='word_1_211' title='bbox 1586 1759 1645 1803; x_wconf 87' lang='lat' dir='ltr'>eis</span> <span class='ocrx_word' id='word_1_212' title='bbox 1676 1774 1754 1819; x_wconf 82' lang='lat' dir='ltr'>ap-</span> 
     </span>
     <span class='ocr_line' id='line_1_26' title="bbox 351 1828 1753 1893; baseline -0.001 -17"><span class='ocrx_word' id='word_1_213' title='bbox 351 1841 499 1893; x_wconf 80' lang='lat' dir='ltr'>paret,</span> <span class='ocrx_word' id='word_1_214' title='bbox 535 1830 853 1889; x_wconf 53' lang='lat' dir='ltr'>cumffsellicittii·</span> <span class='ocrx_word' id='word_1_215' title='bbox 877 1838 1008 1890; x_wconf 85' lang='lat' dir='ltr'>atque</span> <span class='ocrx_word' id='word_1_216' title='bbox 1036 1828 1291 1889; x_wconf 85' lang='lat' dir='ltr'>propalatur</span> <span class='ocrx_word' id='word_1_217' title='bbox 1307 1828 1424 1873; x_wconf 88' lang='lat' dir='ltr'>idem</span> <span class='ocrx_word' id='word_1_218' title='bbox 1441 1829 1676 1890; x_wconf 88' lang='lat' dir='ltr'>Apostolus</span> <span class='ocrx_word' id='word_1_219' title='bbox 1694 1830 1753 1874; x_wconf 86' lang='lat' dir='ltr'>ita</span> 
     </span>
     <span class='ocr_line' id='line_1_27' title="bbox 353 1900 1753 1961; baseline -0.002 -12"><span class='ocrx_word' id='word_1_220' title='bbox 353 1904 473 1950; x_wconf 88' lang='lat' dir='ltr'>testis</span> <span class='ocrx_word' id='word_1_221' title='bbox 503 1912 567 1947; x_wconf 88' lang='lat' dir='ltr'>est</span> <span class='ocrx_word' id='word_1_222' title='bbox 590 1922 598 1947; x_wconf 94' lang='lat'>:</span> <span class='ocrx_word' id='word_1_223' title='bbox 629 1922 649 1944; x_wconf 86' lang='lat'>«</span> <span class='ocrx_word' id='word_1_224' title='bbox 680 1904 737 1946; x_wconf 90' lang='lat' dir='ltr'>Et</span> <span class='ocrx_word' id='word_1_225' title='bbox 759 1901 851 1946; x_wconf 87' lang='lat' dir='ltr'>sine</span> <span class='ocrx_word' id='word_1_226' title='bbox 878 1900 1042 1955; x_wconf 85' lang='lat' dir='ltr'>dubio,</span> <span class='ocrx_word' id='word_1_227' title='bbox 1070 1900 1236 1961; x_wconf 86' lang='lat' dir='ltr'>inquit,</span> <span class='ocrx_word' id='word_1_228' title='bbox 1268 1915 1476 1960; x_wconf 83' lang='lat' dir='ltr'>magnum</span> <span class='ocrx_word' id='word_1_229' title='bbox 1498 1910 1562 1945; x_wconf 90' lang='lat' dir='ltr'>est</span> <span class='ocrx_word' id='word_1_230' title='bbox 1584 1902 1753 1960; x_wconf 87' lang='lat' dir='ltr'>pietatis</span> 
     </span>
     <span class='ocr_line' id='line_1_28' title="bbox 356 1970 1753 2033; baseline -0.001 -16"><span class='ocrx_word' id='word_1_231' title='bbox 356 1995 376 2017; x_wconf 66' lang='grc' dir='ltr'>η</span> <span class='ocrx_word' id='word_1_232' title='bbox 413 1983 738 2020; x_wconf 84' lang='lat' dir='ltr'>sacramentum</span> <span class='ocrx_word' id='word_1_233' title='bbox 756 2009 766 2027; x_wconf 88' lang='lat'>,</span> <span class='ocrx_word' id='word_1_234' title='bbox 798 1971 918 2033; x_wconf 87' lang='lat' dir='ltr'>quod</span> <span class='ocrx_word' id='word_1_235' title='bbox 941 1970 1267 2016; x_wconf 81' lang='lat' dir='ltr'>manifestatum</span> <span class='ocrx_word' id='word_1_236' title='bbox 1289 1982 1353 2017; x_wconf 89' lang='lat' dir='ltr'>est</span> <span class='ocrx_word' id='word_1_237' title='bbox 1383 1973 1429 2016; x_wconf 90' lang='lat' dir='ltr'>in</span> <span class='ocrx_word' id='word_1_238' title='bbox 1450 1987 1580 2017; x_wconf 85' lang='lat' dir='ltr'>carne</span> <span class='ocrx_word' id='word_1_239' title='bbox 1595 2007 1605 2028; x_wconf 92' lang='lat'>,</span> <span class='ocrx_word' id='word_1_240' title='bbox 1623 1973 1753 2032; x_wconf 86' lang='lat' dir='ltr'>justi-</span> 
     </span>
     <span class='ocr_line' id='line_1_29' title="bbox 358 2042 1753 2103; baseline 0 -16"><span class='ocrx_word' id='word_1_241' title='bbox 358 2065 379 2088; x_wconf 77' lang='lat'>»</span> <span class='ocrx_word' id='word_1_242' title='bbox 416 2046 597 2090; x_wconf 86' lang='lat' dir='ltr'>ficatum</span> <span class='ocrx_word' id='word_1_243' title='bbox 633 2054 697 2088; x_wconf 87' lang='lat' dir='ltr'>est</span> <span class='ocrx_word' id='word_1_244' title='bbox 741 2043 787 2087; x_wconf 84' lang='lat' dir='ltr'>in</span> <span class='ocrx_word' id='word_1_245' title='bbox 829 2042 1012 2103; x_wconf 90' lang='lat' dir='ltr'>spiritu,</span> <span class='ocrx_word' id='word_1_246' title='bbox 1056 2043 1258 2102; x_wconf 87' lang='lat' dir='ltr'>apparuit</span> <span class='ocrx_word' id='word_1_247' title='bbox 1295 2042 1498 2102; x_wconf 81' lang='lat' dir='ltr'>Angelis,</span> <span class='ocrx_word' id='word_1_248' title='bbox 1542 2042 1753 2103; x_wconf 76' lang='lat' dir='ltr'>praedica-</span> 
     </span>
     <span class='ocr_line' id='line_1_30' title="bbox 359 2114 1752 2176; baseline 0.001 -18"><span class='ocrx_word' id='word_1_249' title='bbox 359 2137 379 2158; x_wconf 87' lang='lat'>»</span> <span class='ocrx_word' id='word_1_250' title='bbox 415 2127 513 2162; x_wconf 83' lang='lat' dir='ltr'>tuni</span> <span class='ocrx_word' id='word_1_251' title='bbox 541 2126 606 2160; x_wconf 87' lang='lat' dir='ltr'>est</span> <span class='ocrx_word' id='word_1_252' title='bbox 629 2117 673 2159; x_wconf 93' lang='lat' dir='ltr'>in</span> <span class='ocrx_word' id='word_1_253' title='bbox 698 2115 919 2175; x_wconf 84' lang='lat' dir='ltr'>gentibus,</span> <span class='ocrx_word' id='word_1_254' title='bbox 945 2115 1161 2159; x_wconf 88' lang='lat' dir='ltr'>creditum</span> <span class='ocrx_word' id='word_1_255' title='bbox 1184 2115 1312 2159; x_wconf 85' lang='lat' dir='ltr'>estin</span> <span class='ocrx_word' id='word_1_256' title='bbox 1333 2114 1526 2171; x_wconf 87' lang='lat' dir='ltr'>mundo,</span> <span class='ocrx_word' id='word_1_257' title='bbox 1556 2130 1752 2176; x_wconf 83' lang='lat' dir='ltr'>assump-</span> 
     </span>
     <span class='ocr_line' id='line_1_31' title="bbox 354 2184 1751 2245; baseline 0.001 -16"><span class='ocrx_word' id='word_1_258' title='bbox 354 2207 375 2230; x_wconf 87' lang='lat'>»</span> <span class='ocrx_word' id='word_1_259' title='bbox 414 2198 507 2232; x_wconf 90' lang='lat' dir='ltr'>tum</span> <span class='ocrx_word' id='word_1_260' title='bbox 544 2197 609 2231; x_wconf 90' lang='lat' dir='ltr'>est</span> <span class='ocrx_word' id='word_1_261' title='bbox 638 2187 684 2230; x_wconf 90' lang='lat' dir='ltr'>in</span> <span class='ocrx_word' id='word_1_262' title='bbox 728 2186 904 2245; x_wconf 82' lang='lat' dir='ltr'>gloria⁷.</span> <span class='ocrx_word' id='word_1_263' title='bbox 941 2203 961 2226; x_wconf 85' lang='lat'>»</span> <span class='ocrx_word' id='word_1_264' title='bbox 1000 2188 1083 2241; x_wconf 87' lang='lat' dir='ltr'>Et,</span> <span class='ocrx_word' id='word_1_265' title='bbox 1125 2185 1206 2229; x_wconf 89' lang='lat' dir='ltr'>nisi</span> <span class='ocrx_word' id='word_1_266' title='bbox 1238 2184 1394 2242; x_wconf 82' lang='lat' dir='ltr'>fallor,</span> <span class='ocrx_word' id='word_1_267' title='bbox 1430 2185 1588 2229; x_wconf 81' lang='lat' dir='ltr'>mirum</span> <span class='ocrx_word' id='word_1_268' title='bbox 1622 2195 1686 2230; x_wconf 89' lang='lat' dir='ltr'>est</span> <span class='ocrx_word' id='word_1_269' title='bbox 1717 2187 1751 2231; x_wconf 90' lang='lat' dir='ltr'>si</span> 
     </span>
     <span class='ocr_line' id='line_1_32' title="bbox 349 2256 1751 2319; baseline -0.001 -15"><span class='ocrx_word' id='word_1_270' title='bbox 349 2275 439 2304; x_wconf 90' lang='lat' dir='ltr'>non</span> <span class='ocrx_word' id='word_1_271' title='bbox 463 2259 611 2304; x_wconf 82' lang='lat' dir='ltr'>omnia</span> <span class='ocrx_word' id='word_1_272' title='bbox 636 2274 735 2319; x_wconf 82' lang='lat' dir='ltr'>quae</span> <span class='ocrx_word' id='word_1_273' title='bbox 768 2257 933 2301; x_wconf 89' lang='lat' dir='ltr'>dicitur</span> <span class='ocrx_word' id='word_1_274' title='bbox 967 2260 1081 2301; x_wconf 88' lang='lat' dir='ltr'>Deus</span> <span class='ocrx_word' id='word_1_275' title='bbox 1113 2266 1324 2317; x_wconf 81' lang='lat' dir='ltr'>tanquam</span> <span class='ocrx_word' id='word_1_276' title='bbox 1346 2256 1401 2300; x_wconf 86' lang='lat' dir='ltr'>ad</span> <span class='ocrx_word' id='word_1_277' title='bbox 1423 2272 1612 2316; x_wconf 64' lang='lat' dir='ltr'>praesens</span> <span class='ocrx_word' id='word_1_278' title='bbox 1638 2267 1751 2302; x_wconf 91' lang='lat' dir='ltr'>tem-</span> 
     </span>
     <span class='ocr_line' id='line_1_33' title="bbox 349 2326 1750 2391; baseline -0.001 -17"><span class='ocrx_word' id='word_1_279' title='bbox 349 2347 430 2391; x_wconf 88' lang='lat' dir='ltr'>pus</span> <span class='ocrx_word' id='word_1_280' title='bbox 457 2344 747 2389; x_wconf 79' lang='lat' dir='ltr'>cognoscere,</span> <span class='ocrx_word' id='word_1_281' title='bbox 780 2327 879 2372; x_wconf 80' lang='lat' dir='ltr'>ideo</span> <span class='ocrx_word' id='word_1_282' title='bbox 909 2326 1090 2383; x_wconf 85' lang='lat' dir='ltr'>dicitur,</span> <span class='ocrx_word' id='word_1_283' title='bbox 1127 2328 1228 2389; x_wconf 84' lang='lat' dir='ltr'>quia</span> <span class='ocrx_word' id='word_1_284' title='bbox 1261 2328 1465 2387; x_wconf 90' lang='lat' dir='ltr'>cognosci</span> <span class='ocrx_word' id='word_1_285' title='bbox 1499 2326 1625 2384; x_wconf 85' lang='lat' dir='ltr'>facit,</span> <span class='ocrx_word' id='word_1_286' title='bbox 1661 2328 1750 2374; x_wconf 91' lang='lat' dir='ltr'>sive</span> 
     </span>
     <span class='ocr_line' id='line_1_34' title="bbox 349 2398 1749 2460; baseline -0.002 -14"><span class='ocrx_word' id='word_1_287' title='bbox 349 2402 404 2446; x_wconf 83' lang='lat' dir='ltr'>ab</span> <span class='ocrx_word' id='word_1_288' title='bbox 439 2400 642 2460; x_wconf 86' lang='lat' dir='ltr'>Angelis,</span> <span class='ocrx_word' id='word_1_289' title='bbox 675 2400 763 2444; x_wconf 87' lang='lat' dir='ltr'>sive</span> <span class='ocrx_word' id='word_1_290' title='bbox 799 2399 853 2442; x_wconf 88' lang='lat' dir='ltr'>ab</span> <span class='ocrx_word' id='word_1_291' title='bbox 886 2398 1153 2443; x_wconf 87' lang='lat' dir='ltr'>hominibus.</span> <span class='ocrx_word' id='word_1_292' title='bbox 1186 2398 1345 2444; x_wconf 89' lang='lat' dir='ltr'>Modus</span> <span class='ocrx_word' id='word_1_293' title='bbox 1380 2399 1545 2460; x_wconf 88' lang='lat' dir='ltr'>quippe</span> <span class='ocrx_word' id='word_1_294' title='bbox 1575 2398 1656 2443; x_wconf 89' lang='lat' dir='ltr'>iste</span> <span class='ocrx_word' id='word_1_295' title='bbox 1684 2398 1749 2444; x_wconf 91' lang='lat' dir='ltr'>lo-</span> 
     </span>
    </p>
   </div>
   <div class='ocr_carea' id='block_1_6' title="bbox 349 2499 1748 2601">
    <p class='ocr_par' dir='ltr' id='par_1_7' title="bbox 349 2499 1748 2601">
     <span class='ocr_line' id='line_1_35' title="bbox 398 2499 1748 2546; baseline -0.002 -10"><span class='ocrx_word' id='word_1_296' title='bbox 398 2511 408 2527; x_wconf 84' lang='lat'>¹</span> <span class='ocrx_word' id='word_1_297' title='bbox 430 2504 496 2536; x_wconf 75' lang='lat' dir='ltr'>Gal.</span> <span class='ocrx_word' id='word_1_298' title='bbox 511 2515 557 2543; x_wconf 91' lang='grc' dir='ltr'>ιιι,</span> <span class='ocrx_word' id='word_1_299' title='bbox 580 2514 688 2546; x_wconf 86' lang='lat'>19.——-</span> <span class='ocrx_word' id='word_1_300' title='bbox 710 2509 722 2524; x_wconf 82' lang='lat'>2</span> <span class='ocrx_word' id='word_1_301' title='bbox 743 2501 822 2545; x_wconf 78' lang='lat' dir='ltr'>Eph.</span> <span class='ocrx_word' id='word_1_302' title='bbox 845 2512 895 2543; x_wconf 85' lang='lat'>111,</span> <span class='ocrx_word' id='word_1_303' title='bbox 915 2504 1008 2534; x_wconf 76' lang='lat'>8-10.</span> <span class='ocrx_word' id='word_1_304' title='bbox 1025 2518 1067 2524; x_wconf 90' lang='lat'>—</span> <span class='ocrx_word' id='word_1_305' title='bbox 1087 2499 1100 2524; x_wconf 86' lang='lat'><strong>3</strong></span> <span class='ocrx_word' id='word_1_306' title='bbox 1118 2502 1232 2534; x_wconf 78' lang='lat' dir='ltr'>Matth.</span> <span class='ocrx_word' id='word_1_307' title='bbox 1251 2513 1326 2544; x_wconf 79' lang='lat' dir='ltr'>xxn,</span> <span class='ocrx_word' id='word_1_308' title='bbox 1347 2502 1398 2534; x_wconf 85' lang='lat'>30.</span> <span class='ocrx_word' id='word_1_309' title='bbox 1415 2519 1457 2525; x_wconf 92' lang='lat'><strong>—</strong></span> <span class='ocrx_word' id='word_1_310' title='bbox 1471 2500 1486 2527; x_wconf 69' lang='lat'>[¹</span> <span class='ocrx_word' id='word_1_311' title='bbox 1503 2501 1586 2534; x_wconf 81' lang='lat' dir='ltr'>neb.</span> <span class='ocrx_word' id='word_1_312' title='bbox 1607 2512 1630 2543; x_wconf 85' lang='grc' dir='ltr'>ι,</span> <span class='ocrx_word' id='word_1_313' title='bbox 1652 2509 1685 2534; x_wconf 79' lang='lat'>¹2.</span> <span class='ocrx_word' id='word_1_314' title='bbox 1707 2518 1748 2524; x_wconf 91' lang='lat'>—</span> 
     </span>
     <span class='ocr_line' id='line_1_36' title="bbox 349 2556 1632 2601; baseline 0 -10"><span class='ocrx_word' id='word_1_315' title='bbox 349 2559 364 2581; x_wconf 82' lang='grc'><em>5</em></span> <span class='ocrx_word' id='word_1_316' title='bbox 383 2563 475 2591; x_wconf 80' lang='lat' dir='ltr'>Prov.</span> <span class='ocrx_word' id='word_1_317' title='bbox 492 2560 729 2601; x_wconf 60' lang='lat' dir='ltr'>v1n‚‘1.s3.juxla</span> <span class='ocrx_word' id='word_1_318' title='bbox 748 2570 818 2590; x_wconf 56' lang='grc' dir='ltr'>[μ’.</span> <span class='ocrx_word' id='word_1_319' title='bbox 842 2576 881 2581; x_wconf 70' lang='lat'>—</span> <span class='ocrx_word' id='word_1_320' title='bbox 901 2556 914 2576; x_wconf 69' lang='lat'>&#39;³</span> <span class='ocrx_word' id='word_1_321' title='bbox 930 2557 1008 2589; x_wconf 49' lang='lat' dir='ltr'>tuat.</span> <span class='ocrx_word' id='word_1_322' title='bbox 1035 2568 1103 2597; x_wconf 75' lang='lat' dir='ltr'>cni,</span> <span class='ocrx_word' id='word_1_323' title='bbox 1119 2559 1174 2601; x_wconf 57' lang='lat'>¹2²2.</span> <span class='ocrx_word' id='word_1_324' title='bbox 1199 2575 1240 2580; x_wconf 81' lang='lat'>—-</span> <span class='ocrx_word' id='word_1_325' title='bbox 1260 2566 1272 2591; x_wconf 92' lang='lat'><strong>7</strong></span> <span class='ocrx_word' id='word_1_326' title='bbox 1296 2571 1307 2591; x_wconf 91' lang='lat'>1</span> <span class='ocrx_word' id='word_1_327' title='bbox 1332 2559 1416 2591; x_wconf 84' lang='lat' dir='ltr'>Tim.</span> <span class='ocrx_word' id='word_1_328' title='bbox 1443 2570 1488 2599; x_wconf 86' lang='grc' dir='ltr'>ιιι,</span> <span class='ocrx_word' id='word_1_329' title='bbox 1508 2558 1559 2598; x_wconf 87' lang='lat'>16,</span> <span class='ocrx_word' id='word_1_330' title='bbox 1581 2569 1632 2600; x_wconf 66' lang='grc' dir='ltr'>ις.</span> 
     </span>
    </p>
   </div>
  </div>
 </body>
</html>
