<?xml version="1.0" encoding="UTF-8"?>
<!DOCTYPE html PUBLIC "-//W3C//DTD XHTML 1.0 Transitional//EN"
    "http://www.w3.org/TR/xhtml1/DTD/xhtml1-transitional.dtd">
<html xmlns="http://www.w3.org/1999/xhtml" xml:lang="en" lang="en">
 <head>
  <title>
</title>
<meta http-equiv="Content-Type" content="text/html;charset=utf-8" />
  <meta name='ocr-system' content='tesseract 3.04.00' />
  <meta name='ocr-capabilities' content='ocr_page ocr_carea ocr_par ocr_line ocrx_word'/>
</head>
<body>
  <div class='ocr_page' id='page_1' title='image "./operaomniaaccura05auguuoft_0023.png"; bbox 0 0 1854 3219; ppageno 0'>
   <div class='ocr_carea' id='block_1_1' title="bbox 390 133 1476 180">
    <p class='ocr_par' dir='ltr' id='par_1_1' title="bbox 390 133 1476 180">
     <span class='ocr_line' id='line_1_1' title="bbox 390 133 1476 180; baseline -0.006 0"><span class='ocrx_word' id='word_1_1' title='bbox 390 154 442 179; x_wconf 85' lang='lat' dir='ltr'><strong>DE</strong></span> <span class='ocrx_word' id='word_1_2' title='bbox 476 149 684 180; x_wconf 61' lang='lat' dir='ltr'><strong>noemma</strong></span> <span class='ocrx_word' id='word_1_3' title='bbox 715 145 968 177; x_wconf 63' lang='lat' dir='ltr'><strong>efflus‘rrAivA</strong></span> <span class='ocrx_word' id='word_1_4' title='bbox 1001 149 1084 176; x_wconf 64' lang='lat' dir='ltr'><strong>Lus.</strong></span> <span class='ocrx_word' id='word_1_5' title='bbox 1121 149 1186 174; x_wconf 84' lang='lat'><em>111.</em></span> <span class='ocrx_word' id='word_1_6' title='bbox 1423 133 1476 173; x_wconf 84' lang='lat'><strong>15</strong></span> 
     </span>
    </p>
   </div>
   <div class='ocr_carea' id='block_1_2' title="bbox 85 210 1479 493">
    <p class='ocr_par' dir='ltr' id='par_1_2' title="bbox 85 210 1479 493">
     <span class='ocr_line' id='line_1_2' title="bbox 90 210 1479 279; baseline -0.006 -14"><span class='ocrx_word' id='word_1_7' title='bbox 90 221 264 279; x_wconf 89' lang='lat' dir='ltr'><strong>signum</strong></span> <span class='ocrx_word' id='word_1_8' title='bbox 283 233 372 264; x_wconf 87' lang='lat' dir='ltr'><strong>esse</strong></span> <span class='ocrx_word' id='word_1_9' title='bbox 393 217 614 278; x_wconf 82' lang='lat' dir='ltr'><strong>intelligit,</strong></span> <span class='ocrx_word' id='word_1_10' title='bbox 639 231 720 261; x_wconf 88' lang='lat' dir='ltr'><strong>nec</strong></span> <span class='ocrx_word' id='word_1_11' title='bbox 737 216 828 276; x_wconf 90' lang='lat' dir='ltr'><strong>ipse</strong></span> <span class='ocrx_word' id='word_1_12' title='bbox 849 216 1061 276; x_wconf 85' lang='lat' dir='ltr'><strong>premitur</strong></span> <span class='ocrx_word' id='word_1_13' title='bbox 1080 213 1302 259; x_wconf 88' lang='lat' dir='ltr'><strong>servitute.</strong></span> <span class='ocrx_word' id='word_1_14' title='bbox 1322 210 1479 257; x_wconf 89' lang='lat' dir='ltr'><strong>Melius</strong></span> 
     </span>
     <span class='ocr_line' id='line_1_3' title="bbox 87 283 1474 350; baseline -0.007 -14"><span class='ocrx_word' id='word_1_15' title='bbox 87 299 152 335; x_wconf 88' lang='lat' dir='ltr'><strong>cst</strong></span> <span class='ocrx_word' id='word_1_16' title='bbox 171 298 318 335; x_wconf 89' lang='lat' dir='ltr'><strong>autem</strong></span> <span class='ocrx_word' id='word_1_17' title='bbox 332 288 404 335; x_wconf 87' lang='lat' dir='ltr'><strong>vel</strong></span> <span class='ocrx_word' id='word_1_18' title='bbox 423 287 564 350; x_wconf 81' lang='lat' dir='ltr'><strong>premi</strong></span> <span class='ocrx_word' id='word_1_19' title='bbox 583 286 833 347; x_wconf 79' lang='lat' dir='ltr'>incognitis,</span> <span class='ocrx_word' id='word_1_20' title='bbox 858 284 936 331; x_wconf 91' lang='lat' dir='ltr'><strong>sed</strong></span> <span class='ocrx_word' id='word_1_21' title='bbox 955 284 1138 331; x_wconf 88' lang='lat' dir='ltr'><strong>utilibus</strong></span> <span class='ocrx_word' id='word_1_22' title='bbox 1159 283 1314 344; x_wconf 83' lang='lat' dir='ltr'><strong>signis,</strong></span> <span class='ocrx_word' id='word_1_23' title='bbox 1338 296 1474 344; x_wconf 88' lang='lat' dir='ltr'><strong>quam</strong></span> 
     </span>
     <span class='ocr_line' id='line_1_4' title="bbox 85 354 1471 420; baseline -0.004 -15"><span class='ocrx_word' id='word_1_24' title='bbox 85 360 298 406; x_wconf 86' lang='lat' dir='ltr'><strong>inutiliter</strong></span> <span class='ocrx_word' id='word_1_25' title='bbox 323 375 374 406; x_wconf 90' lang='lat' dir='ltr'><strong>ea</strong></span> <span class='ocrx_word' id='word_1_26' title='bbox 393 357 716 420; x_wconf 85' lang='lat' dir='ltr'><strong>intepretando,</strong></span> <span class='ocrx_word' id='word_1_27' title='bbox 741 373 766 403; x_wconf 90' lang='lat' dir='ltr'>a</span> <span class='ocrx_word' id='word_1_28' title='bbox 780 357 888 419; x_wconf 85' lang='lat' dir='ltr'><strong>jugo</strong></span> <span class='ocrx_word' id='word_1_29' title='bbox 909 356 1127 405; x_wconf 87' lang='lat' dir='ltr'><strong>servitutis</strong></span> <span class='ocrx_word' id='word_1_30' title='bbox 1148 354 1352 402; x_wconf 86' lang='lat' dir='ltr'><strong>eductam</strong></span> <span class='ocrx_word' id='word_1_31' title='bbox 1372 368 1471 400; x_wconf 87' lang='lat' dir='ltr'><strong>cer-</strong></span> 
     </span>
     <span class='ocr_line' id='line_1_5' title="bbox 85 429 813 493; baseline -0.005 -16"><span class='ocrx_word' id='word_1_32' title='bbox 85 431 226 477; x_wconf 89' lang='lat' dir='ltr'><strong>vicem</strong></span> <span class='ocrx_word' id='word_1_33' title='bbox 245 430 411 493; x_wconf 87' lang='lat' dir='ltr'><strong>laqueis</strong></span> <span class='ocrx_word' id='word_1_34' title='bbox 427 429 583 477; x_wconf 87' lang='lat' dir='ltr'><strong>erroris</strong></span> <span class='ocrx_word' id='word_1_35' title='bbox 606 429 813 476; x_wconf 87' lang='lat' dir='ltr'><strong>inserere.</strong></span> 
     </span>
    </p>
   </div>
   <div class='ocr_carea' id='block_1_3' title="bbox 88 567 1469 595">
    <p class='ocr_par' dir='ltr' id='par_1_3' title="bbox 88 567 1469 595">
     <span class='ocr_line' id='line_1_6' title="bbox 88 567 1469 595; baseline -0.006 0"><span class='ocrx_word' id='word_1_36' title='bbox 88 567 1469 595; x_wconf 60' lang='lat' dir='ltr'><strong>WWWWWWVWUMNWWWWWWWWWWWMNQWWWMMM</strong></span> 
     </span>
    </p>
   </div>
   <div class='ocr_carea' id='block_1_4' title="bbox 621 673 944 724">
    <p class='ocr_par' dir='ltr' id='par_1_4' title="bbox 621 673 944 724">
     <span class='ocr_line' id='line_1_7' title="bbox 621 673 944 724; baseline -0.009 0"><span class='ocrx_word' id='word_1_37' title='bbox 621 673 839 724; x_wconf 90' lang='lat' dir='ltr'><strong>CAPUT</strong></span> <span class='ocrx_word' id='word_1_38' title='bbox 881 675 944 722; x_wconf 88' lang='lat' dir='ltr'><strong>X.</strong></span> 
     </span>
    </p>
   </div>
   <div class='ocr_carea' id='block_1_5' title="bbox 90 789 1470 1056">
    <p class='ocr_par' dir='ltr' id='par_1_5' title="bbox 90 789 1470 1056">
     <span class='ocr_line' id='line_1_8' title="bbox 90 789 1468 858; baseline -0.004 -17"><span class='ocrx_word' id='word_1_39' title='bbox 90 792 231 841; x_wconf 82' lang='lat' dir='ltr'><em>Unde</em></span> <span class='ocrx_word' id='word_1_40' title='bbox 252 792 567 857; x_wconf 75' lang='lat' dir='ltr'><strong>dignoscatur</strong></span> <span class='ocrx_word' id='word_1_41' title='bbox 585 795 885 858; x_wconf 73' lang='lat' dir='ltr'><strong>anfigarata</strong></span> <span class='ocrx_word' id='word_1_42' title='bbox 907 793 969 838; x_wconf 78' lang='lat' dir='ltr'><strong>sit</strong></span> <span class='ocrx_word' id='word_1_43' title='bbox 990 791 1179 838; x_wconf 77' lang='lat' dir='ltr'><strong>locatio.</strong></span> <span class='ocrx_word' id='word_1_44' title='bbox 1197 817 1256 829; x_wconf 56' lang='lat' dir='ltr'><strong>—u</strong></span> <span class='ocrx_word' id='word_1_45' title='bbox 1274 789 1468 853; x_wconf 74' lang='lat' dir='ltr'><strong>Regula</strong></span> 
     </span>
     <span class='ocr_line' id='line_1_9' title="bbox 136 859 1468 928; baseline -0.004 -17"><span class='ocrx_word' id='word_1_46' title='bbox 136 865 394 927; x_wconf 71' lang='lat' dir='ltr'><strong>generalis.</strong></span> <span class='ocrx_word' id='word_1_47' title='bbox 413 892 473 905; x_wconf 82' lang='lat'><strong>·-</strong></span> <span class='ocrx_word' id='word_1_48' title='bbox 497 864 745 912; x_wconf 74' lang='lat' dir='ltr'><em>Charitas.</em></span> <span class='ocrx_word' id='word_1_49' title='bbox 760 892 819 902; x_wconf 92' lang='lat'><em>-</em></span> <span class='ocrx_word' id='word_1_50' title='bbox 840 862 1110 927; x_wconf 69' lang='lat' dir='ltr'><strong>Cupiditas.</strong></span> <span class='ocrx_word' id='word_1_51' title='bbox 1132 888 1192 900; x_wconf 89' lang='grc'><strong>--</strong></span> <span class='ocrx_word' id='word_1_52' title='bbox 1216 859 1468 928; x_wconf 77' lang='lat' dir='ltr'><strong>Qm&#39;dfla-</strong></span> 
     </span>
     <span class='ocr_line' id='line_1_10' title="bbox 137 935 1470 1002; baseline -0.001 -19"><span class='ocrx_word' id='word_1_53' title='bbox 137 938 313 1002; x_wconf 77' lang='lat' dir='ltr'><strong>gitium</strong></span> <span class='ocrx_word' id='word_1_54' title='bbox 349 948 396 985; x_wconf 80' lang='lat' dir='ltr'><strong>et</strong></span> <span class='ocrx_word' id='word_1_55' title='bbox 426 937 546 999; x_wconf 76' lang='lat' dir='ltr'><strong>qaid</strong></span> <span class='ocrx_word' id='word_1_56' title='bbox 557 938 781 1002; x_wconf 74' lang='lat' dir='ltr'><strong>facinus.</strong></span> <span class='ocrx_word' id='word_1_57' title='bbox 814 965 874 977; x_wconf 89' lang='lat'><strong>--</strong></span> <span class='ocrx_word' id='word_1_58' title='bbox 925 937 1137 985; x_wconf 76' lang='lat' dir='ltr'><strong>Utilitas.</strong></span> <span class='ocrx_word' id='word_1_59' title='bbox 1170 962 1229 974; x_wconf 77' lang='lat'><strong>—-</strong></span> <span class='ocrx_word' id='word_1_60' title='bbox 1275 935 1470 998; x_wconf 63' lang='lat' dir='ltr'><strong>Benef-</strong></span> 
     </span>
     <span class='ocr_line' id='line_1_11' title="bbox 141 1010 320 1056; baseline 0 -2"><span class='ocrx_word' id='word_1_61' title='bbox 141 1010 320 1056; x_wconf 76' lang='lat' dir='ltr'><strong>centia.</strong></span> 
     </span>
    </p>
   </div>
   <div class='ocr_carea' id='block_1_6' title="bbox 71 1136 1475 2559">
    <p class='ocr_par' dir='ltr' id='par_1_6' title="bbox 71 1136 1475 2054">
     <span class='ocr_line' id='line_1_12' title="bbox 139 1136 1473 1199; baseline -0.001 -18"><span class='ocrx_word' id='word_1_62' title='bbox 139 1137 260 1182; x_wconf 89' lang='lat' dir='ltr'><strong>XIV.</strong></span> <span class='ocrx_word' id='word_1_63' title='bbox 286 1138 400 1184; x_wconf 69' lang='lat' dir='ltr'><strong>Hinc</strong></span> <span class='ocrx_word' id='word_1_64' title='bbox 421 1148 570 1184; x_wconf 87' lang='lat' dir='ltr'><strong>autem</strong></span> <span class='ocrx_word' id='word_1_65' title='bbox 588 1138 900 1195; x_wconf 80' lang='lat' dir='ltr'><strong>observationi⁷</strong></span> <span class='ocrx_word' id='word_1_66' title='bbox 919 1153 1007 1199; x_wconf 86' lang='lat' dir='ltr'><strong>qua</strong></span> <span class='ocrx_word' id='word_1_67' title='bbox 1023 1150 1225 1183; x_wconf 86' lang='lat' dir='ltr'><strong>cavemus</strong></span> <span class='ocrx_word' id='word_1_68' title='bbox 1241 1136 1473 1195; x_wconf 87' lang='lat' dir='ltr'><strong>figuratam</strong></span> 
     </span>
     <span class='ocr_line' id='line_1_13' title="bbox 80 1205 1470 1271; baseline -0.001 -19"><span class='ocrx_word' id='word_1_69' title='bbox 80 1205 368 1266; x_wconf 82' lang='lat' dir='ltr'><strong>locutionem,</strong></span> <span class='ocrx_word' id='word_1_70' title='bbox 390 1210 438 1254; x_wconf 87' lang='lat' dir='ltr'><strong>id</strong></span> <span class='ocrx_word' id='word_1_71' title='bbox 468 1220 532 1256; x_wconf 89' lang='lat' dir='ltr'><strong>est</strong></span> <span class='ocrx_word' id='word_1_72' title='bbox 551 1209 808 1256; x_wconf 84' lang='lat' dir='ltr'>translatam</span> <span class='ocrx_word' id='word_1_73' title='bbox 836 1210 960 1271; x_wconf 78' lang='lat' dir='ltr'><strong>quasi</strong></span> <span class='ocrx_word' id='word_1_74' title='bbox 980 1210 1205 1270; x_wconf 84' lang='lat' dir='ltr'><strong>propriam</strong></span> <span class='ocrx_word' id='word_1_75' title='bbox 1226 1207 1365 1269; x_wconf 78' lang='lat' dir='ltr'><strong>sequi,</strong></span> <span class='ocrx_word' id='word_1_76' title='bbox 1389 1205 1470 1251; x_wconf 87' lang='lat' dir='ltr'><strong>ad-</strong></span> 
     </span>
     <span class='ocr_line' id='line_1_14' title="bbox 71 1279 1471 1342; baseline 0 -19"><span class='ocrx_word' id='word_1_77' title='bbox 71 1279 297 1339; x_wconf 87' lang='lat' dir='ltr'><strong>jungenda</strong></span> <span class='ocrx_word' id='word_1_78' title='bbox 321 1281 454 1325; x_wconf 89' lang='lat' dir='ltr'><strong>etiam</strong></span> <span class='ocrx_word' id='word_1_79' title='bbox 470 1280 545 1326; x_wconf 88' lang='lat' dir='ltr'><strong>illa</strong></span> <span class='ocrx_word' id='word_1_80' title='bbox 568 1291 648 1338; x_wconf 87' lang='lat' dir='ltr'><strong>est,</strong></span> <span class='ocrx_word' id='word_1_81' title='bbox 674 1297 729 1326; x_wconf 90' lang='lat' dir='ltr'><strong>ne</strong></span> <span class='ocrx_word' id='word_1_82' title='bbox 751 1281 977 1342; x_wconf 84' lang='lat' dir='ltr'><strong>propriam</strong></span> <span class='ocrx_word' id='word_1_83' title='bbox 993 1281 1118 1342; x_wconf 85' lang='lat' dir='ltr'>quasi</span> <span class='ocrx_word' id='word_1_84' title='bbox 1140 1281 1372 1340; x_wconf 85' lang='lat' dir='ltr'><strong>figuratam</strong></span> <span class='ocrx_word' id='word_1_85' title='bbox 1392 1293 1471 1323; x_wconf 85' lang='lat' dir='ltr'><strong>ve-</strong></span> 
     </span>
     <span class='ocr_line' id='line_1_15' title="bbox 75 1347 1475 1411; baseline 0 -19"><span class='ocrx_word' id='word_1_86' title='bbox 75 1347 204 1394; x_wconf 85' lang='lat' dir='ltr'><strong>limus</strong></span> <span class='ocrx_word' id='word_1_87' title='bbox 242 1350 452 1411; x_wconf 82' lang='lat' dir='ltr'><strong>accipere.</strong></span> <span class='ocrx_word' id='word_1_88' title='bbox 487 1353 864 1397; x_wconf 87' lang='lat' dir='ltr'><strong>Demonstrandus</strong></span> <span class='ocrx_word' id='word_1_89' title='bbox 897 1360 962 1396; x_wconf 89' lang='lat' dir='ltr'><strong>est</strong></span> <span class='ocrx_word' id='word_1_90' title='bbox 993 1351 1129 1411; x_wconf 89' lang='lat' dir='ltr'><strong>igitur</strong></span> <span class='ocrx_word' id='word_1_91' title='bbox 1163 1351 1283 1411; x_wconf 89' lang='lat' dir='ltr'><strong>prius</strong></span> <span class='ocrx_word' id='word_1_92' title='bbox 1316 1349 1475 1394; x_wconf 88' lang='lat' dir='ltr'><strong>modus</strong></span> 
     </span>
     <span class='ocr_line' id='line_1_16' title="bbox 75 1419 1472 1484; baseline 0 -20"><span class='ocrx_word' id='word_1_93' title='bbox 75 1419 351 1468; x_wconf 79' lang='lat' dir='ltr'><strong>inveniendae</strong></span> <span class='ocrx_word' id='word_1_94' title='bbox 371 1421 628 1479; x_wconf 80' lang='lat' dir='ltr'><strong>locutionis,</strong></span> <span class='ocrx_word' id='word_1_95' title='bbox 655 1423 911 1484; x_wconf 88' lang='lat' dir='ltr'><strong>propria-ne</strong></span> <span class='ocrx_word' id='word_1_96' title='bbox 932 1438 989 1467; x_wconf 91' lang='lat' dir='ltr'><strong>an</strong></span> <span class='ocrx_word' id='word_1_97' title='bbox 1006 1423 1192 1482; x_wconf 87' lang='lat' dir='ltr'><strong>figurata</strong></span> <span class='ocrx_word' id='word_1_98' title='bbox 1214 1423 1283 1467; x_wconf 89' lang='lat' dir='ltr'><strong>sit.</strong></span> <span class='ocrx_word' id='word_1_99' title='bbox 1314 1424 1372 1466; x_wconf 91' lang='lat' dir='ltr'><strong>Et</strong></span> <span class='ocrx_word' id='word_1_100' title='bbox 1392 1421 1472 1465; x_wconf 89' lang='lat' dir='ltr'><strong>istc</strong></span> 
     </span>
     <span class='ocr_line' id='line_1_17' title="bbox 76 1491 1469 1555; baseline -0.001 -18"><span class='ocrx_word' id='word_1_101' title='bbox 76 1491 257 1538; x_wconf 89' lang='lat' dir='ltr'><strong>omnino</strong></span> <span class='ocrx_word' id='word_1_102' title='bbox 277 1492 435 1540; x_wconf 90' lang='lat' dir='ltr'><strong>modus</strong></span> <span class='ocrx_word' id='word_1_103' title='bbox 455 1503 536 1550; x_wconf 86' lang='lat' dir='ltr'><strong>est,</strong></span> <span class='ocrx_word' id='word_1_104' title='bbox 562 1503 613 1539; x_wconf 89' lang='lat' dir='ltr'><strong>ut</strong></span> <span class='ocrx_word' id='word_1_105' title='bbox 635 1494 856 1555; x_wconf 84' lang='lat' dir='ltr'><strong>quidquid</strong></span> <span class='ocrx_word' id='word_1_106' title='bbox 875 1494 922 1538; x_wconf 89' lang='lat' dir='ltr'><strong>in</strong></span> <span class='ocrx_word' id='word_1_107' title='bbox 938 1493 1303 1539; x_wconf 77' lang='lat' dir='ltr'><strong>sermonedivino</strong></span> <span class='ocrx_word' id='word_1_108' title='bbox 1322 1496 1469 1554; x_wconf 88' lang='lat' dir='ltr'><strong>neque</strong></span> 
     </span>
     <span class='ocr_line' id='line_1_18' title="bbox 77 1563 1470 1628; baseline -0.001 -19"><span class='ocrx_word' id='word_1_109' title='bbox 77 1563 134 1609; x_wconf 87' lang='lat' dir='ltr'><strong>ad</strong></span> <span class='ocrx_word' id='word_1_110' title='bbox 157 1580 333 1611; x_wconf 85' lang='lat' dir='ltr'><strong>morum</strong></span> <span class='ocrx_word' id='word_1_111' title='bbox 352 1566 642 1622; x_wconf 81' lang='lat' dir='ltr'><strong>honestatem,</strong></span> <span class='ocrx_word' id='word_1_112' title='bbox 667 1581 812 1628; x_wconf 87' lang='lat' dir='ltr'><strong>neque</strong></span> <span class='ocrx_word' id='word_1_113' title='bbox 837 1566 895 1611; x_wconf 83' lang='lat' dir='ltr'><strong>ad.</strong></span> <span class='ocrx_word' id='word_1_114' title='bbox 914 1565 1018 1611; x_wconf 83' lang='lat' dir='ltr'><strong>fidei</strong></span> <span class='ocrx_word' id='word_1_115' title='bbox 1044 1566 1274 1611; x_wconf 84' lang='lat' dir='ltr'><strong>veritatem</strong></span> <span class='ocrx_word' id='word_1_116' title='bbox 1294 1565 1470 1626; x_wconf 75' lang='lat' dir='ltr'><strong>proprie</strong></span> 
     </span>
     <span class='ocr_line' id='line_1_19' title="bbox 76 1634 1470 1697; baseline 0.001 -18"><span class='ocrx_word' id='word_1_117' title='bbox 76 1634 228 1683; x_wconf 75' lang='lat' dir='ltr'><strong>referri</strong></span> <span class='ocrx_word' id='word_1_118' title='bbox 249 1645 408 1697; x_wconf 85' lang='lat' dir='ltr'><strong>potest,</strong></span> <span class='ocrx_word' id='word_1_119' title='bbox 422 1637 665 1697; x_wconf 83' lang='lat' dir='ltr'><strong>figuratum</strong></span> <span class='ocrx_word' id='word_1_120' title='bbox 686 1652 776 1682; x_wconf 88' lang='lat' dir='ltr'><strong>esse</strong></span> <span class='ocrx_word' id='word_1_121' title='bbox 796 1652 1047 1697; x_wconf 85' lang='lat' dir='ltr'><strong>cognoscas.</strong></span> <span class='ocrx_word' id='word_1_122' title='bbox 1069 1638 1245 1683; x_wconf 88' lang='lat' dir='ltr'><strong>Morum</strong></span> <span class='ocrx_word' id='word_1_123' title='bbox 1265 1637 1470 1681; x_wconf 86' lang='lat' dir='ltr'><strong>honestas</strong></span> 
     </span>
     <span class='ocr_line' id='line_1_20' title="bbox 77 1706 1469 1770; baseline 0.001 -18"><span class='ocrx_word' id='word_1_124' title='bbox 77 1706 132 1752; x_wconf 89' lang='lat' dir='ltr'><strong>ad</strong></span> <span class='ocrx_word' id='word_1_125' title='bbox 153 1707 429 1768; x_wconf 87' lang='lat' dir='ltr'><strong>diligendum</strong></span> <span class='ocrx_word' id='word_1_126' title='bbox 448 1713 591 1754; x_wconf 90' lang='lat' dir='ltr'><strong>Deum</strong></span> <span class='ocrx_word' id='word_1_127' title='bbox 611 1719 655 1755; x_wconf 92' lang='lat' dir='ltr'><strong>et</strong></span> <span class='ocrx_word' id='word_1_128' title='bbox 676 1709 939 1770; x_wconf 80' lang='lat' dir='ltr'><strong>proximum,</strong></span> <span class='ocrx_word' id='word_1_129' title='bbox 971 1708 1075 1754; x_wconf 88' lang='lat' dir='ltr'><strong>fidei</strong></span> <span class='ocrx_word' id='word_1_130' title='bbox 1106 1710 1266 1755; x_wconf 87' lang='lat' dir='ltr'><strong>veritas</strong></span> <span class='ocrx_word' id='word_1_131' title='bbox 1286 1708 1343 1754; x_wconf 89' lang='lat' dir='ltr'><strong>ad</strong></span> <span class='ocrx_word' id='word_1_132' title='bbox 1362 1724 1469 1769; x_wconf 88' lang='lat' dir='ltr'><strong>cog-</strong></span> 
     </span>
     <span class='ocr_line' id='line_1_21' title="bbox 77 1779 1471 1842; baseline 0 -18"><span class='ocrx_word' id='word_1_133' title='bbox 77 1779 349 1825; x_wconf 90' lang='lat' dir='ltr'><strong>noscendum</strong></span> <span class='ocrx_word' id='word_1_134' title='bbox 369 1783 509 1826; x_wconf 92' lang='lat' dir='ltr'><strong>Deum</strong></span> <span class='ocrx_word' id='word_1_135' title='bbox 530 1790 574 1826; x_wconf 90' lang='lat' dir='ltr'><strong>et</strong></span> <span class='ocrx_word' id='word_1_136' title='bbox 599 1781 846 1841; x_wconf 85' lang='lat' dir='ltr'><strong>proximum</strong></span> <span class='ocrx_word' id='word_1_137' title='bbox 865 1781 1072 1842; x_wconf 82' lang='lat' dir='ltr'><strong>pertinet.</strong></span> <span class='ocrx_word' id='word_1_138' title='bbox 1094 1783 1199 1841; x_wconf 90' lang='lat' dir='ltr'><strong>Spes</strong></span> <span class='ocrx_word' id='word_1_139' title='bbox 1224 1790 1372 1826; x_wconf 85' lang='lat' dir='ltr'><strong>autem</strong></span> <span class='ocrx_word' id='word_1_140' title='bbox 1394 1795 1471 1825; x_wconf 85' lang='lat' dir='ltr'><strong>sua</strong></span> 
     </span>
     <span class='ocr_line' id='line_1_22' title="bbox 78 1850 1472 1912; baseline 0.001 -18"><span class='ocrx_word' id='word_1_141' title='bbox 78 1851 236 1911; x_wconf 84' lang='lat' dir='ltr'><strong>cuique</strong></span> <span class='ocrx_word' id='word_1_142' title='bbox 252 1860 316 1896; x_wconf 87' lang='lat' dir='ltr'><strong>est</strong></span> <span class='ocrx_word' id='word_1_143' title='bbox 330 1851 378 1896; x_wconf 87' lang='lat' dir='ltr'><strong>in</strong></span> <span class='ocrx_word' id='word_1_144' title='bbox 393 1851 656 1897; x_wconf 83' lang='lat' dir='ltr'><strong>conscientia</strong></span> <span class='ocrx_word' id='word_1_145' title='bbox 673 1852 864 1912; x_wconf 81' lang='lat' dir='ltr'><strong>propria,</strong></span> <span class='ocrx_word' id='word_1_146' title='bbox 883 1850 1261 1912; x_wconf 87' lang='lat' dir='ltr'><strong>quemadmodum</strong></span> <span class='ocrx_word' id='word_1_147' title='bbox 1278 1867 1322 1896; x_wconf 91' lang='lat' dir='ltr'><strong>se</strong></span> <span class='ocrx_word' id='word_1_148' title='bbox 1340 1851 1472 1896; x_wconf 85' lang='lat' dir='ltr'><strong>sentit</strong></span> 
     </span>
     <span class='ocr_line' id='line_1_23' title="bbox 79 1919 1468 1984; baseline 0.001 -19"><span class='ocrx_word' id='word_1_149' title='bbox 79 1919 134 1966; x_wconf 88' lang='lat' dir='ltr'><strong>ad</strong></span> <span class='ocrx_word' id='word_1_150' title='bbox 154 1920 435 1968; x_wconf 88' lang='lat' dir='ltr'><strong>dilectionem</strong></span> <span class='ocrx_word' id='word_1_151' title='bbox 454 1923 532 1967; x_wconf 87' lang='lat' dir='ltr'><strong>Dei</strong></span> <span class='ocrx_word' id='word_1_152' title='bbox 553 1931 597 1966; x_wconf 90' lang='lat' dir='ltr'><strong>et</strong></span> <span class='ocrx_word' id='word_1_153' title='bbox 618 1923 818 1982; x_wconf 79' lang='lat' dir='ltr'><strong>proximi,</strong></span> <span class='ocrx_word' id='word_1_154' title='bbox 839 1921 1224 1984; x_wconf 84' lang='lat' dir='ltr'><strong>cognitionemque</strong></span> <span class='ocrx_word' id='word_1_155' title='bbox 1241 1923 1468 1984; x_wconf 86' lang='lat' dir='ltr'><strong>proficere.</strong></span> 
     </span>
     <span class='ocr_line' id='line_1_24' title="bbox 76 1992 1142 2054; baseline 0 -16"><span class='ocrx_word' id='word_1_156' title='bbox 76 1993 140 2038; x_wconf 88' lang='lat' dir='ltr'><strong>De</strong></span> <span class='ocrx_word' id='word_1_157' title='bbox 159 1992 323 2053; x_wconf 89' lang='lat' dir='ltr'><strong>quibus</strong></span> <span class='ocrx_word' id='word_1_158' title='bbox 344 1993 549 2039; x_wconf 88' lang='lat' dir='ltr'><strong>omnibus</strong></span> <span class='ocrx_word' id='word_1_159' title='bbox 570 1993 713 2054; x_wconf 89' lang='lat' dir='ltr'><strong>primo</strong></span> <span class='ocrx_word' id='word_1_160' title='bbox 733 1992 851 2038; x_wconf 88' lang='lat' dir='ltr'><strong>libro</strong></span> <span class='ocrx_word' id='word_1_161' title='bbox 873 1992 1040 2039; x_wconf 85' lang='lat' dir='ltr'><strong>dictum</strong></span> <span class='ocrx_word' id='word_1_162' title='bbox 1063 2003 1142 2038; x_wconf 90' lang='lat' dir='ltr'><strong>est.</strong></span> 
     </span>
    </p>

    <p class='ocr_par' dir='ltr' id='par_1_7' title="bbox 73 2065 1475 2559">
     <span class='ocr_line' id='line_1_25' title="bbox 130 2065 1475 2126; baseline 0.001 -18"><span class='ocrx_word' id='word_1_163' title='bbox 130 2065 229 2110; x_wconf 88' lang='lat' dir='ltr'><strong>XV.</strong></span> <span class='ocrx_word' id='word_1_164' title='bbox 257 2065 343 2110; x_wconf 90' lang='lat' dir='ltr'><strong>Sed</strong></span> <span class='ocrx_word' id='word_1_165' title='bbox 364 2065 575 2126; x_wconf 88' lang='lat' dir='ltr'><strong>quoniam</strong></span> <span class='ocrx_word' id='word_1_166' title='bbox 594 2065 787 2126; x_wconf 89' lang='lat' dir='ltr'><strong>proclive</strong></span> <span class='ocrx_word' id='word_1_167' title='bbox 805 2074 870 2110; x_wconf 90' lang='lat' dir='ltr'><strong>est</strong></span> <span class='ocrx_word' id='word_1_168' title='bbox 884 2065 1131 2110; x_wconf 91' lang='lat' dir='ltr'><strong>humanum</strong></span> <span class='ocrx_word' id='word_1_169' title='bbox 1154 2080 1290 2126; x_wconf 89' lang='lat' dir='ltr'><strong>genus</strong></span> <span class='ocrx_word' id='word_1_170' title='bbox 1312 2080 1402 2112; x_wconf 92' lang='lat' dir='ltr'><strong>non</strong></span> <span class='ocrx_word' id='word_1_171' title='bbox 1424 2081 1475 2110; x_wconf 85' lang='lat' dir='ltr'><strong>ex</strong></span> 
     </span>
     <span class='ocr_line' id='line_1_26' title="bbox 76 2131 1471 2197; baseline 0.004 -19"><span class='ocrx_word' id='word_1_172' title='bbox 76 2131 308 2182; x_wconf 76' lang='lat' dir='ltr'><strong>mementis</strong></span> <span class='ocrx_word' id='word_1_173' title='bbox 324 2136 470 2197; x_wconf 58' lang='lat' dir='ltr'><strong>‘ipsius</strong></span> <span class='ocrx_word' id='word_1_174' title='bbox 497 2135 716 2193; x_wconf 78' lang='lat' dir='ltr'><strong>libidinis,</strong></span> <span class='ocrx_word' id='word_1_175' title='bbox 747 2135 823 2181; x_wconf 85' lang='lat' dir='ltr'><strong>sed</strong></span> <span class='ocrx_word' id='word_1_176' title='bbox 851 2138 996 2197; x_wconf 88' lang='lat' dir='ltr'><strong>potius</strong></span> <span class='ocrx_word' id='word_1_177' title='bbox 1024 2153 1114 2182; x_wconf 74' lang='lat' dir='ltr'><strong>suae</strong></span> <span class='ocrx_word' id='word_1_178' title='bbox 1142 2136 1471 2183; x_wconf 85' lang='lat' dir='ltr'><strong>consuetudinis</strong></span> 
     </span>
     <span class='ocr_line' id='line_1_27' title="bbox 76 2206 1471 2270; baseline 0.004 -21"><span class='ocrx_word' id='word_1_179' title='bbox 76 2206 288 2251; x_wconf 80' lang='lat' dir='ltr'><strong>aestimare</strong></span> <span class='ocrx_word' id='word_1_180' title='bbox 315 2216 516 2268; x_wconf 76' lang='lat' dir='ltr'><strong>peccata,</strong></span> <span class='ocrx_word' id='word_1_181' title='bbox 534 2208 585 2252; x_wconf 88' lang='lat' dir='ltr'><strong>fit</strong></span> <span class='ocrx_word' id='word_1_182' title='bbox 608 2207 871 2269; x_wconf 84' lang='lat' dir='ltr'><strong>plerumque</strong></span> <span class='ocrx_word' id='word_1_183' title='bbox 893 2217 943 2253; x_wconf 89' lang='lat' dir='ltr'><strong>ut</strong></span> <span class='ocrx_word' id='word_1_184' title='bbox 965 2209 1150 2270; x_wconf 84' lang='lat' dir='ltr'><strong>quisque</strong></span> <span class='ocrx_word' id='word_1_185' title='bbox 1168 2210 1400 2254; x_wconf 89' lang='lat' dir='ltr'><strong>hominum</strong></span> <span class='ocrx_word' id='word_1_186' title='bbox 1422 2225 1471 2254; x_wconf 85' lang='lat' dir='ltr'><strong>ea</strong></span> 
     </span>
     <span class='ocr_line' id='line_1_28' title="bbox 77 2278 1468 2343; baseline 0.003 -22"><span class='ocrx_word' id='word_1_187' title='bbox 77 2285 250 2323; x_wconf 83' lang='lat' dir='ltr'><strong>tantum</strong></span> <span class='ocrx_word' id='word_1_188' title='bbox 263 2278 482 2341; x_wconf 86' lang='lat' dir='ltr'><strong>culpanda</strong></span> <span class='ocrx_word' id='word_1_189' title='bbox 500 2279 750 2336; x_wconf 78' lang='lat' dir='ltr'><strong>arbitretur,</strong></span> <span class='ocrx_word' id='word_1_190' title='bbox 772 2296 871 2340; x_wconf 81' lang='lat' dir='ltr'><strong>quae</strong></span> <span class='ocrx_word' id='word_1_191' title='bbox 889 2295 978 2325; x_wconf 85' lang='lat' dir='ltr'><strong>suae</strong></span> <span class='ocrx_word' id='word_1_192' title='bbox 997 2282 1183 2341; x_wconf 80' lang='lat' dir='ltr'><strong>regionis</strong></span> <span class='ocrx_word' id='word_1_193' title='bbox 1201 2291 1244 2327; x_wconf 87' lang='lat' dir='ltr'><strong>et</strong></span> <span class='ocrx_word' id='word_1_194' title='bbox 1262 2281 1468 2343; x_wconf 87' lang='lat' dir='ltr'><strong>temporis</strong></span> 
     </span>
     <span class='ocr_line' id='line_1_29' title="bbox 73 2348 1469 2413; baseline 0.004 -20"><span class='ocrx_word' id='word_1_195' title='bbox 73 2348 271 2395; x_wconf 88' lang='lat' dir='ltr'><strong>homines</strong></span> <span class='ocrx_word' id='word_1_196' title='bbox 298 2351 545 2412; x_wconf 86' lang='lat' dir='ltr'><strong>vituperare</strong></span> <span class='ocrx_word' id='word_1_197' title='bbox 576 2361 707 2412; x_wconf 85' lang='lat' dir='ltr'><strong>atque</strong></span> <span class='ocrx_word' id='word_1_198' title='bbox 736 2351 945 2397; x_wconf 88' lang='lat' dir='ltr'><strong>damnare</strong></span> <span class='ocrx_word' id='word_1_199' title='bbox 975 2364 1327 2413; x_wconf 77' lang='lat' dir='ltr'><strong>consueverunt3</strong></span> <span class='ocrx_word' id='word_1_200' title='bbox 1353 2364 1396 2399; x_wconf 89' lang='lat' dir='ltr'><strong>et</strong></span> <span class='ocrx_word' id='word_1_201' title='bbox 1418 2369 1469 2398; x_wconf 86' lang='lat' dir='ltr'><strong>ea</strong></span> 
     </span>
     <span class='ocr_line' id='line_1_30' title="bbox 77 2421 1470 2486; baseline 0.004 -21"><span class='ocrx_word' id='word_1_202' title='bbox 77 2429 250 2466; x_wconf 87' lang='lat' dir='ltr'><strong>tantum</strong></span> <span class='ocrx_word' id='word_1_203' title='bbox 267 2421 494 2483; x_wconf 84' lang='lat' dir='ltr'><strong>probanda</strong></span> <span class='ocrx_word' id='word_1_204' title='bbox 510 2432 640 2484; x_wconf 86' lang='lat' dir='ltr'><strong>atquc</strong></span> <span class='ocrx_word' id='word_1_205' title='bbox 654 2422 893 2479; x_wconf 80' lang='lat' dir='ltr'><strong>laudanda,</strong></span> <span class='ocrx_word' id='word_1_206' title='bbox 910 2441 1009 2486; x_wconf 83' lang='lat' dir='ltr'><strong>quae</strong></span> <span class='ocrx_word' id='word_1_207' title='bbox 1025 2426 1296 2471; x_wconf 86' lang='lat' dir='ltr'><strong>consuetudo</strong></span> <span class='ocrx_word' id='word_1_208' title='bbox 1318 2441 1470 2471; x_wconf 89' lang='lat' dir='ltr'><strong>eorum</strong></span> 
     </span>
     <span class='ocr_line' id='line_1_31' title="bbox 79 2495 1472 2559; baseline 0.004 -22"><span class='ocrx_word' id='word_1_209' title='bbox 79 2508 183 2538; x_wconf 90' lang='lat' dir='ltr'><strong>cum</strong></span> <span class='ocrx_word' id='word_1_210' title='bbox 216 2495 377 2555; x_wconf 86' lang='lat' dir='ltr'><strong>quibus</strong></span> <span class='ocrx_word' id='word_1_211' title='bbox 408 2495 531 2552; x_wconf 75' lang='lat' dir='ltr'><strong>vivit,</strong></span> <span class='ocrx_word' id='word_1_212' title='bbox 558 2495 773 2540; x_wconf 82' lang='lat' dir='ltr'><strong>admittit:</strong></span> <span class='ocrx_word' id='word_1_213' title='bbox 805 2511 944 2556; x_wconf 82' lang='lat' dir='ltr'><strong>eoque</strong></span> <span class='ocrx_word' id='word_1_214' title='bbox 981 2498 1212 2558; x_wconf 79' lang='lat' dir='ltr'><strong>contingit,</strong></span> <span class='ocrx_word' id='word_1_215' title='bbox 1236 2507 1286 2542; x_wconf 87' lang='lat' dir='ltr'><strong>ut</strong></span> <span class='ocrx_word' id='word_1_216' title='bbox 1307 2500 1341 2543; x_wconf 88' lang='lat' dir='ltr'><strong>si</strong></span> <span class='ocrx_word' id='word_1_217' title='bbox 1364 2497 1472 2559; x_wconf 83' lang='lat' dir='ltr'><strong>quid</strong></span> 
     </span>
    </p>
   </div>
  </div>
 </body>
</html>
