1854 3219
368 178 453 218 406
791 189 824 217 s.
862 189 1091 219 Aucusnm
1122 193 1304 220 Eprscom

367 257 508 302 solum
532 271 621 299 11011
635 254 897 314 impediunt,
914 259 1197 302 verumetiam
1216 257 1396 303 solidius
1411 269 1607 304 asserunt
1620 260 1757 306 divini

367 327 544 387 Eloquii
578 327 873 370 narrationem
909 328 1003 372 haec
1031 331 1162 374 etiam
1194 330 1476 390 corporaliter
1506 330 1755 390 intellecta3

368 413 497 442 nemo
520 397 622 453 erit,
643 405 693 441 ut
715 397 902 457 opinior,
927 407 1015 442 tam
1039 400 1272 444 infideliter
1300 402 1516 460 pertinax,
1552 402 1628 462 qui
1656 418 1759 447 cum

369 485 419 514 ea
442 469 683 513 secundum
706 469 902 528 regulam
919 470 1022 514 fidei
1041 472 1229 531 exposita
1251 472 1425 530 proprie
1446 471 1617 528 viderit,
1638 473 1760 518 malit

366 540 548 600 pristina
569 556 793 584 remanere
811 542 1041 598 sententia,
1067 543 1102 586 si
1121 542 1234 588 forte
1251 542 1313 587 illi
1326 543 1416 588 visa
1434 542 1630 602 fuerant,
1647 560 1760 590 non-

366 612 448 656 nisi
463 613 647 672 figurate
668 627 790 672 posse
812 614 965 673 accipi.

365 773 1005 792 ΜΜΜΜΝἎΜΜΑΝΜΜΝΛΜΜΜΜ
1010 775 1759 794 mmmmmwmwmwmwmmw

912 899 1130 949 CAPUT
1169 901 1234 947 Π..

373 1041 601 1088 Genesim
619 1042 749 1089 alias
779 1054 951 1089 eontra
973 1044 1280 1090 fllanielzoeos
1301 1061 1390 1090 ear
1403 1043 1665 1091 seeundum
1686 1045 1764 1090 al-

796 1114 1029 1178 legoriam
1045 1117 1335 1177 exposuerit.

428 1254 482 1295 V.
524 1253 628 1295 ΝΛΜ
665 1260 708 1295 et
747 1265 826 1309 ego
855 1260 1008 1296 contra
1043 1253 1332 1306 Manichzms,
1369 1253 1446 1314 qui
1473 1255 1550 1298 has
1581 1253 1765 1298 Litteras

368 1323 536 1367 Veteris
569 1323 835 1368 Testamenti
868 1339 959 1368 non
987 1322 1114 1367 aliter
1141 1340 1274 1384 quam
1303 1334 1478 1384 oportet
1509 1324 1766 1384 accipiendo

369 1403 533 1449 errant,
551 1392 628 1437 sed
641 1394 820 1438 omnino
838 1409 927 1438 non
942 1394 1196 1453 accipiendo
1216 1404 1259 1438 et
1276 1394 1535 1439 detestando
1556 1394 1765 1455 blasphe-

370 1474 508 1520 mant,
534 1464 644 1510 duos
663 1465 899 1525 conscripsi
919 1465 1052 1510 libros
1078 1467 1241 1510 recenti
1258 1476 1454 1526 tempore
1476 1467 1766 1511 conversionis

373 1552 496 1591 meae,
529 1537 616 1581 cito
646 1537 798 1581 volens
824 1552 976 1580 eorum
1000 1535 1071 1581 vel
1098 1536 1327 1581 confutare
1349 1536 1634 1581 deliramenta
1650 1573 1661 1593 ,
1695 1537 1766 1583 vel

372 1608 537 1666 erigere
561 1607 851 1651 intentionem
874 1606 929 1651 ad
952 1606 1234 1666 qurerendam
1258 1609 1303 1650 in
1326 1608 1514 1662 Litteris,
1541 1624 1648 1668 quas
1666 1609 1773 1653 ode-

373 1687 477 1721 runt
496 1678 778 1722 christianam
802 1686 845 1719 et
866 1677 1161 1735 evangelicam
1186 1678 1334 1722 fidem.
1358 1681 1414 1722 Et
1433 1678 1537 1738 quia
1558 1694 1649 1723 non
1666 1680 1773 1723 mihi

374 1759 481 1793 tune
499 1747 789 1792 occurrebant
807 1747 970 1801 omnia,
997 1746 1373 1806 quemadmodum
1397 1750 1571 1809 proprie
1597 1760 1773 1809 possent

375 1819 534 1879 accipi,
580 1819 806 1879 magisque
837 1834 928 1861 11011
956 1833 1080 1877 posse
1114 1819 1250 1879 accipi
1280 1821 1563 1876 videbantur,
1598 1831 1674 1866 aut
1703 1822 1774 1867 vix
1814 1825 1815 1828 ’

373 1907 498 1952 posse
525 1900 601 1935 aut
622 1888 817 1944 distic-ile,
847 1905 902 1933 ne
928 1890 1192 1946 retardarer,
1214 1891 1324 1951 quid
1346 1893 1531 1952 figurate
1553 1893 1774 1952 significa-

375 1973 475 2008 rent
497 1977 569 2017 ea,
596 1977 695 2023 quae
711 1961 768 2005 ad
788 1960 979 2005 litteram
1002 1977 1092 2005 11011
1109 1962 1234 2021 potui
1248 1964 1459 2019 invenire,
1480 1973 1645 2025 quanta
1656 1964 1775 2009 valui

376 2036 589 2080 brevitate
613 2044 656 2078 et
678 2033 989 2093 perspicuitate
1012 2033 1237 2093 explicavi,
1263 2051 1319 2079 ne
1342 2035 1411 2081 vel.
1430 2035 1569 2081 multa
1590 2035 1776 2081 lectione

377 2106 447 2152 vel
459 2105 767 2166 disputationis
787 2104 1050 2149 obscuritate
1068 2105 1282 2161 deterriti,
1303 2107 1349 2150 in
1371 2123 1525 2151 manus
1538 2122 1587 2151 ea
1605 2123 1776 2152 sumere

378 2194 469 2222 non
495 2185 714 2221 curarent.
742 2179 912 2221 Memor
939 2184 1086 2219 tamen
1115 2175 1223 2237 quid
1245 2177 1429 2221 maxime
1454 2177 1666 2222 voluerim
1696 2194 1777 2223 nec

378 2250 597 2311 potuerim
612 2284 622 2303 ,
647 2257 698 2292 ut
720 2263 809 2292 non
827 2248 1010 2305 figurate
1028 2247 1103 2291 secl
1123 2248 1297 2308 proprie
1314 2249 1514 2308 primitus
1536 2259 1694 2294 cuncta
1713 2250 1778 2294 in-

379 2320 695 2379 telligerentur,
716 2335 800 2364 nec
823 2320 1003 2364 omnino
1024 2318 1256 2379 desperans
1273 2320 1404 2365 etiam
1427 2321 1486 2366 sic
1503 2337 1627 2381 posse
1649 2321 1778 2366 intel-

378 2392 478 2452 ligi,
520 2391 710 2452 idipsum
744 2392 790 2436 in
835 2391 976 2453 prima
1013 2401 1137 2452 parte
1175 2391 1357 2437 secundi
1391 2393 1493 2437 libri
1526 2394 1586 2438 ita
1615 2394 1773 2453 posui:

383 2483 404 2506 «
442 2466 573 2519 Sane,
603 2464 807 2524 inquam,
827 2463 1022 2524 quisquis
1041 2463 1229 2509 voluerit
1252 2465 1397 2509 omnia
1420 2481 1520 2525 quae
1542 2465 1657 2509 dicta
1675 2473 1777 2508 sunt

381 2534 626 2580 secundum
645 2535 835 2580 litteram
860 2536 1070 2595 accipere,
1095 2534 1141 2579 id
1164 2544 1248 2592 est,
1273 2551 1364 2580 non
1391 2534 1514 2579 aliter
1535 2534 1776 2593 intelligere
