1854 3219
300 213 353 239 DE
384 211 537 238 GENEst
569 209 624 236 An
656 209 894 249 erTEnAM,
929 213 1011 239 Lm.
1047 213 1126 240 xit.
1320 202 1404 241 599

25 292 151 322 causa
172 276 378 320 existente
403 275 450 318 in
467 274 586 318 aliud
605 284 824 320 avertatur
840 311 850 331 ,
875 285 924 320 ut
946 276 1143 336 quamvis
1167 275 1405 336 aliquando

25 363 70 393 se
92 348 262 393 noverit
281 362 372 391 non
391 361 594 405 corpora,
622 346 698 391 sed
725 362 955 406 corporum
975 346 1278 392 similitudines
1307 363 1404 392 cer-

23 433 143 473 nere,
163 416 233 463 vel
248 416 390 460 minus
408 415 575 459 erudita
588 416 718 460 etiam
734 417 825 476 ipsa
843 433 932 461 esse
945 432 1127 477 corpora
1140 417 1402 475 existimans,

25 489 180 534 sentiat
200 498 244 532 s'e
261 503 351 532 non
381 502 431 531 ea
454 502 650 547 corpore,
671 487 746 532 sed
765 488 917 548 spiritu
938 487 1106 543 videre,
1126 486 1256 547 longe
1272 489 1326 533 sit
1343 498 1406 534 ta-

24 575 125 604 men
142 559 197 602 ab
220 557 466 614 affectione,
491 574 578 619 qua
590 574 669 602 suo
686 558 856 619 corpori
879 568 1165 619 praesentatur
1186 577 1195 603 :
1221 559 1339 604 unde
1360 575 1406 605 se

23 639 187 675 norunt
210 638 254 673 et
274 630 377 674 caeci
394 628 570 688 vigilare
591 665 601 685 ,
628 645 728 674 cum
751 629 1055 675 similitudines
1077 644 1310 690 corporum
1329 645 1407 675 co-

25 700 179 759 gitatas
202 716 226 745 a
249 700 527 760 corporibus,
556 716 656 761 quae
676 699 825 746 videre
852 716 941 746 non
961 709 1169 762 possunt,
1193 709 1309 746 certa
1324 715 1407 746 no-

23 771 142 817 tione
163 772 430 817 discernunt.

21 914 162 935 mm

732 915 1403 938 mmmmmwvmwuwuwwmm

517 1037 735 1088 CAPUT
762 1040 903 1087 XXI.

25 1192 152 1242 Visa
164 1191 498 1253 corporalibus
518 1192 695 1238 similia
712 1195 762 1238 in
781 1209 886 1253 quoe
903 1195 1072 1239 anima
1090 1195 1292 1255 rapitur,
1312 1209 1409 1240 non

373 1262 484 1308 ideo
508 1280 609 1308 esse
629 1273 819 1309 naturoe
839 1263 1053 1310 diversae.

76 1401 234 1444 XLIV.
258 1400 361 1444 CUM
384 1409 532 1444 autem
554 1415 659 1444 sano
688 1415 893 1460 corpore,
912 1401 1006 1444 'nec
1028 1415 1184 1446 somno
1214 1399 1411 1447 sensibus

17 1469 272 1530 consopitis,
305 1468 454 1530 aliquo
476 1469 649 1514 occulto
672 1486 802 1530 opere
825 1469 1007 1530 spiritali
1028 1471 1073 1514 in
1095 1460 1280 1527 ea'visa,
1307 1488 1407 1532 quae

17 1539 171 1585 similia
192 1547 294 1584 sunt
316 1538 615 1599 corporalibus
633 1540 777 1583 anima
799 1541 965 1599 rapitur
979 1576 989 1593 ,
1015 1557 1106 1585 non
1128 1542 1229 1602 quia
1251 1542 1407 1588 modus

15 1612 208 1657 diversus
227 1619 311 1665 est,
336 1609 435 1654 ideo
461 1619 525 1654 est
546 1610 675 1654 etiam
699 1609 866 1654 diversa
889 1619 1045 1654 natura
1062 1611 1279 1671 visorum,
1303 1629 1406 1657 cum

14 1682 120 1727 etin
139 1680 224 1725 illis
245 1681 383 1725 causis
399 1716 410 1735 ,
431 1696 530 1741 quae
558 1679 613 1723 de
636 1695 816 1739 corpore
839 1681 1044 1736 existunt,
1062 1681 1116 1726 sit
1137 1682 1292 1743 utique
1315 1682 1406 1728 dif-

14 1752 215 1808 ferentia,
250 1761 295 1796 et
316 1750 554 1812 aliquando
588 1767 610 1795 a
641 1751 875 1795 contrario.
907 1753 1018 1796 Nam
1050 1753 1292 1811 phrenetici
1318 1770 1410 1800 non

16 1821 274 1869 dormiendo
306 1822 451 1882 potius
483 1820 760 1882 perturbatas
798 1821 967 1866 habent
999 1823 1215 1868 sentiendi
1243 1825 1332 1869 vias
1363 1826 1410 1869 in

15 1894 171 1955 capite,
196 1902 248 1937 ut
273 1891 375 1937 talia
396 1891 595 1948 videant,
628 1891 775 1953 qualia
796 1892 1059 1937 somniantes
1087 1893 1268 1951 vident,
1293 1912 1409 1958 quo-

14 1981 114 2010 rum
137 1962 396 2009 dormiendo
417 1963 624 2008 avertitur
642 1963 828 2007 intentio
851 1979 874 2007 a
892 1978 1020 2008 sensu
1036 1964 1268 2023 vigilandi,
1298 1976 1342 2012 et
1362 1967 1409 2012 in

15 2052 66 2081 ea
91 2033 281 2080 videnda
314 2033 597 2079 convertitur.
634 2036 747 2079 Cum
782 2049 885 2093 ergo
919 2033 1031 2079 illud
1067 2036 1143 2080 fiat
1177 2052 1268 2081 non
1302 2037 1406 2082 dor-

15 2105 209 2161 miendo,
234 2106 318 2150 hoc
335 2113 481 2149 autem
504 2104 778 2160 dormiendo,
799 2120 889 2149 non
905 2113 1052 2149 tamen
1074 2121 1124 2151 ea
1142 2123 1242 2168 quae
1255 2107 1411 2153 viden-

16 2187 89 2223 tur
110 2193 161 2222 ex
178 2176 262 2221 alio
287 2192 441 2236 genere
470 2186 587 2231 sunt,
613 2192 745 2237 quam
768 2192 819 2220 ex
841 2185 996 2221 natura
1014 2177 1210 2237 spiritus,
1237 2178 1292 2223 de
1317 2196 1406 2241 quo

16 2250 85 2292 vel
104 2247 150 2291 in
167 2263 255 2308 quo
276 2247 390 2291 fiunt
416 2246 718 2291 similitudines
741 2262 990 2307 corporum.
1026 2250 1091 2293 Ita
1114 2249 1310 2309 quamvis
1334 2248 1404 2293 di-

17 2333 139 2363 versa
156 2317 210 2362 sit
231 2333 357 2362 causa
380 2317 633 2362 intentionis
656 2315 853 2361 alienatae
867 2353 877 2373 ,
900 2317 1081 2378 quando
1101 2334 1206 2363 sano
1229 2335 1411 2380 corpore

17 2387 237 2448 vigilantis
265 2388 435 2433 occulta
463 2387 654 2449 quadam
682 2388 725 2434 vi
756 2388 939 2448 spiritali
973 2389 1116 2434 anima
1146 2391 1335 2450 rapitur,
1360 2400 1411 2435 ut

19 2460 114 2504 vice
137 2474 370 2519 corporum
391 2474 606 2520 expressas
628 2459 919 2519 corporalium
939 2475 1086 2504 rerum
1108 2460 1410 2505 similitudines

22 2531 69 2575 in
92 2530 247 2590 spiritu
264 2530 426 2586 videat,
452 2530 604 2576 eadem
621 2539 767 2576 tamen
785 2540 848 2575 est
867 2540 1023 2576 natura
1034 2531 1239 2577 visorum.
1255 2533 1406 2592 Neque
