1854 3219
395 168 421 206 6
832 178 865 207 s.
902 179 987 207 Auo
995 181 1131 208 usum
1164 181 1343 208 muscom

394 259 527 304 quam
550 242 870 288 distinctionem
888 244 1105 305 sequitur,
1136 263 1154 287 «
1181 246 1589 305 Concupiscentiam
1614 247 1780 292 habens

398 334 418 356 »
447 314 643 369 dissolvi,
669 324 712 358 et
733 330 823 358 csse
848 330 948 359 cum
975 315 1162 360 Christo.
1195 334 1214 357 »
1248 319 1304 360 Et
1333 325 1543 377 tanquam
1565 331 1782 377 quaerere-

399 396 491 439 tur,
537 401 671 447 quare
713 386 842 446 hujus
880 387 940 430 rci
975 387 1119 446 potius
1160 388 1319 432 habeat
1360 388 1781 448 concupisccn'tiam3

405 477 426 499 »
452 458 594 503 Multo
617 458 733 502 enim
747 459 882 518 magis
904 459 1119 519 optimum
1133 495 1144 515 ,
1168 477 1188 500 »
1204 460 1362 520 inquit.
1384 461 1474 505 Cur
1495 475 1599 520 ergo
1622 475 1646 504 e
1668 459 1783 506 duo-

397 530 480 575 bus
523 528 832 589 compellitur?
873 530 985 584 Quia
1026 539 1090 575 cst
1123 530 1330 575 manendi
1358 531 1610 588 necessitas,
1650 547 1785 592 quam

394 601 453 646 ita
495 601 704 662 subjecit,
754 620 775 644 «
809 603 987 646 Mancre
1029 601 1074 645 in
1109 617 1238 647 carne
1280 602 1570 648 necessaritun
1606 611 1785 663 propter

398 690 419 716 >›
450 688 542 718 vos.
570 691 591 714 »

456 746 510 788 V.
549 743 631 788 Ubi
667 751 813 787 autem
845 758 990 805 neque
1029 744 1280 804 praescripto
1312 742 1440 799 fidei,
1477 758 1621 805 neque
1652 743 1786 804 ipsius

397 815 606 860 sermonis
635 823 756 859 textu
792 815 1052 874 ambiguitas
1084 815 1285 875 explicari
1307 824 1475 875 potest,
1513 814 1624 859 nihil
1663 815 1788 861 obest

396 885 639 932 secundum
653 886 895 947 quamlibet
910 903 1075 942 earum,
1090 903 1190 947 qum
1203 886 1511 942 ostenduntur,
1527 887 1788 932 sententiam

396 958 678 1017 distinguere.
701 958 848 1003 Veluti
870 958 1019 1003 estilla
1043 958 1097 1003 ad
1115 959 1385 1015 Corinthios,
1413 978 1433 1001 «
1458 961 1544 1003 Has
1557 974 1660 1019 ergo
1683 975 1788 1019 pro-

400 1049 419 1071 »
445 1030 666 1075 missiones
683 1030 910 1085 habentes,
936 1031 1195 1086 charissimi,
1212 1030 1477 1075 mundemus
1492 1046 1570 1076 nos
1589 1031 1645 1075 ab
1668 1032 1790 1076 omui

399 1119 420 1143 »
444 1101 798 1161 coinquinatione
825 1102 964 1146 carnis
992 1111 1035 1146 et
1055 1102 1254 1161 spiritus²
1290 1102 1564 1162 perficientes
1593 1102 1790 1146 sanctifi-

400 1191 421 1216 »
446 1173 663 1217 cationem
680 1172 725 1216 in
739 1173 893 1217 timore
908 1173 999 1218 Dei.
1015 1173 1167 1233 Capite
1181 1189 1273 1218 nos.
1291 1173 1465 1219 Nemini
1480 1173 1745 1217 nocuimus1.
1768 1192 1787 1214 »

400 1243 594 1288 Dubium
608 1252 671 1288 est
686 1244 850 1303 quippe
863 1253 1028 1298 utrum,
1050 1263 1070 1285 «
1090 1243 1354 1288 Munclemus
1373 1259 1451 1287 nos
1464 1244 1519 1287 ab
1537 1244 1657 1287 omni
1670 1244 1792 1288 coin-

402 1332 423 1356 »
460 1314 715 1375 quinatione
732 1315 870 1358 carnis
890 1324 934 1358 et
951 1314 1150 1374 spiritus,
1168 1332 1189 1355 1)
1211 1315 1453 1359 secundum
1475 1314 1595 1358 illam
1614 1323 1791 1359 senten-

402 1405 424 1429 «
459 1385 586 1440 tiam,
615 1387 671 1430 Ut
705 1386 758 1430 sit
785 1395 934 1430 sancta
963 1395 1006 1430 et
1035 1400 1216 1446 corpore
1239 1395 1282 1430 et
1305 1386 1508 1446 spiritu23
1533 1402 1588 1430 an
1609 1387 1793 1431 munde·
1853 1396 1854 1404 ¹

403 1475 425 1500 ³)
449 1472 546 1501 mus
569 1472 647 1501 nos
676 1457 729 1500 ab
760 1457 880 1501 omni
912 1457 1270 1518 coinquinatione
1291 1458 1453 1514 carnis,
1482 1476 1502 1499 »
1528 1467 1579 1503 ut
1607 1458 1716 1503 alius
1739 1460 1794 1504 sit

401 1544 550 1574 sensus
566 1565 576 1584 ‚
613 1548 634 1571 ι(
659 1531 716 1573 Ε1
742 1528 917 1588 spiritus
949 1529 1222 1588 perficientes
1256 1529 1644 1573 sanctificationem
1667 1530 1713 1573 in
1733 1530 1793 1574 ti-

407 1618 427 1642 »
462 1615 583 1645 more
612 1601 689 1645 Dei
713 1599 853 1659 capite
875 1615 968 1644 nos.
994 1617 1014 1640 n
1043 1598 1166 1643 Tales
1197 1599 1331 1658 igitur
1348 1599 1679 1645 distinctionum
1698 1616 1793 1645 am-

407 1671 640 1731 biguitates
660 1671 705 1715 in
727 1680 940 1731 potestate
957 1669 1140 1730 legentis
1162 1679 1279 1715 sunt.

402 1818 758 1836 mmmmm
762 1817 1795 1837 ΜΜΜΛΛΜΜΜΜΜΝΊΜΜΜᾹΛΜΜΜΜΜΜΜΜΜ

925 1938 1140 1990 CAPUT
1194 1942 1289 1988 Ill.

403 2086 516 2147 Qua
549 2086 739 2132 ratione
772 2083 1065 2146 expediatur
1089 2083 1383 2148 ambiguitas
1410 2101 1474 2132 ex*
1500 2088 1793 2147 pronuntia-

1023 2165 1165 2202 icone.

456 2309 532 2351 VI.
576 2308 862 2361 QUAECUMQUE
906 2316 1052 2352 autem
1094 2308 1149 2352 de
1183 2308 1396 2367 ambiguis
1436 2306 1794 2353 distinctionibus

393 2377 607 2433 diximus,
636 2378 787 2422 eadem
813 2379 1084 2424 observanda
1106 2388 1209 2423 sunt
1231 2387 1272 2422 ct
1296 2379 1339 2422 in
1362 2379 1576 2438 ambiguis
1600 2395 1796 2439 pronun-

393 2449 447 2492 tia
455 2448 664 2493 tionibus.
683 2451 792 2493 Nam
802 2458 843 2493 ct
859 2449 962 2509 ipsae
975 2449 1374 2495 nisilcctorisnimia
1384 2449 1591 2495 vitientur
1604 2450 1790 2505 incuria,

447 2553 454 2568 ¹
472 2548 543 2578 Cor.
561 2558 614 2588 vn,
638 2558 666 2578 1.
687 2563 730 2569 --
762 2553 800 2578 21
822 2545 902 2578 Ibid.
923 2545 975 2587 3⁷1.
