1854 3219
315 209 369 235 DE
402 209 553 236 GENEsI
586 206 641 235 AD
673 204 914 247 LircrEnAM,
949 209 1031 236 LIB.
1069 211 1129 235 ix.
1345 196 1429 237 463

41 272 346 334 promittendis
369 275 499 318 rebus
515 272 674 318 futuris
696 282 739 317 et
756 275 1114 333 recognoscendis
1132 272 1321 334 impletis
1343 283 1428 318 tes-

40 344 272 389 timonium
295 343 606 406 perhiberent:
642 344 765 404 quod
790 345 926 404 magis
957 345 1183 405 magisque
1204 345 1252 391 in
1277 360 1431 391 conse-

40 416 276 476 quentibus
293 415 534 477 apparebit.

38 573 390 594 mum-mmm

747 574 817 593 m

1102 573 1242 592 mm
1246 573 1431 592 mm

534 696 752 748 CAPUT
796 698 933 748 XIV.

214 839 469 905 Quomodo
490 840 731 888 animalia
747 839 967 887 adducta
988 839 1061 886 ad
1077 838 1260 887 Adam.

97 980 260 1025 XXIV.
294 983 525 1026 VmEAMus
553 968 655 1039 ergo
673 1015 684 1036 ⁷
718 980 839 1041 quod
867 981 949 1025 isto
977 993 1108 1040 opere
1135 977 1401 1037 suscepimus
1417 1010 1428 1031 ‚

36 1065 128 1094 non
154 1050 396 1096 secundum
435 1052 835 1112 praefigurationem
869 1066 1014 1096 rerum
1047 1050 1296 1094 futurarum
1311 1083 1321 1102 ,
1359 1046 1433 1091 sed

37 1122 199 1168 secund
207 1138 280 1166 um
296 1138 444 1167 rerum
462 1132 680 1182 gestarum
696 1139 788 1167 non
805 1122 1083 1181 allegoricam
1094 1156 1106 1177 ,
1122 1119 1198 1165 sed
1213 1118 1432 1180 propriam

37 1192 417 1251 significationem,
443 1193 821 1255 quemadmodum
840 1194 936 1238 haec
956 1193 1093 1251 accipi
1110 1191 1275 1252 possint
1295 1210 1303 1234 :
1330 1209 1351 1232 «
1375 1192 1434 1234 Et

42 1281 61 1305 »
96 1264 221 1308 finxit
240 1267 356 1309 Deus
373 1300 384 1320 ‚
404 1265 548 1325 inquit
560 1299 571 1320 ,
596 1263 740 1309 adhuc
758 1263 813 1308 de
832 1272 947 1308 terra
964 1278 1113 1308 omnes
1130 1262 1289 1306 bestias
1312 1260 1427 1319 agri,

40 1350 62 1375 »
96 1343 140 1378 et
163 1334 315 1379 'omnia
336 1334 529 1380 volatilia
553 1335 676 1380 coeli:
700 1353 721 1376 »
758 1334 877 1379 unde
898 1336 989 1395 jam
1023 1332 1145 1394 quod
1175 1333 1318 1378 visum
1341 1339 1426 1386 est,

37 1414 82 1449 et
101 1416 316 1467 quantum
336 1407 478 1452 visum
500 1416 565 1452 est
579 1442 590 1462 ,
623 1405 915 1451 disseruimus.
947 1424 968 1448 «
991 1408 1050 1450 Et
1073 1403 1255 1448 adduxit
1283 1398 1430 1448 omnia

42 1494 62 1518 »
96 1491 144 1520 ea
175 1476 231 1521 ad
259 1477 426 1533 Adam,
458 1486 510 1522 ut
538 1476 708 1522 videret
729 1476 837 1537 quid
864 1492 912 1520 ea
935 1485 1124 1521 vocaret.
1149 1493 1170 1517 »
1197 1472 1431 1528 Quomodo

36 1545 132 1590 haec
155 1545 382 1592 adduxerit
396 1550 512 1592 Deus
535 1546 591 1591 ad
609 1546 766 1602 Adam,
786 1562 842 1590 ne
858 1545 1089 1591 carnaliter
1105 1545 1336 1604 sapiamus,
1358 1543 1431 1588 ad-

33 1615 185 1675 juvare
216 1633 295 1662 nos
325 1617 456 1662 debet
482 1616 603 1678 quod
624 1616 679 1660 de
707 1616 914 1676 bipertito
936 1631 1067 1676 opere
1098 1615 1259 1660 divinae
1279 1613 1430 1674 provi-

37 1686 197 1731 dentiae
217 1688 264 1732 in
290 1687 404 1732 libro
427 1687 649 1748 superiore
676 1687 971 1732 tractavimus.
1002 1689 1154 1747 Neque
1177 1685 1295 1730 enim
1319 1685 1433 1730 sicut

37 1758 250 1819 indagant
270 1768 403 1820 atque
416 1759 598 1817 adigunt
613 1768 824 1803 venantes
844 1758 915 1803 vel
932 1766 1199 1817 aucupantes
1222 1755 1278 1800 ad
1299 1756 1404 1800 retia
1417 1789 1428 1811 ,

37 1845 331 1891 quaecumque
359 1830 596 1875 animantia
617 1830 820 1889 capiunt,
845 1829 903 1873 ita
928 1829 1012 1873 1100
1035 1826 1201 1872 sactum
1223 1842 1313 1871 esse
1337 1842 1432 1871 cre-

37 1900 235 1946 dendum
249 1911 339 1961 est3
362 1910 439 1946 aut
458 1917 544 1947 vox
567 1900 712 1962 aliqua
721 1900 924 1961 jussionis
942 1899 997 1944 de
1018 1899 1139 1944 nube
1161 1897 1275 1943 facta
1292 1907 1355 1942 est
1371 1898 1431 1943 eis

37 1973 200 2029 verbis,
224 1989 324 2034 quae
344 1973 577 2017 rationales
594 1972 750 2016 animae
774 1969 1016 2026 audientes,
1033 1969 1277 2029 intelligere
1298 1978 1430 2030 atque

38 2044 218 2089 obedire
249 2044 450 2090 assolent.
484 2046 583 2089 Non
615 2043 732 2087 enim
762 2043 848 2087 hoc
882 2050 1144 2102 acceperunt
1176 2049 1228 2084 ut
1263 2040 1431 2100 possint

38 2114 204 2171 bestiae,
227 2114 299 2161 vel
321 2131 420 2161 aves
445 2134 454 2160 ε
480 2116 525 2158 111
545 2130 623 2159 suo
645 2123 794 2158 tamen
810 2128 967 2173 genere
989 2113 1295 2172 obtemperant
1312 2115 1428 2169 Deo;

38 2200 132 2230 non
148 2185 349 2231 rationali
364 2185 601 2232 voluntatis
615 2184 811 2240 arbitrio,
827 2183 902 2228 sed
914 2184 1027 2228 sicut
1040 2192 1186 2228 movet
1198 2181 1271 2226 ille
1285 2182 1432 2227 omnia

40 2257 311 2316 temporibus
328 2256 586 2317 opportunis
601 2291 612 2312 ‚
629 2271 720 2299 non
735 2255 826 2315 ipse
843 2253 1141 2315 temporaliter
1161 2262 1306 2298 motus
1320 2289 1331 2309 ‚
1356 2268 1434 2313 per

39 2327 232 2386 angelica
248 2328 508 2384 ministeria,
533 2343 633 2388 quae
655 2327 834 2386 capiunt
854 2327 900 2371 in
919 2326 1056 2372 verbo
1077 2327 1190 2386 ejus⁷
1211 2325 1321 2386 quid
1343 2340 1432 2385 quo

41 2407 237 2459 tempore
264 2400 358 2444 fieri
375 2398 536 2444 debeat
558 2418 567 2443 ;
592 2408 637 2442 et
655 2397 731 2443 illo
753 2414 844 2443 non
857 2397 1154 2458 temporaliter
1175 2406 1296 2442 moto
1310 2432 1321 2452 ,
1340 2412 1432 2440 mo-

42 2479 200 2514 ventur
219 2471 310 2530 ipsa
332 2468 646 2530 temporaliter,
667 2478 718 2514 ut
733 2469 779 2514 in
795 2470 845 2514 iis
868 2486 967 2531 quae
989 2469 1070 2513 sibi
1091 2469 1286 2529 subjecta
1307 2476 1426 2523 sunt,

37 2541 154 2600 jussa
175 2543 267 2603 ejus
290 2542 496 2586 efficiant.
