1854 3219
347 243 402 270 ΒΕ
433 240 584 269 οΕΝΕει
617 238 671 267 AD
704 238 944 280 ιιΤΤΕῐιΑΜ,
980 242 1061 269 Lm.
1098 241 1141 269 x.
1349 228 1432 269 505

48 310 139 370 ejus
154 343 165 364 ‚
196 306 570 369 quemadmodum
592 304 639 349 in
660 306 725 350 sui
746 307 877 365 patris
899 306 1028 350 etiam
1062 306 1152 366 ipse
1183 305 1402 350 Abraham
1419 342 1430 362 ‚

47 379 93 424 id
127 389 192 424 est
210 415 221 435 ,
259 379 337 440 qui
358 379 418 424 sic
439 386 503 422 est
523 388 647 422 natus
669 377 724 421 de
743 386 867 437 patre
887 378 1130 433 Abraham,
1155 377 1437 438 quemadmo-

46 449 154 494 dum
177 449 232 494 de
250 465 330 494 suo
351 457 472 509 patre
493 456 619 492 natus
648 456 712 492 est
733 448 976 504 Abraham,
1007 463 1083 509 per
1110 447 1252 507 legem
1274 448 1437 494 scilicet

46 521 92 566 in
127 520 332 565 membris
367 528 683 580 repugnantem
704 518 790 578 legi
811 521 967 564 mentis
985 530 1029 564 et
1050 520 1309 564 invisibilem
1331 537 1437 582 con-

47 592 379 652 cupiscentiam,
399 591 594 652 quamvis
612 606 706 635 eam
728 600 842 635 casta
865 600 908 636 et
926 592 1040 636 bona
1057 592 1156 651 jura
1185 593 1437 651 nuptiarum

47 679 138 710 non
158 663 302 708 sinant
318 662 480 719 valere,
502 663 583 707 nisi
596 671 810 723 quantum
827 678 877 706 ex
895 679 943 707 ea
958 672 1140 723 possunt
1158 663 1304 722 generi
1316 664 1439 707 subs-

48 733 248 780 tituendo
269 734 536 794 prospicere:
561 749 652 778 non
673 743 818 778 autem
842 743 884 778 ct
905 733 978 777 ille
1008 734 1070 778 ibi
1095 734 1334 778 decimatus
1347 743 1410 778 est
1424 770 1434 790 ‚

47 807 170 866 cujus
187 821 286 850 caro
303 804 406 849 inde
427 821 517 850 non
536 804 752 849 fervorem
772 804 985 859 vulneris,
1011 803 1086 848 sed
1103 805 1326 849 materiam
1345 821 1439 849 mc-

47 875 272 920 dicaminis
288 875 432 920 traxit.
453 878 564 921 Nam
586 891 687 920 cum
710 875 801 936 ipsa
822 875 1053 920 decimatio
1076 875 1131 919 ad
1152 877 1438 935 praefiguran-

47 945 148 991 dam
164 946 426 991 medicinam
440 946 724 1007 pertinuerit,
749 945 861 990 illud
882 947 926 989 in
944 946 1130 990 Abrahae
1159 962 1289 991 carne
1321 946 1440 991 deci-

45 1017 249 1062 mabatur
290 1015 412 1079 quod
449 1016 707 1072 curabatur,
747 1032 838 1061 non
874 1015 986 1061 illud
1026 1017 1144 1061 unde
1182 1017 1431 1062 curabatur.

46 1082 214 1133 Eadem
226 1103 417 1150 namque
432 1104 534 1133 caro
554 1104 644 1133 non
656 1088 845 1133 Abrahae
862 1097 1034 1133 tantum
1046 1124 1056 1144 ‚
1074 1088 1149 1133 scd
1163 1089 1295 1149 ipsius
1308 1089 1438 1149 primi

46 1159 294 1220 terrenique
316 1159 525 1204 hominis.
548 1158 678 1203 simul
700 1158 894 1204 habebat
927 1169 969 1204 et
1005 1158 1166 1205 vulnus
1190 1161 1440 1220 pracvarica-

46 1229 176 1274 tionis
193 1238 237 1274 et
251 1228 622 1274 medicamentum
644 1228 836 1274 vulneris
853 1251 863 1288 3
882 1229 1042 1276 vulnus
1074 1231 1441 1290 praevaricationis

45 1300 92 1345 in
127 1293 224 1360 [ege
252 1300 551 1345 membrorum
590 1310 862 1360 repugnante
900 1300 986 1360 legi
1017 1302 1201 1357 mentis,
1243 1318 1342 1362 quae
1364 1317 1441 1362 per

46 1387 223 1417 omnem
243 1372 347 1417 inde
373 1381 659 1432 propagatam
689 1388 863 1417 carnem
886 1372 1082 1417 seminali
1116 1374 1282 1418 rationo
1318 1373 1441 1433 quasi

43 1442 380 1501 transcribitur3
405 1441 773 1487 medicamentum
791 1452 937 1487 autem
949 1443 1141 1488 vulneris
1157 1443 1203 1487 in
1225 1458 1298 1499 eo,
1320 1446 1441 1504 quod

0 1531 7 1576 t
45 1513 150 1559 inde
162 1514 253 1558 sine
267 1529 397 1573 opere
410 1513 814 1574 concupiscentiali,
839 1514 884 1558 in
901 1513 991 1558 sola
1004 1514 1183 1559 materia
1201 1515 1438 1575 corporali,

0 1578 9 1647 i:
47 1599 125 1645 per
138 1583 330 1629 divinam
353 1585 648 1645 conceptionis
669 1583 1009 1645 formationiquc
1036 1585 1249 1629 rationem
1273 1585 1328 1629 de
1351 1586 1442 1630 vir-

3 1674 12 1722 t
49 1655 149 1714 gine
166 1664 436 1716 assumptum
451 1664 720 1715 est‚propter
734 1655 885 1700 mortis
909 1655 1000 1700 sine
1012 1655 1242 1716 iniquitate
1266 1671 1444 1703 consor-

4 1728 14 1772 ii
47 1726 158 1771 tium
171 1761 182 1782 ,
218 1735 262 1771 et
306 1726 398 1771 sine
432 1726 620 1771 falsitate
658 1726 983 1771 resurrectionis
1024 1726 1286 1786 exemplum.
1329 1730 1444 1780 Qua-

6 1794 16 1862 :ss
48 1806 227 1858 propter
243 1796 366 1857 quod
379 1797 524 1841 anima
537 1797 697 1842 Christi
718 1813 808 1841 non
823 1797 876 1841 sit
897 1812 949 1840 ex
966 1796 1145 1841 traduce
1163 1797 1318 1842 animae
1329 1797 1443 1843 illius

7 1859 17 1918 {j
49 1867 202 1929 primae
222 1868 574 1928 praevaricatricis
590 1903 600 1923 ‚
626 1877 735 1928 puto
758 1868 879 1928 quod
900 1867 1029 1912 etiam
1050 1869 1154 1928 ipsi,
1179 1869 1255 1929 qui
1278 1870 1444 1914 anima-

9 1920 19 1986 ii
51 1953 149 1983 rum
161 1938 387 1984 traducem
406 1937 676 1994 defendunt,
703 1939 999 1997 consentiant3
1022 1955 1100 1999 per
1121 1954 1269 1983 semen
1280 1940 1444 2000 quippe

11 1990 21 2061 ii
52 2009 382 2055 concumbentis
405 2010 538 2070 patris
566 2009 813 2054 transfundi
845 2010 975 2054 etiam
1005 2025 1153 2054 semen
1186 2011 1340 2054 animae
1368 2027 1447 2056 vo-

12 2071 23 2135 ii
52 2081 172 2137 lunt,
205 2097 229 2126 a
257 2097 345 2142 quo
375 2097 534 2141 genere
564 2082 859 2141 conceptionis
887 2082 1084 2127 Christus
1107 2081 1271 2126 alienus
1293 2092 1377 2128 est:
1403 2092 1447 2128 ct

14 2141 27 2248 i
50 2151 175 2213 quod
193 2152 239 2196 in
255 2153 478 2196 Abraham
500 2152 534 2197 si
555 2152 797 2197 secundum
818 2153 1005 2197 animam
1019 2151 1189 2208 fuisset,
1211 2154 1339 2197 etiam
1358 2154 1448 2214 ipse

22 2249 26 2276 ,
55 2222 296 2268 decimatus
321 2233 464 2269 esset:
498 2240 587 2269 non
622 2239 711 2268 esse
740 2234 886 2269 autem
920 2224 1208 2280 decimatum,
1230 2225 1449 2285 Scriptura

25 2290 28 2358 ]
55 2302 259 2349 testatur,
281 2310 380 2354 quae
401 2294 506 2339 hinc
529 2310 707 2356 quoque
724 2295 1016 2340 sacerdotium
1039 2296 1129 2356 ejus
1151 2311 1174 2339 a
1189 2294 1362 2341 levitico
1381 2312 1450 2341 sa·-

57 2364 250 2409 eerdotio
272 2365 522 2425 distinguit¹
540 2400 550 2410 .

22 2427 33 2527 §fi
110 2468 118 2485 ¹
144 2461 246 2494 Hebr.
266 2472 323 2504 vn,
339 2462 373 2494 6.

26 2560 34 2589 ι

30 2700 40 2767 ²1,

31 2768 41 2813 ν.

34 2860 37 2878 i

34 2875 43 2892 ιΙ

41 2896 43 2908 A

34 2894 39 2913 1

37 2949 47 2988 323

38 2990 48 3033 t

39 3029 51 3152 i

43 3134 53 3219 i
