1854 3219
352 220 404 255 72
765 231 796 255 s.
835 229 1060 257 AL'GUSTlNl
1097 231 1276 257 izviscom

353 294 516 337 ‹lis-coru
539 292 785 336 desiderant
801 328 810 345 ,
834 292 1002 353 loquor.
1035 296 1074 337 15
1094 303 1236 337 autem
1257 303 1319 337 est
1348 294 1559 353 optimus,
1580 309 1670 353 quo
1692 295 1740 338 fit

355 377 401 407 111
423 365 496 423 qui
521 362 837 418 0111111,γ1·1·11111
865 363 1038 419 audiat,
1060 373 1096 407 el
1127 364 1245 424 quod
1271 363 1392 407 audit
1424 362 1650 422 intelligat.
1672 363 1741 408 Ad

351 450 482 494 quem
512 436 643 479 finem
677 450 777 478 cum
801 444 981 479 ventum
1015 436 1169 491 suerit⁷
1198 435 1305 479 nihil
1328 445 1431 479 111110
1469 434 1652 495 amplius
1686 434 1741 479 de

352 507 443 564 ipsa
459 520 503 548 re
526 515 732 565 tanquam
749 504 910 549 diutius
925 505 1122 550 docenda
1136 506 1427 550 laborandum
1443 515 1505 549 est
1518 542 1528 564 ,
1543 505 1617 549 sed
1629 505 1741 550 forte

351 578 407 618 (le
430 575 774 619 commendanda
794 585 843 619 ut
866 576 906 619 in
931 578 1061 621 eorde
1084 578 1269 636 figatur:
1295 577 1415 637 quod
1437 577 1470 620 si
1490 576 1742 621 faciendum

350 648 594 703 videbitur,
621 649 678 693 ita
717 648 911 693 modeste
933 648 1183 694 faciendum
1211 658 1274 693 est
1293 664 1347 693 ne
1370 648 1648 709 perveniatur
1687 647 1741 693 ad

353 719 552 762 taedium.

350 889 419 904 ww
423 889 632 906 ΜΑΑΝἎΛΜΜ
636 890 704 906 m
708 890 776 906 ΜΜ
780 890 921 907 mm
925 889 1741 907 mmmmmmmmmmmmwuwmw

867 1003 1084 1053 CAPUT
1118 1005 1213 1053 XI.

357 1135 525 1194 Quare
556 1139 757 1182 conanti
777 1135 948 1183 docere
975 1135 1231 1183 dz'oendam
1250 1140 1507 1199 perspicae
1517 1174 1533 1195 ,
1556 1152 1644 1184 nec
1669 1146 1744 1182 ta-

839 1224 948 1253 men
980 1209 1253 1254 insuaviter.

408 1343 570 1386 XXVI.
599 1344 788 1387 Pnonses
811 1343 906 1386 haee
939 1351 1005 1386 est
1033 1342 1077 1385 in
1112 1341 1313 1387 docendo
1344 1341 1621 1403 eloquentia,
1657 1345 1744 1404 qua

347 1421 396 1463 fit
419 1419 607 1464 dicendo
619 1455 629 1474 ,
652 1435 742 1463 11011
761 1429 811 1463 ut
828 1418 962 1463 libeat
980 1418 1101 1479 quod
1118 1419 1352 1474 horrebat,
1370 1427 1446 1462 aut
1463 1427 1512 1463 ut
1534 1419 1610 1463 fiat
1623 1420 1746 1480 quod

345 1491 547 1550 pigebat,
584 1489 660 1534 sed
689 1499 739 1533 ut
772 1499 978 1549 appareat
1006 1490 1128 1550 quod
1154 1489 1334 1535 latebat.
1367 1490 1498 1544 Quod
1530 1498 1679 1534 tamen
1711 1490 1745 1534 si

347 1562 424 1605 siat
444 1561 701 1616 insuaviter,
723 1561 779 1605 ad
799 1577 962 1621 paucos
980 1560 1158 1621 quidem
1171 1559 1507 1606 studiosissimos
1524 1577 1628 1606 suus
1646 1576 1746 1621 per-

347 1632 466 1678 venit
483 1631 651 1676 fructus
668 1667 678 1687 ,
704 1632 779 1692 qui
803 1647 851 1676 ea
869 1648 968 1692 quae
989 1630 1195 1676 discenda
1209 1641 1312 1676 sunt
1328 1667 1338 1687 ‚
1359 1632 1558 1692 quamvis
1577 1631 1745 1692 abJ'eete

346 1702 600 1763 inculteque
626 1702 825 1747 dieantur
841 1738 851 1758 ‚
877 1703 984 1747 seire
1010 1702 1273 1747 desiderant.
1311 1702 1441 1756 Quod
1465 1718 1567 1747 eum
1597 1701 1744 1763 adepti

346 1774 511 1819 fuerint
528 1809 538 1829 ‚
564 1774 652 1833 ipsa
669 1773 987 1818 delectabiliter
1002 1774 1183 1818 veritate
1199 1783 1438 1833 pascuntur
1464 1794 1473 1819 :
1497 1774 1743 1819 bonorum-

346 1861 433 1906 que
446 1845 722 1904 ingeniorum
737 1845 911 1902 insignis
925 1853 988 1889 est
1000 1843 1183 1900 indoles,
1200 1844 1244 1889 in
1256 1844 1399 1890 verbis
1412 1860 1565 1889 verum
1580 1861 1740 1902 amare,

347 1932 437 1960 non
469 1916 617 1960 verba.
649 1915 769 1969 Quid
801 1915 918 1959 enim
954 1915 1134 1976 prodest
1166 1914 1296 1960 clavis
1325 1931 1480 1971 aurea,
1513 1916 1547 1960 si
1577 1916 1743 1976 aperire

348 1988 470 2047 quod
491 1986 693 2032 volumus
716 2003 805 2032 nou
827 1989 1004 2047 potest?
1022 1990 1110 2032 Aut
1130 1987 1238 2048 quid
1261 1987 1384 2032 obest
1401 1986 1567 2046 lignea,
1603 1988 1637 2031 si
1659 1988 1743 2032 hoe

348 2058 711 2118 potesthuando
726 2058 836 2102 nihil
855 2058 1109 2118 quaerimus,
1130 2058 1211 2102 nisi
1233 2067 1381 2117 patere
1407 2057 1527 2118 quod
1545 2057 1742 2102 Clausum

347 2138 426 2174 est.
463 2129 547 2174 Sed
569 2129 780 2189 quoniam
807 2129 920 2173 inter
943 2145 987 2173 se
1015 2129 1182 2173 habent
1210 2128 1468 2174 nonnullam
1493 2128 1742 2174 similitudi-

349 2215 451 2243 nem
483 2210 703 2244 vescentes
725 2210 856 2260 atque
881 2200 1109 2256 discentes,
1135 2210 1313 2260 propter
1335 2198 1505 2244 fastidia
1532 2199 1742 2260 plurimo-

349 2286 462 2325 rum,
495 2271 626 2314 etiam
648 2272 763 2330 ipsa,
797 2271 889 2315 sine
912 2271 1072 2332 quibus
1094 2271 1180 2317 vivi
1209 2287 1299 2317 non
1331 2280 1500 2331 potest,
1531 2271 1737 2317 alimenta

351 2341 596 2387 condienda
614 2352 730 2386 sunt.
