1854 3219
361 152 443 192 344
785 164 818 192 s,
855 165 1085 197 Auens-nm
1117 171 1299 198 EPISCOI‘I

358 233 496 291 prima
520 246 665 275 rerum
687 233 938 279 conditione
953 271 964 291 ,
990 252 1075 297 qua
1103 238 1263 283 creavit
1288 241 1401 282 Deus
1419 240 1564 285 omnia
1586 240 1711 284 simul
1730 275 1742 296 ,

356 303 481 346 sicuti
507 311 571 346 est
589 317 679 346 non
698 312 866 348 tantum
882 307 1087 365 perfectae
1103 309 1241 353 aetatis
1262 309 1395 353 bomo
1410 345 1420 365 ,
1441 309 1517 354 sed
1534 324 1589 354 ηο
1604 310 1746 355 infans

357 372 560 433 quidem,
584 389 663 418 nec
692 384 865 419 tantum
887 376 1029 422 infans
1046 414 1056 434 ,
1090 379 1165 423 sed
1189 395 1243 423 ne
1265 381 1546 440 puerperium
1569 380 1745 441 quidem

360 445 403 488 in
427 454 550 489 utero
576 446 748 503 matris,
770 462 849 490 nee
869 456 1040 493 tantum
1062 452 1145 495 hoc
1163 487 1173 505 ,
1199 452 1275 495 sed
1297 467 1376 495 nee
1398 467 1544 496 semen
1568 452 1746 513 quidem

354 515 524 560 visibile
544 516 753 572 hominis,
779 520 954 577 putabit
974 522 1153 566 omnino
1177 537 1266 566 non
1288 521 1433 566 fuisse.
1460 523 1626 568 Redeat
1646 537 1746 581 ergo

358 586 413 630 ad
445 587 732 647 Scripturam,
767 589 960 636 inveniet
987 602 1104 637 sexto
1133 592 1203 636 die
1237 592 1458 637 hominem
1489 593 1655 639 factum
1693 594 1747 638 ad

358 657 588 715 imaginem
625 660 703 703 Dei
720 662 750 716 1,
791 659 927 706 factos
966 672 1112 707 autem
1149 663 1392 708 masculum
1424 674 1467 708 et
1499 665 1744 709 foeminam.

359 731 469 772 Item
493 740 659 789 quierat
678 731 856 791 quando
874 732 986 778 sacta
1004 734 1059 778 sit
1076 733 1256 778 fiumina
1274 770 1284 790 ‚
1304 735 1496 779 inveniet
1518 744 1634 779 extra
1652 735 1748 780 illos

357 815 427 843 sex
446 799 535 845 dies
555 821 562 845 :
590 810 695 846 ωηο
718 803 834 846 enim
856 804 967 848 faeta
994 814 1057 849 est
1079 804 1257 866 quando
1280 809 1394 850 Deus
1411 805 1466 850 de
1490 815 1604 850 terra
1627 807 1749 850 finxit

356 871 501 916 adhue
525 873 681 918 bestias
704 875 795 934 agri
814 885 856 920 et
877 876 1068 920 volatilia
1090 877 1189 921 coeli
1204 913 1215 932 ,
1241 892 1330 921 non
1353 877 1532 938 quando
1556 877 1747 922 volatilia

354 943 655 1002 produxerunt
677 962 828 1006 aquae,
854 956 896 990 et
921 947 1106 991 animam
1139 948 1306 1003 vivam,
1340 948 1385 992 in
1418 965 1505 1009 qua
1528 958 1571 993 et
1600 948 1749 992 hestiae

356 1025 479 1070 sunt,
501 1015 708 1075 produxit
726 1026 853 1061 terra.
875 1020 997 1063 'sune
1015 1027 1161 1062 autem
1175 1018 1317 1064 faetus
1335 1029 1399 1063 est
1419 1020 1552 1064 homo
1570 1029 1614 1063 et
1632 1035 1748 1064 mas-

356 1085 480 1129 culus
502 1096 544 1130 et
568 1085 746 1131 flemina
763 1104 770 1128 :
789 1103 891 1145 ergo
908 1098 949 1132 et
967 1097 1072 1133 tune
1094 1098 1138 1132 et
1159 1099 1322 1148 postea.
1342 1093 1493 1150 Neque
1511 1090 1625 1133 enim
1643 1099 1749 1134 ωηο

357 1166 400 1199 et
429 1173 517 1200 non
553 1167 731 1216 postea:
770 1168 845 1202 aut
868 1175 971 1203 vero
1006 1169 1154 1219 postea
1185 1169 1228 1203 et
1258 1176 1347 1204 non
1378 1169 1484 1203 tunc
1518 1179 1526 1204 :
1564 1176 1644 1204 nee
1679 1160 1750 1204 alii

355 1237 526 1287 postea,
553 1228 627 1272 sed
656 1228 789 1273 iidem
818 1230 897 1289 ipsi
928 1230 1051 1275 aliter
1077 1240 1203 1285 tunc,
1231 1229 1354 1275 aliter
1376 1240 1541 1291 postea.
1575 1234 1751 1285 Quaeret

355 1318 409 1343 ex
437 1316 508 1343 me
537 1301 776 1361 quomodo.
812 1302 1105 1361 Respondebo
1123 1339 1134 1358 ,
1172 1312 1321 1363 postea
1357 1303 1598 1359 visibiliter,
1639 1304 1751 1347 sieut

355 1373 517 1431 species
539 1373 745 1416 humanae
768 1373 1090 1418 constitutionis
1110 1383 1213 1418 nota
1231 1374 1356 1418 nobis
1379 1383 1468 1430 est,
1497 1390 1586 1418 non
1604 1384 1750 1418 tamen

355 1444 612 1503 parentibus
642 1445 974 1502 generantibus,
1001 1444 1076 1488 sed
1096 1444 1169 1488 ille
1202 1444 1257 1488 de
1289 1445 1418 1500 limo,
1452 1444 1525 1489 illa
1554 1445 1609 1489 de
1634 1455 1751 1490 costa

356 1517 461 1576 ejus.
495 1519 671 1569 Quaeret
703 1526 809 1560 tune
839 1515 1077 1577 quomodo.
1115 1516 1432 1577 Respondebo,
1459 1516 1748 1573 invisibiliter,

356 1586 665 1647 potentialiter,
688 1586 927 1641 causaliter,
949 1587 1307 1647 quomodobfiunt
1330 1586 1478 1632 futura
1504 1603 1594 1633 non
1616 1587 1747 1632 facta.

415 1661 495 1701 xl.
529 1658 610 1702 Hie
646 1656 759 1702 forte
796 1674 885 1702 non
920 1657 1150 1717 intelliget.
1196 1658 1526 1702 Subtrahuntur
1560 1659 1676 1702 enim
1712 1659 1752 1703 ei

357 1738 515 1773 cuneta
534 1745 633 1789 quae
647 1728 790 1781 novit,
812 1744 950 1789 usque
963 1728 1017 1771 ad
1029 1728 1167 1787 ipsam
1184 1728 1399 1772 seminum
1414 1727 1748 1788 corpulentiam.

354 1803 506 1860 Neque
529 1799 646 1843 enim
668 1798 736 1843 vel
754 1798 839 1842 tale
861 1798 1027 1859 aliquid
1043 1800 1175 1843 homo
1191 1798 1282 1859 jam
1298 1808 1390 1843 erat
1408 1819 1416 1844 :
1438 1815 1537 1844 eum
1557 1799 1599 1843 in
1615 1799 1751 1859 prima

355 1871 429 1915 illa
452 1886 523 1915 sex
545 1871 716 1914 dierum
738 1869 990 1915 conditione
1023 1869 1163 1914 faetus
1192 1880 1297 1914 erat.
1332 1874 1469 1914 Datur
1490 1870 1670 1931 quidem
1698 1871 1753 1916 de

356 1943 594 1988 seminibus
622 1942 677 1986 ad
698 1943 810 1986 hane
833 1957 924 1986 rem
945 1941 1159 1986 nonnulla
1184 1941 1423 1987 similitudo
1440 1978 1450 1997 ,
1476 1952 1654 2002 propter
1680 1942 1752 1988 illa

357 2031 455 2075 quae
478 2015 523 2058 in
545 2015 603 2058 eis
623 2014 773 2059 sutura
791 2023 988 2058 conserta
1009 2024 1111 2058 sunt
1128 2036 1138 2072 3
1158 2023 1461 2058 verumtamen
1485 2023 1586 2058 ante
1608 2015 1753 2059 omnia

356 2085 540 2130 visibilia
563 2085 726 2129 semina
750 2095 851 2130 sunt
874 2084 959 2129 illae
982 2100 1122 2129 causae
1149 2104 1157 2129 :
1184 2085 1259 2129 sed
1282 2101 1371 2129 non
1390 2084 1609 2144 intelligit.
1637 2085 1754 2138 Quid

358 2173 460 2215 ergo
485 2156 641 2201 faciam
660 2192 669 2212 ,
696 2157 777 2200 nisi
800 2166 1015 2216 quantum
1037 2171 1214 2216 possum
1231 2191 1241 2211 ,
1267 2155 1496 2199 salubriter
1517 2171 1720 2200 moneam
1739 2191 1750 2212 ,

357 2238 406 2272 ut
431 2228 664 2287 Scriptura:
683 2227 758 2270 Dei
776 2227 924 2271 credat
942 2236 984 2270 et
1004 2236 1108 2271 tune
1130 2226 1296 2271 sactum
1307 2226 1551 2281 hominem,
1569 2226 1753 2287 quando

355 2303 467 2343 Deus
491 2314 591 2342 eum
614 2298 752 2342 faetus
773 2307 836 2342 est
858 2298 948 2342 (lies
965 2334 975 2352 ,
1002 2297 1106 2342 l'eeit
1128 2297 1290 2341 coelum
1312 2306 1355 2341 et
1374 2307 1531 2341 terram
1546 2333 1556 2352 ,
1582 2297 1638 2341 de
1662 2313 1751 2357 quo

353 2371 457 2415 alibi
478 2371 698 2430 Scriptura
716 2370 841 2413 dicit:
862 2369 980 2422 «Qui
998 2369 1105 2414 vivit
1123 2370 1167 2413 in
1190 2378 1403 2413 aeternum
1421 2369 1584 2413 creavit
1604 2369 1750 2413 omnia

358 2460 377 2481 »
413 2440 593 2499 simul'23
615 2459 634 2481 >›
654 2450 697 2484 et
719 2449 825 2484 tune
847 2440 1024 2500 quando
1042 2442 1133 2500 jam
1152 2455 1242 2484 non
1258 2439 1411 2493 simul,
1431 2439 1507 2484 sed
1523 2440 1609 2483 suis
1625 2454 1751 2498 quae-

404 2533 412 2547 ¹
435 2530 512 2557 Gen.
534 2537 558 2567 1,
578 2534 632 2564 ας.
660 2543 697 2547 —-
726 2532 738 2548 2
762 2524 857 2555 Ereti.
876 2522 1014 2563 xviii-221.
