1854 3219
310 246 364 271 DE
399 244 551 272 GENEsr
584 242 638 270 AD
671 243 911 282 LlTTEnAM,
948 244 1030 271 Lm.
1066 245 1127 270 xr.
1330 232 1412 271 515

28 325 50 350 »
85 316 191 352 runt
209 307 313 354 folia
334 309 430 365 fici,
455 317 499 352 et
519 308 718 352 fecerunt
736 308 816 352 sibi
828 308 1096 367 campestria.
1114 310 1170 351 Et
1184 306 1417 353 audierunt

26 396 48 420 »
81 394 233 424 vocem
254 379 426 425 Domini
447 379 526 423 Dei
547 377 864 422 deambulantis
882 380 926 421 in
950 377 1147 437 paradiso
1175 377 1229 421 ad
1260 393 1416 437 vespe-

25 458 48 491 11
82 465 199 506 ram‚·
217 449 601 494 et'absconderunt
618 464 662 493 se
679 449 819 494 Adam
835 458 877 492 et
893 448 1048 492 mulier
1061 449 1151 508 ejus
1164 464 1186 491 a
1201 447 1309 492 facie
1327 452 1417 493 Do-

24 536 47 561 »
81 519 189 564 mini
220 520 301 582 Dei,
326 520 373 564 in
398 518 544 565 medio
573 519 682 579 ligni
713 519 914 579 paradisi.
941 522 999 563 Et
1015 519 1187 563 vocavit
1207 519 1418 563 Dominus

25 599 49 632 11
83 594 197 636 Deus
233 586 398 647 Adam,
425 600 469 636 et
501 591 609 636 dixit
639 590 730 636 illi:
757 591 934 636 Ubios?
956 593 1013 634 Et
1036 590 1143 634 dixit
1160 590 1220 634 ei:
1247 592 1410 634 Vocem

24 673 48 703 11
80 670 203 707 tuam
220 662 365 707 audivi
387 662 710 708 deambulantis
723 662 770 706 in
800 662 1023 722 paradiso,
1049 671 1093 705 et
1125 661 1275 717 timui,
1313 662 1416 722 quia

25 745 50 774 11
81 733 228 779 nudus
249 750 343 779 sum
360 770 371 791 7
399 744 442 779 et
464 731 672 780 abscondi
689 748 774 778 me.
800 737 856 778 Et
876 733 983 777 dixit
1001 733 1064 777 illi
1087 753 1095 777 :
1117 733 1222 786 Quis
1240 733 1418 777 nuntia-

24 820 46 845 »
79 804 142 848 vit
174 804 255 848 tibi
283 805 384 865 quia
418 805 563 849 nudus
591 821 659 861 es,
686 804 767 848 nisi
792 820 815 847 a
832 803 953 862 ligno
976 803 1097 864 quod
1121 817 1414 863 praeceperam

22 890 44 917 11
79 875 159 918 tibi
176 884 348 919 tantum
370 891 426 920 ne
448 892 499 920 ex
520 891 571 921 eo
593 874 876 920 manducares
891 910 901 929 ‚
922 875 977 918 ab
996 890 1047 937 co
1060 873 1286 918 edistiPEt
1305 873 1416 918 dixit

24 953 48 987 11
80 945 249 990 Adam:
289 945 449 991 Mulier
491 961 624 1008 quam
646 946 803 990 dedisti
840 960 1035 1000 mecum,
1070 945 1165 988 haec
1193 945 1301 988 mihi
1336 944 1416 988 de—

25 1027 46 1060 11
79 1016 145 1060 dit
174 1015 229 1060 de
265 1016 412 1076 ligno,
449 1027 492 1062 et
521 1017 605 1061 edi.
633 1020 691 1061 Et
712 1017 819 1060 dixit
840 1016 1050 1061 Dominus
1078 1018 1192 1059 Deus
1215 1014 1413 1060 mulieri:

26 1104 48 1128 »
82 1085 201 1155 Quid
216 1088 300 1132 hoc
321 1087 490 1133 fecisti?
511 1092 567 1133 Et
585 1088 693 1132 dixit
715 1087 898 1132 mulier:
927 1090 1111 1146 Serpens
1133 1086 1304 1130 seduxit
1325 1102 1416 1141 me,

21 1163 44 1200 5⁵
78 1167 122 1203 et
144 1158 423 1204 manducavi.
445 1163 502 1204 Et
530 1158 639 1204 dixit
672 1160 885 1204 Dominus
911 1162 1026 1203 Deus
1055 1159 1271 1218 serpenti:
1308 1122 1420 1211 Quiri

22 1243 46 1270 11
79 1227 218 1273 fecisti
235 1230 344 1286 hoc,
371 1229 630 1275 maledictus
652 1237 701 1274 tu
717 1230 772 1274 ab
796 1230 1001 1274 omnibus
1022 1229 1274 1289 pecoribus,
1301 1238 1343 1272 et
1364 1229 1419 1272 ab

22 1311 45 1340 11·
81 1300 287 1344 omnibus
309 1301 458 1343 bestiis
473 1335 484 1355 ‚
509 1316 608 1361 quae
630 1309 733 1345 sunt
755 1316 886 1360 super
904 1309 1079 1344 terram.
1110 1303 1248 1359 Super
1268 1309 1420 1360 pectus

19 1384 45 1411 11
74 1376 203 1414 tuum
220 1378 263 1414 et
283 1377 482 1415 ventrem
506 1380 632 1413 tuum
651 1371 896 1416 ambulabis
911 1406 922 1426 ‚
945 1380 988 1415 et
1010 1381 1168 1415 terram
1194 1371 1293 1414 edes
1318 1386 1416 1415 om·-

21 1455 43 1483 11
78 1455 154 1485 nes
183 1440 273 1485 dies
302 1441 403 1485 vitae
432 1449 535 1484 tuae.
568 1444 625 1485 Et
657 1441 903 1485 inimicitias
919 1455 1083 1500 ponam
1103 1441 1216 1484 inter
1238 1450 1280 1485 te
1294 1452 1337 1487 et
1358 1442 1423 1487 in-

21 1526 44 1554 11
78 1520 145 1556 ter
163 1511 418 1567 mulierem,
444 1520 488 1555 et
509 1512 623 1555 inter
639 1526 787 1555 semen
809 1521 937 1554 tuum
960 1520 1004 1555 et
1024 1526 1170 1555 semen
1189 1513 1279 1572 ejus
1300 1533 1308 1557 2
1329 1513 1420 1574 ipsa

22 1599 44 1624 »
78 1582 159 1626 tibi
174 1581 363 1627 servabit
396 1590 551 1642 caput,
584 1590 627 1625 et
654 1591 705 1625 tu
727 1582 917 1626 servabis
943 1582 1035 1641 ejus
1069 1581 1336 1627 calcaneum.
1363 1586 1421 1628 Et

22 1668 46 1695 11
79 1652 250 1697 mulieri
280 1652 413 1697 dixit:
439 1651 736 1712 Multiplicans
761 1652 1067 1712 multiplicabo
1101 1652 1293 1697 tristitias
1325 1663 1422 1698 tuas

22 1740 47 1765 11
80 1732 123 1768 et
143 1723 351 1783 gemitum
367 1731 511 1766 tuum.
536 1725 587 1766 In
606 1722 788 1767 tristitiis
809 1724 949 1782 paries
964 1723 1075 1767 filios
1089 1758 1100 1778 ‚
1131 1733 1172 1767 et
1195 1724 1250 1768 ad
1276 1725 1420 1769 virum

23 1813 45 1838 »
79 1804 203 1839 tuum
227 1794 452 1839 conversio
476 1803 551 1838 tua
567 1829 577 1849 ,
599 1803 642 1837 et
663 1793 755 1853 ipse
784 1795 850 1837 tui
872 1793 1185 1838 dominabitur.
1211 1795 1319 1840 Adae
1342 1813 1421 1840 au—

24 1881 47 1908 11
81 1875 170 1911 tem
199 1865 336 1910 dixit:
358 1866 468 1919 Quia
494 1864 653 1909 audisti
686 1878 839 1910 vocem
870 1864 1062 1908 mulieris
1094 1873 1203 1920 tuae,
1228 1875 1272 1910 et
1297 1867 1420 1913 edisti

24 1953 46 1979 11
81 1935 136 1981 de
151 1936 270 1994 ligno
287 1971 297 1991 ,
314 1935 370 1980 de
386 1951 475 1996 quo
489 1950 780 1995 praeceperam
801 1935 880 1978 tibi
898 1934 953 1978 de
973 1950 1025 1979 eo
1051 1935 1142 1980 solo
1157 1952 1246 1980 non
1264 1937 1414 1995 edere⁷

24 2024 47 2050 11
81 2005 312 2051 maledicta
333 2013 447 2049 terra
467 2005 513 2049 in
535 2005 741 2065 operibus
764 2005 849 2049 tuis
867 2024 875 2049 ε
903 2005 948 2049 in
970 2006 1151 2050 tristitiis
1169 2007 1268 2051 edes
1297 2007 1418 2053 illam

26 2084 48 2120 11
82 2084 233 2122 omnes
256 2076 459 2121 dies‘vitae
481 2085 591 2120 tuae:
613 2077 754 2136 spinas
771 2085 814 2120 ct
831 2075 1016 2120 tribulos
1039 2077 1299 2135 germinabit
1312 2080 1413 2138 tibi3

26 2165 49 2190 11
82 2156 126 2192 et
146 2147 250 2191 edes
273 2146 447 2191 foenum
471 2147 576 2206 agri.
609 2150 661 2191 In
687 2145 845 2191 sudore
873 2145 997 2191 faciei
1028 2156 1116 2191 tuae
1142 2147 1242 2192 edes
1259 2165 1418 2208 panem

26 2236 50 2261 11
83 2226 231 2274 tuum>5
253 2217 392 2263 donec
405 2218 671 2262 convertaris
691 2218 735 2260 in
757 2226 916 2262 terram
929 2254 939 2273 ‚
957 2234 1008 2262 ex
1022 2235 1108 2279 qua
1125 2229 1325 2280 sumptus
1346 2237 1411 2277 es,

26 2306 49 2332 11
82 2290 186 2350 quia
206 2296 322 2333 terra
348 2304 393 2333 es
404 2314 421 2345 ‚·
439 2297 483 2333 et
503 2288 549 2332 in
568 2297 728 2332 terram
755 2288 852 2333 ibis.
886 2292 943 2333 Et
966 2291 1136 2335 vocavit
1161 2291 1303 2336 Adam
1331 2309 1415 2338 no-

0 2396 2 2426 ?
27 2367 57 2402 11·
83 2372 186 2404 men
216 2358 409 2403 mulieris
436 2372 547 2413 suae,
574 2358 694 2413 Vita,
730 2359 938 2419 quoniam
961 2360 1055 2405 haec
1077 2371 1140 2406 est
1161 2372 1300 2407 mater
1317 2378 1414 2408 om-

0 2430 3 2471 h
28 2438 56 2472 5¹
83 2431 207 2475 nium
226 2429 482 2474 viventium.
507 2431 565 2473 Et
580 2427 683 2473 fecit
703 2429 912 2475 Dominus
929 2434 1042 2476 Deus
1071 2432 1212 2477 Adam
1240 2443 1284 2478 et
1315 2450 1416 2479 mu-

29 2520 58 2550 ),1
85 2501 180 2547 lieri
217 2502 308 2562 ejus
351 2501 518 2546 tunicas
556 2500 780 2560 pelliceas,
820 2511 864 2545 et
900 2501 1045 2546 induit
1086 2519 1173 2548 eos.
1214 2507 1271 2548 Et
1303 2504 1412 2550 dixit

0 2603 1 2607 η
31 2590 53 2615 11
87 2573 296 2619 Dominus
315 2575 428 2617 Deus
446 2591 454 2617 :
474 2575 587 2617 Ecce
604 2570 744 2616 Adam
760 2571 900 2617 factus
922 2582 985 2617 est
998 2582 1206 2633 tanquam
1229 2590 1342 2619 unus
1359 2592 1412 2620 ex

1210 2648 1275 2685 33.
