1854 3219
339 256 394 283 DE
427 256 578 284 GENESI
610 252 665 282 An
697 252 938 295 LITTERAM,
973 256 1056 283 ΜΒ.
1092 256 1169 282 v11.
1358 241 1444 280 387

59 417 874 436 mmmmmwummmmwmwu

1088 416 1444 434 mmmmm

529 541 746 592 CAPUT
786 542 951 591 XVII.

141 685 208 734 In
213 687 414 749 faciem
433 688 639 735 hominis
658 703 748 734 cur
769 685 945 734 dicitur
963 685 1096 734 Deus
1116 685 1350 753 sufflasse.

111 824 280 869 XXIII.
313 827 509 870 Pnomnss
537 822 746 886 quoniam
778 839 876 885 pars
899 822 1066 869 cerebri
1090 822 1302 879 anterior,
1327 819 1447 866 unde

50 910 200 942 sensus
213 911 362 942 omnes
380 895 726 953 distribuuntur,
749 895 804 941 ad
824 895 1017 941 frontem
1035 894 1249 940 collocata
1272 903 1335 938 est
1347 929 1358 950 ‚
1377 901 1446 938 at-

49 983 136 1030 que
156 967 202 1012 in
220 964 330 1012 facie
351 977 454 1013 sunt
471 968 561 1030 ipsa
576 968 700 1014 velut
722 984 884 1028 organa
901 967 1136 1024 sentiendi,
1156 975 1337 1027 excepto
1351 975 1447 1010 tan-

51 1037 184 1099 gendi
204 1055 334 1085 sensu
352 1039 430 1101 qui
450 1056 528 1101 per
539 1049 682 1086 totum
699 1056 856 1101 corpus
879 1039 1146 1085 diffunditur
1165 1060 1176 1098 3
1201 1038 1278 1100 qui
1299 1047 1449 1083 tamen

52 1110 184 1155 etiam
215 1111 306 1172 ipse
339 1111 395 1156 ab
426 1110 578 1156 eadem
613 1111 819 1157 anteriori
848 1121 971 1172 parte
1002 1111 1170 1156 cerebri
1202 1108 1449 1154 ostenditur

51 1181 215 1227 habere
227 1183 344 1229 viam
360 1199 505 1240 suam,
527 1199 626 1245 quae
647 1193 858 1229 retrorsus
880 1199 957 1244 per
978 1183 1188 1228 verticem
1210 1191 1342 1242 atque
1357 1196 1450 1224 cer-

52 1253 193 1297 vicem
230 1253 287 1298 ad
316 1254 557 1299 medullam
591 1254 748 1315 spinae,
780 1253 835 1299 de
868 1271 956 1316 qua
985 1253 1279 1315 loquebamur
1315 1250 1449 1312 paulo

54 1333 178 1379 ante,
197 1323 453 1381 deducitur,
476 1325 596 1370 unde
617 1326 752 1370 habet
773 1326 927 1387 utiquc
955 1341 1129 1370 sensum
1160 1324 1206 1368 in
1227 1321 1450 1381 tangendo

52 1404 96 1439 et
116 1393 269 1451 facieS,
295 1397 407 1442 sicut
430 1406 573 1442 totum
598 1414 777 1458 corpus,
807 1399 994 1458 exceptis
1018 1397 1214 1443 sensibus
1243 1393 1447 1449 videndi,

52 1465 277 1523 audiendi,
295 1466 545 1523 olfaciendi,
574 1469 793 1527 gustandi,
819 1470 895 1531 qui
916 1470 962 1513 in
989 1468 1078 1514 sola
1096 1467 1207 1512 facie
1230 1465 1452 1527 praelocati

52 1547 182 1595 sunt,
205 1537 305 1583 ideo
322 1538 532 1599 scriptum
550 1537 758 1594 arbitror,
780 1539 938 1599 quod«
964 1544 1017 1582 In
1040 1539 1196 1582 faciem
1218 1542 1333 1581 Deus
1356 1534 1450 1580 suf—

55 1627 76 1650 »
111 1608 282 1653 flaverit
302 1608 471 1654 homini
494 1609 649 1653 flatum
670 1609 794 1665 vitae,
820 1624 922 1654 cum
944 1607 1084 1652 factus
1106 1616 1170 1652 est
1191 1608 1237 1651 in
1260 1607 1452 1651 animam

56 1697 77 1722 »
107 1679 265 1725 vivam.
295 1697 315 1722 »
343 1679 548 1725 Anterior
576 1680 740 1741 quippe
771 1696 869 1740 pars
896 1679 1123 1739 posteriori
1149 1677 1306 1723 merito
1330 1694 1450 1738 prae-

52 1751 259 1811 ponitur,
283 1751 386 1812 quia
405 1760 448 1795 et
464 1751 543 1796 ista
564 1751 702 1808 ducit,
720 1750 795 1796 illa
811 1751 1024 1812 sequitur,
1041 1760 1084 1794 et
1102 1750 1157 1795 ab
1175 1750 1256 1794 ista
1278 1765 1448 1805 sensus,

54 1821 110 1867 ab
132 1821 208 1868 issa
228 1831 373 1868 motus
390 1831 475 1879 est,
493 1821 607 1868 sicut
627 1821 858 1868 consilium
879 1821 1089 1882 praecedit
1111 1821 1345 1867 actionem.

54 1979 409 1998 mmmmm
413 1979 624 1997 mmmm
628 1980 1055 1997 ΜΜΜΜΜΜΛΛΜΜΜ
1059 1977 1449 1997 mmmmm

531 2101 750 2152 CAPUT
793 2103 982 2152 XVIII.

444 2246 565 2294 Tres
591 2245 846 2294 ventriculi
863 2247 1062 2294 cerebri.

114 2385 277 2430 XXIV.
307 2386 372 2430 ΕΤ
393 2385 603 2447 quoniam
624 2383 857 2445 corporalis
879 2393 1049 2440 motus,
1073 2383 1150 2445 qui
1172 2398 1347 2429 sensum
1373 2397 1442 2427 se-

55 2457 228 2517 quitur,
243 2455 334 2501 sine
355 2455 593 2502 intervallis
611 2465 861 2517 temporum
878 2455 1028 2501 nullus
1050 2465 1134 2511 est,
1156 2470 1280 2514 agere
1303 2463 1450 2499 autem

54 2525 281 2572 intervalla
306 2535 551 2587 temporum
570 2536 816 2587 spontaneo
838 2536 962 2570 motu
986 2526 1067 2571 nisi
1088 2541 1166 2587 per
1184 2524 1450 2585 adjutorium

57 2599 276 2644 memoriae
291 2614 382 2644 non
403 2599 597 2645 valemus
615 2619 626 2657 3
650 2598 751 2643 ideo
780 2607 866 2642 tres
889 2606 1101 2658 tanquam
1123 2594 1354 2640 ventriculi
1376 2610 1450 2640 ce-

1246 2668 1313 2706 25.
