1854 3219
392 244 446 271 DE
478 243 628 272 οΕΝΕει
662 242 716 270 An
749 242 989 280 L1TTEnAM,
1026 242 1108 269 Lm.
1144 241 1204 267 ιν.
1418 227 1498 265 281

121 310 205 356 Sed
221 308 283 354 illi
305 324 375 354 sex
393 309 483 353 dies
505 323 606 353 cum
623 308 784 368 quibus
799 307 870 352 vel
888 307 937 367 sin
960 306 1121 366 quibus
1142 303 1347 349 creaturis
1372 302 1504 346 creati

118 382 229 436 sint,
264 381 460 441 superior
486 379 719 438 Scripturae
742 387 901 423 sanctae
927 393 1067 422 sermo
1089 375 1267 420 indicat.
1294 373 1506 428 Quocirca

116 452 229 496 iniis
257 451 410 496 diebus
432 459 618 510 septem,
645 465 835 510 quorum
859 448 1019 508 species
1042 457 1145 491 nota
1169 446 1292 490 nobis
1315 454 1404 501 est,
1431 444 1508 505 qui

117 537 163 565 re
198 519 377 582 quidem
398 521 488 580 ipsa
510 529 803 580 praetereunt,
840 518 914 563 sed
944 518 1035 562 aliis
1067 515 1402 561 succedentibus
1425 531 1508 560 no-

116 592 233 636 mina
255 607 332 636 sua
353 590 547 652 quodam
578 589 710 635 modo
742 589 941 644 tradunt,
975 598 1023 632 ut
1048 588 1111 632 illi
1143 603 1216 632 sex
1246 586 1337 630 dies
1366 586 1510 630 nomi-

117 671 294 718 nentur,
320 662 521 707 novimus
544 677 696 707 eorum
719 661 848 722 primi
870 659 1049 722 quando
1071 660 1204 704 creati
1221 667 1324 703 sunt
1344 677 1352 702 :
1377 658 1511 717 septi-

117 750 240 779 mum
280 743 425 779 autem
464 733 580 778 diem
602 769 613 789 ‚
656 734 732 795 qui
773 733 950 778 nomine
990 733 1158 777 sabbati
1201 739 1506 790 nuncupatur,

119 807 298 869 quando
321 811 436 853 Deus
457 808 690 863 creaverit,
711 823 801 852 non
821 805 1034 852 videmus.
1061 809 1113 849 In
1139 805 1231 864 ipso
1254 804 1417 864 quippe
1441 803 1512 847 dic

120 895 210 924 non
227 878 330 924 fecit
356 876 545 939 aliquid,
577 879 664 924 imo
687 879 742 923 ab
765 879 823 923 eis
846 894 945 939 quae
975 893 1047 922 sex
1070 876 1225 921 diebus
1249 874 1436 930 fecerat,
1467 876 1514 918 in

119 949 274 994 eodem
295 948 366 994 die
385 950 571 1010 septimo
593 950 823 1011 requievit.
850 948 1083 1003 Quomodo
1107 963 1210 1006 ergo
1232 946 1447 1007 requievit
1469 946 1515 989 in

119 1020 213 1076 die,
239 1035 373 1081 quem
396 1035 487 1065 non
508 1021 700 1065 creavit?
723 1024 813 1065 Aut
835 1019 1058 1081 quomodo
1081 1034 1183 1063 eum
1204 1028 1302 1078 post
1328 1033 1400 1062 sex
1424 1015 1515 1061 dies

119 1092 330 1137 continuo
362 1092 551 1148 creavit,
588 1108 690 1137 cum
718 1102 837 1137 sexto
866 1093 937 1137 die
969 1090 1336 1136 consummaverit
1370 1089 1515 1134 omnia

119 1178 220 1223 quae
240 1163 401 1207 creavit
416 1198 428 1219 ,
454 1178 535 1207 nee
551 1162 720 1224 aliquid
743 1163 928 1223 septimo
951 1162 1021 1206 die
1044 1162 1282 1216 creaverit,
1307 1161 1383 1205 sed
1402 1161 1447 1204 in
1466 1175 1517 1204 eo

119 1233 265 1294 potius
279 1233 335 1278 ab
353 1233 576 1290 omnibus,
596 1250 696 1294 quae
715 1243 958 1289 creaverat,
984 1233 1272 1294 requieverit?
1291 1235 1359 1276 An
1376 1246 1517 1275 unum

119 1303 434 1349 tantummodo
452 1303 568 1348 diem
587 1305 750 1349 creavit
767 1308 897 1360 Deus,
917 1314 969 1349 ut
985 1309 1075 1360 eJus
1098 1304 1356 1364 repetitione
1369 1302 1515 1357 multi,

119 1375 199 1436 qui
221 1374 434 1420 dicuntur
454 1374 570 1431 dies,
594 1376 868 1435 praeterirent
889 1385 1020 1436 atque
1047 1383 1412 1431 transcurrerent3
1438 1389 1518 1418 nec

123 1461 233 1506 opus
266 1455 359 1490 erat
392 1455 443 1490 ut
473 1447 708 1505 septimum
740 1446 857 1491 diem
890 1456 1077 1502 crearet,
1110 1447 1212 1507 quia
1244 1444 1359 1490 illius
1387 1459 1519 1505 quem

119 1524 356 1572 creaverat,
380 1516 562 1576 septima
585 1516 786 1576 repetitio
803 1517 923 1562 hunc
941 1518 1094 1579 utique
1112 1517 1333 1562 faciebat?
1355 1518 1519 1560 Lucem

119 1587 284 1648 quippe
305 1587 362 1632 de
390 1603 478 1648 qua
505 1588 718 1649 seriptum
740 1597 804 1633 est
827 1608 836 1633 :
867 1608 885 1630 «
911 1592 970 1634 Et
991 1590 1100 1634 dixit
1126 1592 1269 1634 Deus:
1295 1588 1394 1632 Fiat
1414 1586 1515 1642 lux,

122 1679 143 1702 «
177 1668 222 1704 et
239 1659 354 1705 facta
374 1670 434 1704 est
454 1659 531 1704 lux
545 1662 577 1716 ¹,
595 1678 615 1701 >›
642 1659 844 1706 discrevit
861 1676 885 1705 a
903 1661 1117 1715 tenebris,
1139 1675 1322 1720 eamque
1343 1658 1518 1703 vocavit

119 1729 258 1786 diem,
278 1739 322 1774 et
336 1729 536 1775 tenebras
553 1732 724 1776 vocavit
745 1741 936 1776 noctem.
961 1734 1082 1776 Tunc
1100 1731 1249 1791 itaque
1267 1733 1382 1775 Deus
1401 1728 1518 1773 diem

120 1801 247 1857 fecit,
285 1803 409 1862 cujus
446 1802 750 1862 repetitionem
784 1804 1007 1863 Scriptura
1045 1801 1237 1863 appellat
1275 1801 1518 1846 secundum

120 1871 237 1915 diem
251 1907 262 1927 ,
287 1871 446 1917 deinde
462 1873 641 1917 tertium
655 1908 666 1928 ‚
688 1883 731 1918 et
750 1889 888 1934 usque
910 1873 967 1918 ad
982 1882 1152 1918 sextum
1168 1909 1179 1926 ‚
1205 1889 1294 1933 quo
1317 1888 1520 1917 consum-

120 1942 256 1987 mavit
288 1945 403 1988 Deus
436 1959 567 2004 opera
598 1960 674 1989 sua
708 1963 717 1989 ε
749 1953 880 2006 atque
914 1944 1016 1988 inde
1053 1943 1168 1988 illius
1197 1943 1283 1988 dici
1317 1944 1520 2003 primitus

121 2012 253 2056 creati
280 2013 463 2073 septima
497 2015 697 2074 repetitio
730 2015 901 2075 septimi
934 2015 1020 2059 diei
1049 2030 1212 2059 nomen
1244 2015 1436 2074 accepit,
1472 2015 1520 2058 in

123 2099 212 2144 quo
229 2085 442 2145 requievit
457 2089 586 2130 Deus.
603 2089 665 2131 Ac
682 2102 760 2146 per
778 2087 863 2131 hoc
878 2086 999 2131 nulla
1015 2096 1211 2131 creatura
1229 2095 1294 2130 est
1308 2087 1518 2146 septimus

124 2152 215 2196 dies
232 2188 242 2208 ‚
275 2154 357 2198 nisi
379 2155 530 2199 eadem
562 2156 653 2216 ipsa
675 2157 830 2216 septies
865 2156 1037 2202 rediens
1053 2194 1064 2213 ‚
1099 2173 1200 2218 quse
1222 2155 1397 2201 condita
1430 2166 1515 2212 est,

125 2223 304 2284 quando
336 2226 508 2271 vocavit
539 2230 654 2272 Deus
682 2227 827 2273 lucem
857 2228 999 2286 diem,
1035 2239 1078 2275 et
1112 2229 1314 2274 tenebras
1348 2229 1519 2274 vocavit

127 2304 318 2341 noctem.

177 2398 187 2415 ¹
207 2394 285 2426 Gen.
304 2404 330 2436 1,
349 2392 383 2428 3.
