1854 3219
344 227 399 256 m:
431 226 582 255 Geni-:51
613 224 668 253 An
699 223 948 265 mmmmm,
983 227 1065 253 Lus.
1102 227 1133 252 1.
1350 214 1430 252 187

49 295 212 355 spicas,
237 301 282 337 et
302 291 458 337 tandiu
475 305 644 336 versare
665 290 886 346 manibus,
908 290 1202 351 contritasque
1216 303 1403 350 purgare
1419 324 1431 344 ,

49 365 188 412 donec
210 363 266 409 ad
286 378 426 409 escam
437 361 708 423 perveniant.

47 518 756 539 MWWMMWWWWWWQW
952 516 1390 535 *mmmmm
1394 516 1430 533 W

548 653 765 704 CAPUT
810 653 950 702 XXI.

111 790 444 856 Quissructus
474 784 751 852 lzzijusmodi
770 785 1204 848 interpretationis,
1233 800 1332 844 qua
1362 784 1437 830 ni-

477 858 549 905 lzil
567 869 743 905 temere
765 858 1015 904 asseritur.

103 997 220 1041 XLI.
243 998 376 1042 DmET
398 995 574 1057 aliquis:
594 994 712 1050 Quid
733 1005 782 1040 tu
805 1004 924 1040 tanta
944 993 1101 1038 tritura
1118 991 1435 1036 dissertationis

0 1068 2 1114 ῐ
44 1067 204 1128 hujus?
221 1066 329 1127 quid
347 1082 584 1126 granorum
601 1066 788 1110 exuisti?
807 1064 915 1126 quid
937 1063 1206 1108 eventilasti?
1226 1064 1316 1107 Cur
1337 1077 1437 1122 pro—

0 1136 1 1192 l
43 1137 284 1199 pemodum
305 1138 352 1182 in
381 1137 696 1199 quaestionibus
725 1135 869 1180 adhuc
891 1135 1030 1179 latent
1052 1133 1226 1178 omnia?
1252 1132 1435 1177 Affirma

0 1193 1 1222 ³
44 1208 211 1270 aliquid
225 1224 404 1265 eorum,
425 1225 525 1270 quac
552 1208 692 1252 multa
716 1223 840 1268 posse
861 1205 1045 1265 intelligi
1068 1204 1329 1264 disputasti?
1351 1204 1433 1248 Cui

43 1279 286 1339 respondeo
318 1279 372 1322 ad
399 1295 500 1323 eum
521 1280 664 1339 ipsum
691 1293 761 1322 me
783 1278 931 1322 cibum
960 1277 1148 1321 suaviter
1169 1275 1430 1335 pervenisse,

43 1367 132 1412 quo
152 1349 285 1393 didici
312 1365 402 1393 non
419 1350 584 1392 haerere
615 1348 783 1392 homini
806 1349 851 1391 in
869 1345 1175 1407 respondendo
1194 1344 1434 1390 secundnm

42 1421 175 1466 fidem
188 1456 198 1476 ,
215 1419 336 1481 quod
352 1419 705 1479 respondendnm
725 1429 788 1464 cst
805 1419 1054 1463 hominibus
1076 1418 1152 1479 qui
1175 1417 1434 1462 calumniari

41 1492 162 1538 libris
183 1501 342 1537 nostrae
361 1490 508 1535 salutis
536 1491 764 1546 affectant,
786 1500 836 1534 ut
858 1489 1075 1550 quidquid
1098 1489 1178 1549 ipsi
1201 1488 1255 1532 de
1277 1496 1434 1546 natura

41 1579 187 1609 rerum
209 1562 436 1608 veracibus
461 1561 735 1606 documentis
766 1560 1063 1605 demonstrare
1086 1560 1333 1620 potuerint,
1361 1575 1433 1603 os-

28 1629 272 1680 tendamus
294 1633 450 1677 nostris
480 1632 654 1677 Litteris
676 1647 766 1676 non
787 1647 876 1676 esse
897 1623 1178 1675 contrarium.
1205 1629 1433 1690 Quidquid

42 1714 189 1750 autem
207 1703 262 1747 de
277 1702 550 1764 quibuslibet
571 1703 656 1747 suis
677 1702 978 1747 voluminibus
994 1702 1061 1746 his
1070 1701 1226 1745 nostris
1238 1701 1430 1755 Litteris,

40 1776 88 1821 id
109 1785 188 1831 est,
215 1774 440 1826 catholicae
459 1773 562 1818 fidei
580 1775 847 1818 contrarium
870 1772 1157 1832 protulerint,
1184 1781 1259 1815 aut
1288 1772 1433 1832 aliqua

39 1846 169 1890 etiam
193 1844 400 1890 facultate
424 1843 703 1889 ostendamus
720 1879 731 1899 ,
753 1853 828 1888 aut
849 1842 970 1886 nulla
986 1842 1260 1886 dubitatione
1284 1842 1434 1885 creda-

35 1932 133 1962 mus
155 1932 248 1961 esse
279 1916 554 1961 salsissimum
584 1935 593 1960 ι
626 1924 758 1975 atque
792 1915 851 1958 ita
883 1924 1108 1958 teneamus
1145 1912 1433 1957 Mediatorem

34 1996 238 2034 nostrum
252 2022 264 2043 ,
297 1988 343 2031 in
370 2002 459 2046 quo
491 1995 594 2031 sunt
622 2000 772 2030 omnes
807 1984 997 2029 thesauri
1040 1983 1262 2043 sapientiae
1301 1992 1433 2044 atque

33 2058 228 2113 scientiae
275 2054 521 2101 absconditi
534 2058 548 2082 ¹
566 2091 577 2112 ,
617 2065 668 2100 ut
699 2070 844 2116 neque
879 2053 999 2100 falsae
1033 2053 1323 2114 philosophiae
1363 2052 1432 2099 lo-

39 2128 256 2190 quacitate
277 2127 559 2183 seducamur,
581 2142 725 2187 neque
748 2125 868 2170 salsae
889 2125 1108 2184 religionis
1126 2125 1434 2185 superstitione

37 2208 290 2244 terreamur.
317 2201 376 2243 Et
393 2213 495 2242 cum
513 2196 681 2242 divinos
705 2197 859 2241 Libros
874 2195 1059 2256 legimus
1081 2196 1128 2240 in
1141 2205 1263 2240 tanta
1279 2195 1432 2240 multi-

33 2269 189 2315 tudine
207 2285 412 2315 verorum
423 2267 746 2323 intellectuum,
767 2268 843 2328 qui
857 2266 912 2311 de
933 2267 1083 2327 paucis
1104 2267 1245 2311 verbis
1269 2283 1432 2312 emun-

29 2349 103 2385 tur
119 2375 130 2395 ,
146 2349 190 2384 et
211 2340 398 2384 sanitate
420 2337 652 2383 catholicae
669 2337 772 2382 fidei
791 2338 1077 2394 muniuntur,
1103 2337 1149 2382 id
1160 2337 1435 2398 potissimum

35 2409 298 2466 deligamus,
323 2408 447 2470 quod
467 2418 638 2454 certum
662 2410 911 2468 apparuerit
946 2424 1048 2453 eum
1077 2409 1277 2464 sensisse,
1303 2424 1433 2469 quem

30 2477 215 2538 legimus
245 2495 253 2520 :
280 2479 314 2523 si
336 2488 485 2525 autem
499 2480 585 2525 hoc
606 2477 736 2534 latet,
762 2478 808 2523 id
825 2488 941 2524 certe
966 2479 1089 2539 quod
1112 2479 1436 2525 circumstantia

77 2582 87 2598 ¹
106 2575 221 2609 Goloss.
244 2587 288 2617 11,
307 2577 336 2609 3.
