1854 3219
341 197 396 225 DE
429 192 638 224 noenum
669 190 921 221 emusrmm
954 194 1036 221 Lm.
1073 193 1131 220 iv.
1371 179 1426 217 99

770 347 903 364 mm
907 344 1188 363 ΜΜνννἉΛΛΑΛΜΜ
1192 342 1430 360 ἋΝΚΜΜ·ἪἋΜ

488 455 703 507 CAPUT
739 457 932 504 XXIII.

168 600 425 669 Quomodo
449 597 823 648 z'ntemziscenda
856 598 1077 644 dictionis
1109 613 1306 662 genera.

103 743 201 787 LII.
227 743 440 786 Inmnnns‘r
460 738 577 783 enim
604 736 725 799 quod
748 750 882 796 genus
905 735 976 781 cui
1005 735 1152 796 generi
1174 735 1430 794 interpona-

43 821 137 868 tur,
160 810 231 856 vel
255 810 542 865 adhibeatur,
567 809 694 854 certis
715 817 760 852 et
780 807 1024 853 necessariis
1046 807 1165 852 locis.
1190 809 1300 852 Nam
1323 815 1367 850 et
1389 806 1435 850 in

43 881 196 942 grandi
218 897 374 942 genere
407 896 577 941 semper
605 888 680 925 aut
710 894 822 941 pene
847 894 1016 939 semper
1041 887 1281 939 temperata
1308 876 1436 922 decet

43 969 133 1000 esse
149 952 378 1014 principia.
399 954 459 998 Et
479 951 526 997 in
546 961 761 1013 potestate
784 961 848 996 est
869 951 1110 1013 eloquentis
1125 986 1136 1006 ,
1160 959 1212 994 ut
1231 947 1435 994 dicantur

44 1023 258 1072 nonnulla
279 1023 490 1070 submisse
517 1024 649 1069 etiam
669 1039 769 1085 quae
790 1032 967 1085 possent
990 1021 1212 1083 granditer
1239 1020 1348 1077 dici,
1386 1029 1439 1065 ut

44 1112 94 1142 ea
108 1111 211 1158 quae
227 1095 437 1141 dicuntur
454 1095 698 1155 granditer,
719 1110 771 1139 ex
783 1093 960 1139 illorum
982 1093 1090 1138 fiant
1111 1091 1435 1154 comparatione

45 1166 303 1227 grandiora,
327 1177 372 1212 et
405 1182 560 1212 eorum
590 1177 800 1228 tanquam
828 1166 995 1211 umbris
1021 1165 1303 1210 luminosiora
1334 1162 1437 1209 red-

45 1238 222 1285 dantur.
248 1242 298 1284 In
323 1253 606 1300 quocumque
628 1248 774 1282 autem
794 1253 952 1298 genere
974 1237 1121 1297 aliqua
1144 1237 1438 1298 quaestionum

43 1308 218 1355 vincula
245 1307 452 1355 solvenda
471 1318 595 1364 sunt,
621 1309 820 1353 acumine
842 1324 953 1369 opus
973 1317 1038 1353 est
1054 1344 1064 1364 ,
1087 1307 1211 1369 quod
1231 1307 1312 1352 sibi
1335 1307 1439 1351 sub-

44 1381 223 1426 missum
255 1395 392 1440 genus
425 1380 601 1441 proprie
632 1380 841 1425 vindieat.
885 1384 947 1425 Ac
975 1396 1054 1441 per
1082 1381 1166 1425 hoc
1201 1396 1253 1424 eo
1282 1395 1440 1439 genere

47 1450 265 1497 utendum
284 1460 350 1496 est
361 1460 406 1496 et
425 1451 473 1495 in
489 1449 582 1495 aliis
598 1449 771 1495 duobus
795 1451 1027 1510 generibus
1043 1487 1054 1505 ,
1081 1451 1259 1513 quando
1283 1451 1340 1495 eis
1357 1452 1453 1495 ista?

0 1537 1 1568 ἕ
46 1521 280 1568 incidunt:
313 1522 426 1567 sicut
458 1520 732 1567 laudandum
769 1521 935 1582 aliquid
966 1521 1037 1566 vel
1071 1521 1437 1583 vituperandum,

0 1587 3 1641 ¹:
46 1594 126 1639 ubi
161 1609 243 1639 nec
272 1592 495 1638 damnatio
524 1593 781 1654 cujusquam
810 1608 891 1637 nec
915 1592 1116 1638 liberatio
1133 1630 1143 1650 ,
1176 1609 1256 1638 nee
1287 1594 1342 1638 ad
1368 1610 1443 1638 ae-

1 1664 5 1712 ἶ
50 1664 213 1710 tionem
236 1663 482 1726 quamlibet
497 1665 683 1709 assensio
696 1664 959 1725 requiritur,
984 1665 1030 1708 in
1052 1681 1367 1726 quocumque
1355 1664 1440 1709 alio

4 1751 208 1795 genere
235 1735 472 1780 occurrerit
487 1769 498 1791 ,
530 1750 666 1794 genus
686 1734 987 1779 adhibendum
1007 1745 1051 1780 et
1071 1735 1445 1796 interponendum

0 1820 9 1863 ε;
50 1816 115 1852 est
139 1815 448 1867 temperatum.
480 1808 534 1850 In
561 1805 715 1865 grandi
744 1822 847 1866 ergo
877 1822 1034 1865 genere
1062 1808 1292 1852 inveniunt
1324 1807 1443 1852 locos

0 1871 10 1926 i

0 1939 11 2007 i

0 2009 14 2068 ιι

0 2081 16 2155 ‚ti

0 2145 17 2230 'i

0 2240 19 2284 ι

0 2308 21 2368 ἴε

2 2372 21 2388 Η

0 2386 21 2420 31

0 2429 23 2490 {2

21 2480 24 2496 λ

4 2498 23 2514 'i

51 1892 151 1922 suos
177 1877 268 1922 duo
298 1885 476 1932 caetera,
508 1884 552 1920 et
579 1876 625 1920 in
647 1876 860 1921 submisso
889 1876 1098 1921 similiter.
1135 1881 1444 1938 Temperatum

53 1956 200 1992 autem
222 1962 359 2006 genus
379 1960 471 1991 non
501 1945 682 2007 quidem
705 1962 896 2007 semper,
922 1946 997 1991 sed
1027 1956 1177 1992 tamen
1206 1947 1444 2009 aliquando

51 2018 262 2064 submisso
293 2016 483 2076 indiget,
508 2017 565 2072 si,
585 2026 637 2062 ut
662 2015 772 2073 dixi,
808 2017 1015 2078 quaestio,
1052 2020 1175 2079 eujus
1204 2018 1347 2064 nodus
1378 2028 1443 2064 est

51 2087 305 2144 solvendus,
335 2087 550 2144 incuirat,
581 2086 653 2133 vel
681 2088 860 2148 quando
892 2088 1133 2145 nonnulla,
1167 2106 1266 2151 quae
1302 2090 1445 2135 ornari

52 2169 257 2220 possent,
277 2159 376 2204 ideo
395 2174 486 2204 non
507 2167 734 2215 ornantur,
755 2159 832 2204 sed
848 2160 1062 2206 submisso
1075 2176 1141 2205 sel
1144 2176 1272 2206 mone
1289 2160 1448 2206 dieun-

52 2239 148 2287 tur,
180 2240 234 2276 ut
255 2228 521 2293 quibusdam
551 2230 676 2292 quasi
708 2231 812 2276 toris
840 2242 1199 2278 ornamentorum
1221 2233 1449 2294 praebeant

53 2301 388 2347 eminentiorem
430 2301 593 2347 locum.
633 2301 808 2347 Grande
847 2311 994 2347 autem
1028 2319 1164 2363 genus
1210 2313 1450 2365 temperata

55 2372 190 2418 dictio
211 2388 302 2418 non
325 2371 508 2434 requirit
538 2392 548 2418 ι
573 2371 629 2417 ad
654 2371 938 2420 delectandos
959 2374 1123 2435 quippe
1145 2375 1332 2432 animos,
1360 2390 1450 2420 non

58 2441 114 2488 ad
137 2442 376 2488 movendos
396 2443 491 2504 ipsa
506 2442 755 2502 suscipitur.
