1854 3219
334 181 388 207 m:
419 180 570 209 vasssr
602 179 658 208 An
689 180 931 221 L1TTERAM‚
967 184 1048 211 LIB.
1087 186 1164 212 ΧΠ.
1351 174 1435 214 575

57 338 746 361 mmmtwuvvwmmmmmmnxwu
750 345 819 361 mm
824 346 1152 363 munruuxutvnvu
1156 347 1295 364 mmmmm
1298 348 1365 364 mx
1370 348 1437 365 nm

567 462 790 509 CAPUT
827 465 930 510 Vll.

58 596 254 644 Genera
274 599 532 656 visionum,
556 600 825 660 corporale,
843 600 1075 660 spiritale,
1096 600 1432 647 intellectuale.

110 695 170 704 r·-
182 668 449 729 Corporale
462 672 659 731 proprie
681 681 727 716 et
746 671 994 717 translate.
1010 699 1064 706 —
1077 671 1309 732 Spiritale
1327 671 1436 733 plu-

112 739 244 785 ribus
258 739 428 785 modis.

111 878 230 920 XVI.
259 878 357 921 Hinc
379 885 481 920 sunt
501 876 582 920 tria
606 892 762 936 genera
783 878 1021 932 visionum,
1051 879 1105 922 de
1135 878 1295 939 quibus
1323 887 1366 922 et
1394 878 1440 922 in

51 947 346 1008 superioribus
382 947 502 992 libris
530 947 695 1009 aliquid
727 949 944 1004 diximus‚
986 949 1097 993 sicut
1129 966 1194 993 res
1219 949 1437 1009 postulare

44 1017 291 1073 videbatur,
307 1033 397 1062 non
411 1027 558 1062 tamen
570 1034 720 1063 eorum
733 1035 965 1063 numerum
978 1021 1412 1065 commemoravimus
1425 1040 1436 1076 3

45 1097 89 1133 et
106 1104 225 1134 nunc
242 1089 430 1134 breviter
451 1089 510 1133 eis
532 1089 760 1134 insinuatis
775 1126 785 1145 ,
807 1092 1015 1152 quoniam
1033 1101 1231 1150 suscepta
1253 1091 1438 1151 quaestio

44 1159 230 1218 flagitat,
253 1168 303 1204 ut
323 1158 378 1204 de
400 1160 466 1204 his
486 1158 708 1220 aliquanto
733 1161 910 1206 uberius
928 1161 1208 1216 disseramus,
1230 1161 1439 1205 debemus

43 1245 94 1275 ea
118 1230 244 1275 certis
267 1239 311 1275 et
337 1230 542 1289 congruis
570 1231 738 1290 signare
768 1232 1042 1287 nominibus,
1077 1248 1131 1277 ne
1160 1231 1329 1276 assidue
1351 1232 1436 1276 cir-

42 1300 370 1362 cumloquendo
397 1317 538 1346 moras
559 1301 782 1347 faciamus.
816 1304 1010 1348 Primum
1036 1320 1139 1363 ergo
1167 1302 1435 1363 appellemus

6 1426 7 1429 Ἴ
41 1372 267 1433 corporale
282 1407 294 1429 ,
313 1372 415 1433 quia
434 1388 512 1432 per
533 1389 690 1434 corpus
712 1375 949 1434 percipitur
965 1385 1009 1419 et
1029 1375 1222 1434 corporis
1239 1374 1435 1418 sensibus

39 1444 288 1489 exhibetur.
317 1444 569 1489 Secundum
587 1445 792 1505 spiritale,
807 1444 1025 1507 quidquid
1042 1446 1157 1490 enim
1172 1461 1328 1505 corpus
1347 1459 1435 1488 11011

39 1525 125 1571 est,
151 1525 194 1561 et
214 1524 364 1560 tamen
394 1515 562 1576 aliquid
590 1525 679 1572 est,
709 1518 802 1577 jam
830 1527 946 1562 reete
970 1519 1144 1577 spiritus
1173 1517 1360 1574 dicitur3
1390 1524 1433 1559 et

0 1598 1 1601 ’
40 1586 195 1647 utique
214 1602 305 1632 non
326 1595 390 1631 est
411 1601 568 1645 corpus
583 1621 595 1641 ‚
616 1587 814 1647 quamvis
831 1588 1003 1647 corpori
1025 1587 1173 1631 similis
1189 1588 1263 1640 sit,
1288 1587 1433 1645 imago

42 1657 231 1703 absentis
251 1657 446 1718 corporis
462 1692 473 1713 ‚
500 1673 581 1702 nec
602 1657 676 1702 ille
692 1658 783 1718 ipse
796 1659 978 1703 obtutus
996 1675 1085 1719 quo
1107 1659 1314 1703 cernitur.
1335 1660 1435 1702 Ter-

41 1729 154 1775 tium
174 1745 279 1774 vero
312 1728 638 1784 intellectuale,
671 1729 725 1774 ab
756 1729 1007 1787 intellectu3
1038 1730 1140 1790 quia
1170 1728 1385 1783 mentale,
1410 1744 1433 1772 a

0 1805 2 1810 ’
41 1811 212 1857 mente,
237 1803 328 1863 ipsa
353 1803 561 1849 vocabuli
594 1802 808 1856 novitate,
834 1800 962 1844 nimis
994 1799 1232 1844 absurdum
1262 1808 1351 1854 est,
1382 1807 1434 1843 ut

40 1869 252 1917 dicamus.
572 1914 580 1923 .

99 1945 243 1988 XVII.
271 1946 441 1989 Horum
461 1943 776 1989 vocabulorum
804 1942 1017 1986 rationem
1046 1944 1080 1985 si
1103 1939 1302 1985 subtilius
1326 1938 1428 1983 red-

42 2014 166 2071 dam,
198 2024 242 2060 et
261 2014 467 2075 prolixior
491 2024 535 2059 et
556 2013 801 2075 perplexior
828 2028 968 2057 sermo
990 2012 1071 2055 erit
1086 2047 1096 2066 ‚
1133 2026 1234 2055 cum
1255 2011 1339 2055 hoc
1360 2009 1431 2054 vel

41 2085 185 2141 nulla,
204 2085 275 2130 vel
294 2095 411 2131 certe
432 2102 522 2130 non
540 2094 660 2129 tanta
677 2084 905 2128 necessitas
931 2083 1085 2141 exigat.
1113 2082 1220 2126 Satis
1242 2090 1305 2125 est
1328 2095 1431 2139 ergo

41 2157 149 2202 seire
169 2157 393 2218 corporale
408 2157 573 2219 aliquid
585 2156 655 2201 vel
673 2155 845 2216 proprie
860 2155 960 2209 diei,
982 2169 1082 2198 cum
1101 2151 1155 2197 de
1176 2152 1431 2212 corporibus

41 2228 202 2287 agitur,
235 2227 306 2273 vel
336 2229 466 2273 etiam
494 2227 700 2272 translato
730 2225 967 2279 vocabulo,
999 2225 1110 2269 sicut
1141 2223 1309 2269 dictum
1331 2232 1423 2267 est:

46 2317 68 2343 «
101 2299 214 2353 Quia
249 2300 295 2344 in
321 2300 416 2360 ipso
447 2299 665 2344 inhabitat
699 2298 885 2343 hominis
920 2294 1149 2357 plenitudo
1182 2294 1427 2340 Divinitatis

44 2387 68 2414 »
101 2370 421 2432 corporaliter1.
449 2388 472 2414 »
494 2374 647 2431 Neque
672 2369 789 2414 enim
815 2368 1024 2414 Divinitas
1053 2382 1211 2426 corpus
1233 2374 1297 2410 est
1313 2401 1324 2420 ‚
1352 2364 1428 2409 sed

43 2442 147 2503 quia
166 2451 433 2489 sacramenta
457 2443 624 2488 Veteris
651 2439 915 2486 Testamenti
938 2437 1129 2499 appellat
1157 2437 1334 2482 umbras
1350 2434 1424 2480 fu-

92 2549 101 2565 ¹
122 2541 240 2575 Coloss.
267 2551 305 2583 11,
327 2542 359 2573 9.
